1759 3134
667 135 867 177 ΗοΜιιῐΑ
899 134 991 174 VII.
1483 139 1558 184 101

122 244 261 284 ‘ruisti
300 245 429 284 illa:“
477 246 518 287 id
560 259 640 296 est,
687 263 779 287 vasa
824 245 1167 298 glorificationis,
1214 265 1318 304 quae
1364 250 1404 289 in
1451 250 1566 292 idola

142 322 420 362 commutasti.

250 398 288 440 4.
331 398 549 454 Sequitur:
583 411 651 449 „et
671 399 709 453 ¹)
742 400 883 439 oleum
917 416 1073 450 meum,
1106 413 1147 441 et
1178 401 1393 443 incensum
1421 420 1563 444 meum

139 475 314 529 posuisti
355 488 448 516 ante
487 476 641 517 faciem
680 482 869 515 eorum.“
941 477 1159 533 Scriptura
1199 480 1376 520 docente
1416 480 1560 522 didici-

138 569 243 601 mus,
276 553 373 607 quia
401 565 640 593 sanctorum
671 551 805 592 oratio
837 553 890 592 sit
920 552 1150 595 incensum.
1198 555 1272 595 Ait
1304 556 1440 596 enim:
1474 557 1563 607 „in-

133 646 305 669 censum
330 631 371 685 ²)
404 641 543 670 autem
575 629 784 670 orationes
814 641 1055 671 sanctorum
1095 638 1232 672 sunt.“
1292 632 1339 674 Si
1372 649 1468 685 ergo
1500 634 1562 675 in—

132 706 268 746 stituti
307 708 358 747 ad
397 706 653 756 orationem,
692 723 788 746 cum
829 706 947 747 illam
976 708 1073 748 Deo
1122 709 1348 749 debeamus
1390 710 1560 759 offerre,

135 782 179 823 id
210 794 294 832 est,
333 784 429 824 Deo
469 783 570 835 legis
610 795 650 824 et
686 785 1014 840 prophetarum,
1055 784 1152 825 Deo
1185 785 1420 836 Abraham,
1462 785 1559 826 Deo

132 861 263 909 Isaac,
293 861 389 900 Deo
419 860 574 909 Jacob,
607 872 648 901 et
676 861 785 916 patri
814 862 915 902 Jesu
948 861 1124 910 Christi,
1167 862 1412 913 offerimus,
1453 879 1558 918 quae

132 937 212 992 ipsi
241 935 528 986 confinximus,
560 937 601 977 in
632 949 795 978 tantum
825 950 872 978 ut
904 938 1119 979 incensum
1149 939 1234 980 Dei
1264 956 1553 995 proponamus

132 1014 277 1063 idolis,
316 1014 491 1054 facimus
522 1014 587 1064 id,
629 1016 744 1070 quod
776 1015 930 1056 dicitur
958 1016 1000 1056 in
1031 1017 1260 1072 praesenti:
1305 1017 1486 1067 „oleum
1513 1017 1556 1072 ³)

130 1108 292 1140 meum,
334 1103 375 1131 et
413 1091 631 1132 incensum
669 1109 812 1132 meum
848 1093 1027 1148 posuisti
1057 1106 1151 1134 ante
1182 1094 1334 1135 faciem
1366 1101 1555 1135 eorum.“

129 1170 286 1209 Verum
326 1169 401 1209 iste
443 1170 494 1209 de
528 1168 699 1209 incenso
732 1169 785 1209 sit
814 1169 1067 1210 intellectus.
1130 1170 1248 1224 Quid
1278 1172 1554 1227 respondebi-

130 1263 220 1286 mus
251 1247 302 1285 de
332 1246 463 1287 oleo?
510 1246 668 1287 Oleum
701 1257 773 1295 est,
805 1262 890 1301 quo
916 1245 979 1286 vir
1000 1259 1162 1288 sanctus
1193 1248 1374 1301 ungitur,
1407 1249 1551 1289 oleum

129 1323 306 1372 Christi,
349 1324 490 1364 oleum
531 1334 693 1364 sanctae
727 1322 954 1364 doctrinae.
1016 1324 1124 1366 Cum
1154 1341 1254 1377 ergo
1286 1324 1449 1380 accepit
1478 1325 1554 1365 ali-

129 1400 218 1456 quis
249 1401 330 1440 hoc
362 1401 527 1449 oleum,
569 1416 652 1455 quo
686 1399 853 1450 ungitur
881 1411 1068 1449 sanctus,
1109 1400 1152 1441 id
1185 1413 1267 1451 est,
1301 1402 1551 1457 scripturam

124 1493 282 1516 sacram
304 1475 346 1531 ⁴²)
395 1476 680 1517 instituentem
728 1477 946 1531 quomodo
997 1489 1192 1532 oporteat
1244 1478 1452 1534 baptizari
1506 1479 1548 1518 in

123 1553 293 1593 nomine
324 1553 471 1604 Patris,
503 1565 545 1594 et
573 1552 690 1603 Filii,
722 1564 763 1592 et
793 1552 975 1608 Spiritus
1007 1554 1158 1595 sancti:
1195 1567 1240 1595 et
1268 1572 1400 1610 pauca
1435 1572 1550 1596 com—

124 1643 286 1671 mutans
318 1631 481 1671 unxerit
513 1629 779 1685 quempiam,
819 1641 860 1669 et
897 1632 1216 1685 quodammodo
1257 1632 1426 1681 dixerit,
1466 1633 1548 1690 jam

121 1724 206 1748 non
246 1724 290 1748 es
330 1708 670 1756 catechumenus,
720 1717 968 1747 consecutus
1007 1723 1049 1748 es
1089 1708 1302 1748 lavacrum
1342 1710 1548 1750 secundae

123 1784 420 1837 generationis:
461 1783 555 1824 talis
586 1785 715 1823 homo
748 1782 911 1838 accepit
935 1785 977 1839 ⁵)
1012 1785 1155 1824 oleum
1185 1785 1290 1835 Dei,
1336 1797 1377 1826 et
1407 1786 1550 1827 incen—

123 1880 237 1911 sum,
275 1874 314 1902 et
342 1860 465 1917 ponit
493 1861 602 1900 illud
632 1871 726 1900 ante
757 1860 908 1900 faciem
938 1860 1168 1901 idolorum.
1231 1863 1323 1912 „Et
1348 1863 1392 1918 ⁶)
1421 1879 1549 1918 panes

120 1955 238 1979 meos
270 1954 374 1993 quos
405 1937 503 1977 dedi
532 1936 624 1986 tibi,
656 1936 806 1987 simila,
840 1948 879 1977 et
910 1938 1063 1987 melle,
1097 1951 1137 1980 et
1168 1940 1267 1980 oleo
1301 1939 1435 1980 cibavi
1466 1947 1549 1980 te.“

119 2016 230 2056 Ecce
268 2031 396 2070 panes
433 2013 566 2054 nostri
596 2013 732 2055 simila
762 2014 1035 2056 mundissima
1067 2016 1111 2056 in
1144 2015 1398 2072 Scripturis,
1441 2028 1482 2056 et
1503 2015 1546 2072 7)

122 2093 248 2133 mella
286 2108 413 2147 apum
453 2092 769 2147 prophetarum.
830 2092 914 2132 Ista
946 2092 1087 2133 omnia
1119 2092 1236 2133 dedit
1264 2092 1388 2133 nobis
1418 2093 1550 2141 Deus,

120 2181 162 2210 et
195 2169 348 2210 cibavit
375 2185 452 2209 nos
483 2169 536 2209 de
566 2169 744 2224 panibus
774 2168 1101 2224 prophetarum,
1142 2181 1183 2210 et
1223 2170 1273 2209 de
1313 2168 1452 2209 simila
1492 2170 1546 2209 le-

242 2365 280 2420 ¹)
311 2365 460 2405 Ezech.
493 2366 609 2416 XVI,
642 2365 705 2409 18,
825 2366 870 2421 2)
902 2365 988 2406 Cfr.
1022 2366 1198 2421 Apocal.
1232 2367 1282 2416 V,
1312 2366 1353 2409 8.

241 2433 283 2488 3)
312 2433 463 2475 Ezech.
494 2435 611 2485 XVI,
643 2434 705 2478 18.
827 2435 869 2491 ⁴)
900 2435 1008 2476 Edd.
1041 2436 1236 2476 NIerlini:
1271 2448 1469 2477 sanctam.

243 2503 283 2556 ⁵)
314 2503 391 2544 Ed.
422 2505 473 2545 R.
505 2505 616 2545 sola:
649 2503 814 2560 accipit.
935 2504 979 2560 6)
1010 2506 1162 2549 Ezech.
1192 2506 1309 2555 XVI,
1343 2505 1408 2548 19.

243 2574 282 2627 7)
322 2573 372 2613 R.
414 2572 455 2612 in
493 2574 625 2615 notis:
667 2575 882 2626 „Catenae
913 2575 1013 2615 NIss.
1058 2578 1182 2618 Me'm
1228 2574 1286 2619 ἂν
1320 2578 1553 2632 μελισσῶν

125 2648 238 2688 εἰσιν
271 2647 317 2685 αἱ
348 2645 395 2686 ἐκ
428 2645 517 2686 τῶν
546 2648 797 2702 προφητῶν
822 2650 1008 2699 θεωρίαι
1036 2648 1227 2689 καὶτῶν
1256 2645 1554 2701 εὐαγγελίων·

125 2714 380 2770 σεμίδαλις,
425 2715 472 2755 αἱ
519 2713 569 2756 ἐκ
607 2716 697 2757 τῶν
737 2716 933 2758 ἐντολῶν
971 2714 1178 2773 πράξεις,
1226 2718 1441 2759 ποιοῦσαι
1481 2712 1559 2756 τὸν

128 2779 265 2840 ἄρτον
296 2782 376 2838 τὴν
407 2785 602 2842 καρδίαν
633 2782 899 2842 ἀνθρώπου.
968 2788 1121 2828 Ταῦτα
1162 2786 1461 2830 ἀντιτιθέασιν
1492 2788 1558 2829 εἰ-

127 2851 303 2909 δώλοις,
340 2856 382 2898 οἱ
414 2855 464 2898 ἐν
495 2851 699 2913 δόγμασι
730 2857 805 2898 καὶ
834 2853 1060 2912 πράξεσιν
1089 2853 1478 2915 ἁμαρτάνοντες.“
