1759 3134
234 117 317 162 100
650 117 871 159 Omossms
903 129 946 159 m
977 117 1274 160 Ezsscumtnm

238 248 316 288 per
358 228 721 271 conversationem
764 230 988 286 pessimam
1039 230 1305 273 clericorum.
1389 234 1562 287 Omnia,
1613 250 1658 278 ut

240 309 441 358 diximus,
486 307 680 349 diabolus
724 320 945 363 operatur,
989 319 1028 348 et
1074 325 1142 359 ea,
1189 326 1294 365 quae
1338 310 1530 352 videntur
1572 330 1660 354 esse

238 390 363 437 hona,
392 401 470 426 nec
499 397 608 436 sunt,
639 397 679 426 et
710 402 769 436 ea,
800 402 904 441 quae
935 403 1012 441 per
1043 397 1231 426 naturam
1261 404 1378 427 suam
1408 389 1516 429 mala
1542 402 1658 430 sunt:

242 464 382 504 omnia
410 464 630 504 adversum
660 463 881 504 humanam
922 476 1231 504 commentatur
1270 465 1463 506 animam.
1524 466 1660 517 Unde,

243 542 315 598 qui
347 558 488 582 curam
517 541 642 581 habet
674 541 780 582 vitae
812 558 930 591 suae,
969 558 1105 597 neque
1134 542 1454 583 mansuetudine
1485 543 1663 584 haereti-

241 636 390 661 corum
421 618 596 675 capitur,
627 620 680 659 ad
711 620 1057 660 consentiendum
1085 619 1300 660 doctrinae
1333 636 1494 670 eorum,
1524 637 1660 676 neque

241 698 345 738 meis
376 696 563 746 delictis,
605 695 677 751 qui
707 696 856 737 videor
887 697 929 737 in
961 697 1136 738 ccclesia
1165 697 1431 753 praedicare,
1460 698 1663 738 scandali*-

238 775 420 825 zabitur,
453 774 527 814 sed
556 772 696 828 ipsum
727 774 880 826 dogma
911 776 1202 825 considerans,
1240 787 1281 815 et
1311 786 1566 830 pertractans
1597 791 1662 814 ec-

240 851 390 892 clesiae
419 851 570 900 fidem,
608 867 630 891 a
670 867 737 891 me
771 851 942 907 quidem
973 853 1252 902 aversabitur,
1295 851 1530 892 doctrinam
1561 868 1663 892 vero

238 928 437 984 suscipiet
466 928 698 969 secundum
726 942 1001 985 praeceptum
1019 930 1210 980 Domini,
1241 930 1313 986 qui
1343 928 1419 969 ait:
1450 945 1603 984 „super
1623 929 1662 983 ¹)

237 1006 476 1046 cathedram
514 1005 648 1046 NIosis
690 1007 888 1047 sederunt
919 1008 1091 1049 Scribae
1138 1020 1179 1049 et
1208 1007 1431 1049 Pharisaei.
1508 1006 1663 1048 Omnia

237 1099 510 1140 quaecunque
550 1083 669 1122 vobis
710 1083 875 1134 dicunt,
915 1086 1078 1135 audite,
1121 1097 1162 1126 et
1199 1085 1347 1136 facite3
1392 1084 1504 1141 juxta
1535 1100 1664 1139 opera

236 1172 377 1200 autem
415 1160 591 1199 illorum
630 1159 764 1200 nolite
802 1162 961 1202 facere:
1003 1163 1149 1202 dicunt
1189 1162 1369 1217 quippe,
1410 1174 1451 1202 et
1488 1179 1574 1202 non
1604 1163 1665 1202 fa-

238 1238 392 1278 ciunt.“
451 1237 533 1277 Iste
564 1253 703 1276 sermo
736 1239 787 1277 de
817 1253 885 1278 me
919 1250 1002 1288 est,
1049 1238 1120 1293 qui
1145 1240 1258 1278 bona
1289 1239 1450 1287 doceo,
1492 1250 1532 1278 et
1565 1254 1664 1278 con-

234 1314 361 1356 traria
391 1329 514 1366 gem,
556 1325 597 1354 et
634 1331 728 1354 sum
768 1316 915 1355 sedens
955 1331 1082 1371 super
1112 1315 1353 1356 cathedram
1382 1316 1516 1356 Mosis
1549 1315 1665 1370 quasi

237 1392 385 1435 Scriba
417 1403 458 1431 et
487 1390 745 1432 Pharisaeus.
804 1392 1084 1448 Praeceptum
1116 1392 1193 1432 tibi
1227 1404 1308 1442 est,
1351 1409 1376 1433 o
1406 1393 1591 1449 popule,
1629 1393 1661 1433 si

236 1486 325 1511 non
353 1467 549 1509 habueris
580 1469 887 1510 accusationem
919 1470 1134 1511 doctrinae
1165 1469 1395 1524 pessimae,
1431 1482 1471 1510 et
1503 1470 1664 1511 alieno-

237 1565 333 1588 rum
370 1548 422 1587 ab
454 1545 630 1586 ecclesia
661 1547 928 1598 dogmatum,
974 1547 1240 1602 conspexeris
1272 1563 1372 1587 vero
1404 1564 1543 1588 meam
1575 1548 1662 1588 cul-

235 1623 424 1680 pabilem
454 1622 608 1671 vitam,
638 1634 762 1678 atque
795 1635 979 1678 peccata,
1009 1635 1056 1664 ut
1085 1640 1172 1664 non
1202 1624 1352 1664 habeas
1381 1623 1494 1681 juxta
1524 1624 1664 1665 dicen-

235 1700 288 1741 tis
326 1699 476 1749 vitam,
519 1710 635 1740 tuam
675 1699 914 1750 instituere,
962 1701 1034 1741 sed
1080 1717 1128 1741 ea
1165 1701 1303 1741 facere
1345 1716 1449 1756 quae
1495 1701 1663 1756 loquor.

236 1777 416 1819 Nullum
445 1775 681 1826 imitemur,
713 1788 753 1816 et
784 1776 818 1817 si
848 1777 1046 1818 volumus
1077 1776 1233 1818 imitari
1266 1777 1528 1833 quempiam,
1564 1795 1665 1833 pro—

234 1853 399 1910 positus
430 1865 491 1910 est
517 1854 640 1894 nobis
673 1855 725 1894 ad
755 1854 1006 1894 imitandum
1038 1854 1226 1896 Christus
1255 1856 1387 1896 Jesus.
1447 1854 1661 1911 Descripti

237 1943 333 1972 sunt
373 1942 487 1971 actus
516 1930 850 1986 Apostolorum,
893 1943 934 1971 et
971 1932 1277 1986 prophetarum
1313 1944 1427 1985 gesta
1456 1934 1508 1973 de
1538 1932 1665 1973 sacris

234 2007 522 2048 voluminibus
550 2007 833 2059 agnoscimus:
866 2007 975 2048 illud
1005 2009 1221 2064 exemplar
1247 2009 1417 2050 firmum
1444 2020 1518 2059 est,
1551 2009 1660 2049 illud

232 2083 502 2138 propositum
538 2083 743 2134 solidum,
789 2085 906 2140 quod
943 2084 1015 2139 qui
1056 2086 1175 2141 sequi
1208 2087 1349 2142 cupit,
1389 2102 1558 2127 securus
1598 2087 1662 2126 in-

232 2159 433 2212 greditur.
492 2159 539 2201 Si
576 2177 676 2202 vero
719 2161 955 2217 quaerimus
993 2162 1115 2203 nohis
1157 2163 1389 2219 culpabiles
1427 2164 1480 2204 ad
1518 2179 1659 2204 aemu—

233 2235 426 2286 landum,
456 2248 503 2277 ut
533 2254 630 2278 cum
660 2238 871 2289 dicamus,
899 2237 974 2278 ille
1005 2239 1152 2289 docet,
1184 2252 1225 2280 et
1255 2240 1339 2291 his,
1381 2257 1486 2297 quae
1520 2242 1658 2292 docet,

233 2312 335 2353 facit
370 2313 460 2369 ipse
502 2315 730 2364 contraria,
769 2316 991 2357 adversum
1031 2328 1306 2371 praeceptum
1339 2318 1519 2359 Domini
1559 2318 1660 2359 faci-

234 2405 348 2439 mus,
388 2391 458 2446 qui
487 2392 716 2432 ‘mandavit
746 2392 955 2433 doctrinas
985 2392 1279 2445 magistrorum
1309 2395 1437 2447 magis
1469 2396 1659 2436 conside—

232 2466 315 2507 rari
346 2467 499 2508 debere
531 2485 656 2525 quam
689 2468 803 2511 vitas.
865 2469 980 2510 Haec
1012 2469 1189 2510 dicimus
1221 2471 1273 2511 de
1306 2487 1381 2521 eo,
1415 2474 1529 2527 quod
1559 2473 1660 2514 scri—

230 2554 353 2597 ptum
386 2556 462 2585 est:
495 2545 720 2601 „accepisti
735 2547 776 2600 ²)
809 2557 966 2587 vestem
996 2558 1111 2587 tuam
1140 2548 1455 2599 versicolorem,
1489 2561 1528 2589 et
1555 2565 1657 2604 ope-

344 2724 386 2778 3)
417 2725 565 2766 Matth.
597 2727 760 2778 XXIII,
787 2727 825 2770 2.
858 2726 894 2770 3.
930 2751 979 2758 --
1012 2728 1121 2770 Edd.
1144 2729 1336 2772 Merlini:
1370 2730 1511 2772 omnia
1541 2730 1652 2771 enim

230 2795 502 2837 quaecunque
534 2793 612 2824 etc.

339 2849 382 2907 2)
416 2851 502 2893 Cfr.
534 2851 687 2894 Ezech.
717 2853 833 2904 XVI,
869 2853 935 2898 18.
