1759 3134
700 118 840 160 LmER
872 118 924 158 ΙΙ.
1444 116 1524 161 421

99 244 366 289 mentemque
405 242 651 279 revocetur,
694 240 911 282 argentum
952 244 1050 268 vero
1093 229 1144 269 ad
1187 229 1364 268 verbum
1401 239 1526 284 atque

99 309 267 366 eloquia
296 307 529 349 referatur?
571 307 694 347 Nunc
724 321 821 358 ergo
850 320 1129 360 properemus
1156 305 1208 346 ad
1236 304 1527 359 contemplan-

97 388 197 428 dum
219 417 229 436 ,
271 384 489 442 quomodo
520 383 751 424 secundum
783 398 850 431 ea,
900 397 1005 437 quae
1035 381 1352 437 praemisimus,
1402 381 1526 423 amici

96 462 238 520 sponsi
287 461 426 502 dicant
474 474 517 499 se
567 457 867 500 similitudines
907 457 996 499 auri
1034 458 1172 499 facere
1211 475 1389 514 sponsae
1429 474 1525 499 cum

103 537 440 582 distinctionibus
464 535 636 589 argenti.
681 535 862 576 Videtur
888 550 986 587 ergo
1014 532 1132 583 mihi,
1165 535 1280 590 quod
1307 535 1386 585 lex,
1418 551 1525 591 quae

94 634 172 675 per
189 616 357 669 angelos
379 613 580 671 disposita
606 623 666 653 est
685 611 728 652 in
743 629 871 653 manu
888 611 1147 662 mediatoris,
1180 611 1524 668 quandoquidem

96 695 287 735 umbram
319 693 469 734 habeat
507 691 750 731 futurorum
779 688 1075 744 bonorum¹),
1119 704 1208 729 non
1249 689 1384 745 ipsam
1422 689 1524 731 ima-

93 771 232 824 ginem
260 785 414 819 rerum,
447 779 488 809 et
511 782 782 824 quaecunque
808 767 1105 820 contingebant
1130 765 1228 817 illis,
1261 766 1333 823 qui
1354 766 1397 808 in
1431 767 1524 820 lege

93 849 345 898 referuntur,
376 847 419 888 in
446 845 577 898 figura
601 855 643 885 et
665 844 814 885 nonin
842 844 1016 885 veritate
1043 843 1354 896 contingebant,
1388 845 1523 901 ista2)

98 925 239 967 omnia
258 921 554 965 similitudines
584 920 674 961 auri
693 921 877 972 fuerunt,
907 938 994 963 non
1018 938 1164 963 aurum
1184 937 1342 963 verum.
1392 921 1524 976 Quod

93 1002 255 1044 scilicet
285 1017 431 1041 aurum
463 1015 611 1039 verum
640 997 683 1039 in
713 998 812 1049 illis,
844 1016 949 1056 quae
978 999 1232 1055 incorporea
1263 1010 1359 1040 sunt
1390 1010 1430 1039 et
1460 999 1522 1039 in-

91 1077 272 1120 visibilia
310 1094 356 1118 ac
395 1076 651 1133 spiritualia,
692 1075 968 1129 intelligatur:
1017 1075 1252 1117 similitudo
1285 1093 1386 1117 vero
1418 1077 1521 1128 auri,

94 1157 136 1198 in
170 1172 253 1213 quo
285 1170 372 1196 non
401 1165 461 1194 est
490 1154 581 1210 ipsa
612 1153 777 1203 veritas,
807 1155 880 1195 sed
911 1155 1061 1195 umbra
1092 1154 1290 1206 veritatis,
1320 1154 1398 1196 ista
1430 1156 1523 1196 cor—

93 1249 225 1291 porea
266 1244 306 1272 et
344 1231 525 1272 visibilia
576 1231 846 1287 accipiantur.
914 1231 1044 1273 Verbi
1092 1232 1240 1285 gratia,
1285 1233 1521 1274 similitudo

93 1311 185 1352 auri
216 1310 298 1350 fuit
327 1309 439 1351 istud
468 1309 787 1350 tabernaculum
829 1326 956 1350 manu
996 1310 1175 1360 factum,
1220 1311 1271 1350 de
1303 1327 1387 1366 quo
1421 1311 1524 1352 dicit

95 1389 349 1445 Apostolus:
399 1388 575 1443 ‚,non'·3)
609 1386 719 1427 enim
759 1387 801 1428 in
823 1382 981 1428 'sancta
1017 1403 1145 1427 manu
1182 1388 1291 1427 facta
1331 1387 1523 1429 introivit

101 1468 222 1508 Jesus
256 1465 511 1521 exemplaria
542 1480 754 1513 verorum,
785 1465 860 1505 sed
890 1465 931 1504 in
964 1464 1103 1520 ipsum
1135 1465 1347 1505 coelum.“
1407 1465 1521 1517 Ergo

98 1561 201 1601 quae
240 1543 283 1584 in
328 1543 457 1584 coelis
496 1554 592 1584 sunt
637 1541 867 1583 invisibilia
906 1554 947 1582 et
993 1541 1266 1598 incorporea,
1314 1541 1388 1583 illa
1426 1554 1523 1583 sunt

97 1639 211 1664 vera:
241 1622 319 1663 ista
349 1632 502 1671 autem,
536 1636 638 1676 quae
670 1619 712 1660 in
743 1619 866 1660 terris
898 1618 1050 1674 sunt⁴)
1082 1619 1263 1661 visibilia
1296 1631 1335 1660 et
1367 1637 1520 1676 corpo-

95 1718 186 1751 rea,
233 1698 487 1755 exemplaria
527 1714 726 1739 verorum
757 1697 953 1738 dicuntur
994 1713 1103 1747 esse,
1147 1714 1234 1738 non
1265 1713 1374 1738 vera.
1436 1699 1521 1739 Ista

94 1795 192 1832 ergo
212 1778 251 1834 ⁵)
285 1788 402 1826 sunt,
449 1792 554 1832 quae
584 1775 880 1817 similitudines
910 1775 1000 1816 auri
1029 1776 1318 1832 appellantur:
1352 1775 1394 1816 in
1427 1775 1519 1832 qui-

92 1859 170 1899 bus
201 1867 262 1897 est
293 1867 334 1896 et
363 1870 457 1896 arca
486 1854 724 1895 testamenti
755 1866 796 1896 et
823 1853 1184 1910 propitiatorium,
1216 1865 1257 1894 et
1275 1853 1519 1904 Cherubim,

96 1946 136 1976 et
166 1934 296 1975 altare
327 1932 499 1982 incensi,
531 1944 572 1972 et
602 1948 746 1974 mensa
774 1931 1094 1989 propositionis,
1126 1943 1167 1972 et
1195 1948 1337 1989 panes,
1371 1933 1445 1974 sed
1476 1944 1518 1973 et

92 2013 305 2062 velamen,
346 2023 387 2051 et
418 2011 641 2052 columnae
672 2027 719 2052 ac
749 2026 887 2061 serae,
928 2022 968 2050 et
998 2011 1126 2055 altare
1156 2010 1517 2060 holocaustorum,

94 2102 133 2131 et
164 2089 303 2146 ipsum
343 2090 575 2145 templum,
623 2100 746 2145 atque
793 2087 955 2139 omnia,
1006 2105 1111 2144 quae
1150 2087 1193 2128 in
1233 2089 1324 2141 lege
1365 2088 1519 2145 scripta

94 2178 201 2208 sunt.
249 2166 403 2208 Omnia
433 2168 534 2209 haec
564 2166 859 2209 similitudines
891 2177 1007 2207 erant
1036 2165 1137 2207 auri.
1189 2166 1276 2207 Sed
1307 2177 1349 2206 et
1378 2165 1518 2222 ipsum

94 2260 240 2285 aurum
269 2243 448 2296 visibile,
479 2262 558 2302 pro
591 2261 656 2297 eo,
689 2246 804 2302 quod
830 2244 996 2286 visibile
1026 2255 1126 2295 erat,
1156 2259 1244 2285 non
1264 2255 1352 2286 erat
1368 2260 1517 2286 aurum

93 2338 264 2370 verum,
309 2324 382 2363 sed
431 2323 665 2364 similitudo
716 2334 803 2364 erat
851 2322 964 2364 illius
1011 2322 1098 2364 veri
1142 2322 1232 2364 auri
1284 2321 1519 2364 invisibilis.

214 2535 253 2590 ¹)
283 2534 391 2576 Edd.
411 2535 471 2576 M.
497 2535 736 2585 „bonorum
767 2533 956 2576 omnium
987 2533 1121 2591 ipsam
1152 2534 1404 2589 ἰηιῑιςὶῐιέὶῑῐιιι
1436 2545 1514 2576 etc.

209 2606 252 2662 2)
282 2605 391 2646 Edd.
422 2605 483 2646 M.
516 2605 692 2655 „omnia
722 2604 811 2646 ista.
824 2611 849 2629 “

211 2677 251 2725 3)
284 2677 370 2719 Cfr.
401 2676 530 2717 Hebr.
561 2676 636 2725 IX,
668 2675 734 2717 2-1.
757 2683 818 2707 ’-
858 2676 966 2718 Edd.
999 2678 1060 2719 M.
1092 2694 1213 2728 „non
1244 2677 1356 2718 enim
1386 2694 1512 2718 manu

93 2734 201 2774 sacta
229 2732 306 2774 ista
337 2732 564 2773 int1·oivit“
596 2744 673 2773 etc.

210 2803 251 2860 ⁴)
283 2804 416 2844 Deest
447 2808 612 2852 „sunt“
643 2801 686 2843 in
718 2803 811 2843 edd.
846 2804 906 2845 M.

210 2874 250 2930 5)
280 2874 388 2915 Edd.
419 2872 614 2914 Merlini:
647 2880 874 2924 „tamen.“
