<?xml version="1.0" encoding="UTF-8"?>
<!DOCTYPE html PUBLIC "-//W3C//DTD XHTML 1.0 Transitional//EN"
    "http://www.w3.org/TR/xhtml1/DTD/xhtml1-transitional.dtd">
<html xmlns="http://www.w3.org/1999/xhtml" xml:lang="en" lang="en">
 <head>
  <title>
</title>
<meta http-equiv="Content-Type" content="text/html;charset=utf-8" />
  <meta name='ocr-system' content='tesseract 3.04.00' />
  <meta name='ocr-capabilities' content='ocr_page ocr_carea ocr_par ocr_line ocrx_word'/>
</head>
<body>
  <div class='ocr_page' id='page_1' title='image "./operaomniaquaegr14orig/operaomniaquaegr14orig_0063.png"; bbox 0 0 1759 3134; ppageno 0'>
   <div class='ocr_carea' id='block_1_1' title="bbox 645 130 1506 180">
    <p class='ocr_par' dir='ltr' id='par_1_1' title="bbox 645 130 1506 180">
     <span class='ocr_line' id='line_1_1' title="bbox 645 130 1506 180; baseline 0.005 -10"><span class='ocrx_word' id='word_1_1' title='bbox 645 130 843 171; x_wconf 42' lang='lat' dir='ltr'>H0M1111A</span> <span class='ocrx_word' id='word_1_2' title='bbox 874 131 951 172; x_wconf 89' lang='grc' dir='ltr'><strong>ΙΙΙ.</strong></span> <span class='ocrx_word' id='word_1_3' title='bbox 1452 139 1506 180; x_wconf 76' lang='grc'><strong>47</strong></span> 
     </span>
    </p>
   </div>
   <div class='ocr_carea' id='block_1_2' title="bbox 74 241 1505 2531">
    <p class='ocr_par' dir='ltr' id='par_1_2' title="bbox 77 241 1505 1514">
     <span class='ocr_line' id='line_1_2' title="bbox 84 241 1505 305; baseline 0.005 -24"><span class='ocrx_word' id='word_1_4' title='bbox 84 241 157 297; x_wconf 85' lang='lat' dir='ltr'><strong>qui</strong></span> <span class='ocrx_word' id='word_1_5' title='bbox 193 242 346 282; x_wconf 88' lang='lat' dir='ltr'><strong>nolunt</strong></span> <span class='ocrx_word' id='word_1_6' title='bbox 375 242 566 283; x_wconf 82' lang='lat' dir='ltr'><strong>manibus</strong></span> <span class='ocrx_word' id='word_1_7' title='bbox 605 241 793 297; x_wconf 85' lang='lat' dir='ltr'><strong>operari,</strong></span> <span class='ocrx_word' id='word_1_8' title='bbox 832 242 906 281; x_wconf 85' lang='lat' dir='ltr'><strong>sed</strong></span> <span class='ocrx_word' id='word_1_9' title='bbox 947 242 1091 284; x_wconf 84' lang='lat' dir='ltr'><strong>otiosis</strong></span> <span class='ocrx_word' id='word_1_10' title='bbox 1129 244 1179 285; x_wconf 87' lang='lat' dir='ltr'><strong>iis</strong></span> <span class='ocrx_word' id='word_1_11' title='bbox 1216 245 1290 287; x_wconf 85' lang='lat' dir='ltr'><strong>uti.</strong></span> <span class='ocrx_word' id='word_1_12' title='bbox 1350 248 1441 297; x_wconf 88' lang='lat' dir='ltr'><strong>„Et</strong></span> <span class='ocrx_word' id='word_1_13' title='bbox 1464 251 1505 305; x_wconf 89' lang='lat'><strong>¹)</strong></span> 
     </span>
     <span class='ocr_line' id='line_1_3' title="bbox 84 318 1503 376; baseline 0.005 -18"><span class='ocrx_word' id='word_1_14' title='bbox 84 319 343 376; x_wconf 78' lang='lat' dir='ltr'><strong>disrumpam</strong></span> <span class='ocrx_word' id='word_1_15' title='bbox 381 335 428 360; x_wconf 87' lang='lat' dir='ltr'><strong>ea</strong></span> <span class='ocrx_word' id='word_1_16' title='bbox 464 335 488 360; x_wconf 84' lang='lat' dir='ltr'><strong>a</strong></span> <span class='ocrx_word' id='word_1_17' title='bbox 524 319 703 359; x_wconf 83' lang='lat' dir='ltr'><strong>brachiis</strong></span> <span class='ocrx_word' id='word_1_18' title='bbox 743 318 951 359; x_wconf 74' lang='lat' dir='ltr'><strong>vestris:“</strong></span> <span class='ocrx_word' id='word_1_19' title='bbox 989 319 1034 360; x_wconf 85' lang='lat' dir='ltr'><strong>id</strong></span> <span class='ocrx_word' id='word_1_20' title='bbox 1074 333 1134 362; x_wconf 89' lang='lat' dir='ltr'><strong>est</strong></span> <span class='ocrx_word' id='word_1_21' title='bbox 1174 323 1414 375; x_wconf 86' lang='lat' dir='ltr'><strong>cervicalia,</strong></span> <span class='ocrx_word' id='word_1_22' title='bbox 1451 343 1503 365; x_wconf 87' lang='lat' dir='ltr'><strong>ne</strong></span> 
     </span>
     <span class='ocr_line' id='line_1_4' title="bbox 86 395 1505 456; baseline 0.006 -22"><span class='ocrx_word' id='word_1_23' title='bbox 86 396 261 436; x_wconf 84' lang='lat' dir='ltr'><strong>ulterius</strong></span> <span class='ocrx_word' id='word_1_24' title='bbox 293 413 340 437; x_wconf 92' lang='lat' dir='ltr'><strong>ea</strong></span> <span class='ocrx_word' id='word_1_25' title='bbox 371 395 521 436; x_wconf 82' lang='lat' dir='ltr'><strong>cubitis</strong></span> <span class='ocrx_word' id='word_1_26' title='bbox 552 395 695 435; x_wconf 86' lang='lat' dir='ltr'><strong>vestris</strong></span> <span class='ocrx_word' id='word_1_27' title='bbox 725 395 911 452; x_wconf 84' lang='lat' dir='ltr'><strong>subjecta</strong></span> <span class='ocrx_word' id='word_1_28' title='bbox 941 396 1138 439; x_wconf 86' lang='lat' dir='ltr'><strong>habeatis.</strong></span> <span class='ocrx_word' id='word_1_29' title='bbox 1197 400 1286 448; x_wconf 87' lang='lat' dir='ltr'><strong>„Et</strong></span> <span class='ocrx_word' id='word_1_30' title='bbox 1311 402 1352 456; x_wconf 84' lang='lat'><strong>²)</strong></span> <span class='ocrx_word' id='word_1_31' title='bbox 1384 402 1505 442; x_wconf 82' lang='lat' dir='ltr'><strong>emit—-</strong></span> 
     </span>
     <span class='ocr_line' id='line_1_5' title="bbox 85 471 1504 532; baseline 0.006 -21"><span class='ocrx_word' id='word_1_32' title='bbox 85 483 170 512; x_wconf 87' lang='lat' dir='ltr'><strong>tam</strong></span> <span class='ocrx_word' id='word_1_33' title='bbox 201 473 381 523; x_wconf 81' lang='lat' dir='ltr'><strong>animas,</strong></span> <span class='ocrx_word' id='word_1_34' title='bbox 415 488 513 528; x_wconf 82' lang='lat' dir='ltr'><strong>quas</strong></span> <span class='ocrx_word' id='word_1_35' title='bbox 546 488 620 512; x_wconf 83' lang='lat' dir='ltr'><strong>vos</strong></span> <span class='ocrx_word' id='word_1_36' title='bbox 651 471 943 521; x_wconf 77' lang='lat' dir='ltr'><strong>subvertitis‚“</strong></span> <span class='ocrx_word' id='word_1_37' title='bbox 974 473 1128 514; x_wconf 85' lang='lat' dir='ltr'><strong>animas</strong></span> <span class='ocrx_word' id='word_1_38' title='bbox 1161 491 1321 518; x_wconf 89' lang='lat' dir='ltr'><strong>eorum.</strong></span> <span class='ocrx_word' id='word_1_39' title='bbox 1382 478 1504 532; x_wconf 79' lang='lat' dir='ltr'><strong>Quae</strong></span> 
     </span>
     <span class='ocr_line' id='line_1_6' title="bbox 86 548 1503 609; baseline 0.006 -21"><span class='ocrx_word' id='word_1_40' title='bbox 86 565 183 601; x_wconf 84' lang='lat' dir='ltr'><strong>ergo</strong></span> <span class='ocrx_word' id='word_1_41' title='bbox 215 549 430 590; x_wconf 83' lang='lat' dir='ltr'><strong>subversio</strong></span> <span class='ocrx_word' id='word_1_42' title='bbox 472 560 534 588; x_wconf 91' lang='lat' dir='ltr'><strong>est</strong></span> <span class='ocrx_word' id='word_1_43' title='bbox 564 565 764 589; x_wconf 90' lang='lat' dir='ltr'><strong>consuere</strong></span> <span class='ocrx_word' id='word_1_44' title='bbox 797 548 1039 599; x_wconf 79' lang='lat' dir='ltr'><strong>cervicalia,</strong></span> <span class='ocrx_word' id='word_1_45' title='bbox 1081 562 1122 591; x_wconf 88' lang='lat' dir='ltr'><strong>et</strong></span> <span class='ocrx_word' id='word_1_46' title='bbox 1151 552 1356 609; x_wconf 88' lang='lat' dir='ltr'><strong>subjicere</strong></span> <span class='ocrx_word' id='word_1_47' title='bbox 1388 557 1503 596; x_wconf 87' lang='lat' dir='ltr'><strong>cubi-</strong></span> 
     </span>
     <span class='ocr_line' id='line_1_7' title="bbox 82 624 1504 683; baseline 0 -18"><span class='ocrx_word' id='word_1_48' title='bbox 82 627 163 667; x_wconf 81' lang='lat' dir='ltr'><strong>tis?</strong></span> <span class='ocrx_word' id='word_1_49' title='bbox 207 627 293 667; x_wconf 82' lang='lat' dir='ltr'><strong>Sed</strong></span> <span class='ocrx_word' id='word_1_50' title='bbox 323 638 370 667; x_wconf 85' lang='lat' dir='ltr'><strong>ut</strong></span> <span class='ocrx_word' id='word_1_51' title='bbox 390 624 593 666; x_wconf 85' lang='lat' dir='ltr'><strong>sermonis</strong></span> <span class='ocrx_word' id='word_1_52' title='bbox 620 637 924 666; x_wconf 82' lang='lat' dir='ltr'><strong>sacramentum</strong></span> <span class='ocrx_word' id='word_1_53' title='bbox 952 626 1170 680; x_wconf 71' lang='lat' dir='ltr'><strong>intelligas,</strong></span> <span class='ocrx_word' id='word_1_54' title='bbox 1201 630 1363 671; x_wconf 79' lang='lat' dir='ltr'><strong>videbis</strong></span> <span class='ocrx_word' id='word_1_55' title='bbox 1385 649 1504 683; x_wconf 71' lang='lat' dir='ltr'><strong>gran-</strong></span> 
     </span>
     <span class='ocr_line' id='line_1_8' title="bbox 83 703 1501 765; baseline 0.005 -22"><span class='ocrx_word' id='word_1_56' title='bbox 83 704 180 743; x_wconf 89' lang='lat' dir='ltr'><strong>dem</strong></span> <span class='ocrx_word' id='word_1_57' title='bbox 210 703 526 744; x_wconf 77' lang='lat' dir='ltr'><strong>subversionem</strong></span> <span class='ocrx_word' id='word_1_58' title='bbox 557 717 664 751; x_wconf 87' lang='lat' dir='ltr'><strong>esse,</strong></span> <span class='ocrx_word' id='word_1_59' title='bbox 705 703 934 743; x_wconf 81' lang='lat' dir='ltr'><strong>delicatum</strong></span> <span class='ocrx_word' id='word_1_60' title='bbox 963 704 1178 746; x_wconf 89' lang='lat' dir='ltr'><strong>hominem</strong></span> <span class='ocrx_word' id='word_1_61' title='bbox 1208 705 1320 763; x_wconf 80' lang='lat' dir='ltr'><strong>juxta</strong></span> <span class='ocrx_word' id='word_1_62' title='bbox 1349 725 1501 765; x_wconf 86' lang='lat' dir='ltr'><strong>corpus</strong></span> 
     </span>
     <span class='ocr_line' id='line_1_9' title="bbox 83 780 1499 834; baseline 0.004 -14"><span class='ocrx_word' id='word_1_63' title='bbox 83 781 263 821; x_wconf 85' lang='lat' dir='ltr'><strong>efficere.</strong></span> <span class='ocrx_word' id='word_1_64' title='bbox 324 780 442 820; x_wconf 84' lang='lat' dir='ltr'><strong>Talia</strong></span> <span class='ocrx_word' id='word_1_65' title='bbox 472 790 612 819; x_wconf 90' lang='lat' dir='ltr'><strong>autem</strong></span> <span class='ocrx_word' id='word_1_66' title='bbox 643 791 739 820; x_wconf 86' lang='lat' dir='ltr'><strong>sunt</strong></span> <span class='ocrx_word' id='word_1_67' title='bbox 769 782 895 821; x_wconf 82' lang='lat' dir='ltr'><strong>verba</strong></span> <span class='ocrx_word' id='word_1_68' title='bbox 931 782 1264 834; x_wconf 81' lang='lat' dir='ltr'><strong>haereticorum,</strong></span> <span class='ocrx_word' id='word_1_69' title='bbox 1301 786 1376 825; x_wconf 89' lang='lat' dir='ltr'><strong>ubi</strong></span> <span class='ocrx_word' id='word_1_70' title='bbox 1414 803 1499 826; x_wconf 91' lang='lat' dir='ltr'><strong>non</strong></span> 
     </span>
     <span class='ocr_line' id='line_1_10' title="bbox 81 856 1503 914; baseline 0.006 -18"><span class='ocrx_word' id='word_1_71' title='bbox 81 868 142 896; x_wconf 86' lang='lat' dir='ltr'><strong>est</strong></span> <span class='ocrx_word' id='word_1_72' title='bbox 173 856 432 897; x_wconf 84' lang='lat' dir='ltr'><strong>conversatio</strong></span> <span class='ocrx_word' id='word_1_73' title='bbox 463 856 606 908; x_wconf 82' lang='lat' dir='ltr'><strong>rigida.</strong></span> <span class='ocrx_word' id='word_1_74' title='bbox 666 857 886 898; x_wconf 87' lang='lat' dir='ltr'><strong>Inveniens</strong></span> <span class='ocrx_word' id='word_1_75' title='bbox 918 858 1148 914; x_wconf 86' lang='lat' dir='ltr'><strong>discipulos</strong></span> <span class='ocrx_word' id='word_1_76' title='bbox 1171 862 1385 902; x_wconf 85' lang='lat' dir='ltr'><strong>Valentini</strong></span> <span class='ocrx_word' id='word_1_77' title='bbox 1410 881 1503 903; x_wconf 89' lang='lat' dir='ltr'><strong>mo-</strong></span> 
     </span>
     <span class='ocr_line' id='line_1_11' title="bbox 78 933 1501 984; baseline 0.006 -12"><span class='ocrx_word' id='word_1_78' title='bbox 78 933 192 973; x_wconf 84' lang='lat' dir='ltr'><strong>ribus</strong></span> <span class='ocrx_word' id='word_1_79' title='bbox 224 933 471 983; x_wconf 87' lang='lat' dir='ltr'><strong>dissolutos,</strong></span> <span class='ocrx_word' id='word_1_80' title='bbox 509 935 561 974; x_wconf 82' lang='lat' dir='ltr'><strong>ad</strong></span> <span class='ocrx_word' id='word_1_81' title='bbox 589 934 693 974; x_wconf 86' lang='lat' dir='ltr'><strong>nihil</strong></span> <span class='ocrx_word' id='word_1_82' title='bbox 724 936 861 984; x_wconf 87' lang='lat' dir='ltr'><strong>sorte,</strong></span> <span class='ocrx_word' id='word_1_83' title='bbox 891 936 943 975; x_wconf 86' lang='lat' dir='ltr'><strong>ad</strong></span> <span class='ocrx_word' id='word_1_84' title='bbox 972 936 1078 976; x_wconf 84' lang='lat' dir='ltr'>nihil</span> <span class='ocrx_word' id='word_1_85' title='bbox 1109 938 1230 978; x_wconf 79' lang='lat' dir='ltr'><strong>virile</strong></span> <span class='ocrx_word' id='word_1_86' title='bbox 1260 941 1501 982; x_wconf 84' lang='lat' dir='ltr'><strong>tendentes:</strong></span> 
     </span>
     <span class='ocr_line' id='line_1_12' title="bbox 78 1009 1501 1070; baseline 0.006 -21"><span class='ocrx_word' id='word_1_87' title='bbox 78 1009 273 1050; x_wconf 87' lang='lat' dir='ltr'><strong>similiter</strong></span> <span class='ocrx_word' id='word_1_88' title='bbox 312 1022 353 1050; x_wconf 87' lang='lat' dir='ltr'><strong>et</strong></span> <span class='ocrx_word' id='word_1_89' title='bbox 385 1023 612 1052; x_wconf 81' lang='lat' dir='ltr'><strong>sectatores</strong></span> <span class='ocrx_word' id='word_1_90' title='bbox 642 1011 851 1052; x_wconf 81' lang='lat' dir='ltr'><strong>Basilidis.</strong></span> <span class='ocrx_word' id='word_1_91' title='bbox 911 1013 1053 1053; x_wconf 87' lang='lat' dir='ltr'><strong>Docet</strong></span> <span class='ocrx_word' id='word_1_92' title='bbox 1081 1014 1253 1070; x_wconf 87' lang='lat' dir='ltr'><strong>insuper</strong></span> <span class='ocrx_word' id='word_1_93' title='bbox 1283 1028 1324 1057; x_wconf 89' lang='lat' dir='ltr'><strong>et</strong></span> <span class='ocrx_word' id='word_1_94' title='bbox 1350 1034 1501 1069; x_wconf 83' lang='lat' dir='ltr'><strong>negare</strong></span> 
     </span>
     <span class='ocr_line' id='line_1_13' title="bbox 79 1087 1499 1151; baseline 0.006 -24"><span class='ocrx_word' id='word_1_95' title='bbox 79 1087 358 1128; x_wconf 77' lang='lat' dir='ltr'><strong>inverecunde</strong></span> <span class='ocrx_word' id='word_1_96' title='bbox 403 1088 519 1143; x_wconf 80' lang='lat' dir='ltr'><strong>quasi</strong></span> <span class='ocrx_word' id='word_1_97' title='bbox 564 1101 816 1144; x_wconf 85' lang='lat' dir='ltr'><strong>praecepto,</strong></span> <span class='ocrx_word' id='word_1_98' title='bbox 864 1091 980 1144; x_wconf 86' lang='lat' dir='ltr'><strong>quod</strong></span> <span class='ocrx_word' id='word_1_99' title='bbox 1024 1091 1075 1131; x_wconf 89' lang='lat' dir='ltr'><strong>de</strong></span> <span class='ocrx_word' id='word_1_100' title='bbox 1114 1107 1263 1133; x_wconf 89' lang='lat' dir='ltr'><strong>eorum</strong></span> <span class='ocrx_word' id='word_1_101' title='bbox 1298 1095 1499 1151; x_wconf 67' lang='lat' dir='ltr'><strong>martyrio</strong></span> 
     </span>
     <span class='ocr_line' id='line_1_14' title="bbox 81 1165 1501 1226; baseline 0.006 -22"><span class='ocrx_word' id='word_1_102' title='bbox 81 1176 153 1206; x_wconf 86' lang='lat' dir='ltr'><strong>est.</strong></span> <span class='ocrx_word' id='word_1_103' title='bbox 210 1166 308 1206; x_wconf 74' lang='lat' dir='ltr'><strong>Non</strong></span> <span class='ocrx_word' id='word_1_104' title='bbox 338 1165 382 1205; x_wconf 86' lang='lat' dir='ltr'><strong>id</strong></span> <span class='ocrx_word' id='word_1_105' title='bbox 414 1166 588 1215; x_wconf 88' lang='lat' dir='ltr'><strong>docent,</strong></span> <span class='ocrx_word' id='word_1_106' title='bbox 634 1168 749 1222; x_wconf 88' lang='lat' dir='ltr'><strong>quod</strong></span> <span class='ocrx_word' id='word_1_107' title='bbox 780 1168 1007 1207; x_wconf 86' lang='lat' dir='ltr'><strong>ostendunt</strong></span> <span class='ocrx_word' id='word_1_108' title='bbox 1035 1168 1328 1221; x_wconf 83' lang='lat' dir='ltr'><strong>ecclesiastici,</strong></span> <span class='ocrx_word' id='word_1_109' title='bbox 1366 1173 1501 1226; x_wconf 83' lang='lat' dir='ltr'><strong>parati</strong></span> 
     </span>
     <span class='ocr_line' id='line_1_15' title="bbox 81 1241 1501 1302; baseline 0.005 -22"><span class='ocrx_word' id='word_1_110' title='bbox 81 1241 234 1281; x_wconf 91' lang='lat' dir='ltr'><strong>tollere</strong></span> <span class='ocrx_word' id='word_1_111' title='bbox 268 1257 436 1281; x_wconf 87' lang='lat' dir='ltr'><strong>crucem</strong></span> <span class='ocrx_word' id='word_1_112' title='bbox 466 1254 508 1282; x_wconf 89' lang='lat' dir='ltr'><strong>et</strong></span> <span class='ocrx_word' id='word_1_113' title='bbox 537 1243 656 1297; x_wconf 81' lang='lat' dir='ltr'><strong>sequi</strong></span> <span class='ocrx_word' id='word_1_114' title='bbox 680 1244 956 1284; x_wconf 78' lang='lat' dir='ltr'><strong>salvatorem.</strong></span> <span class='ocrx_word' id='word_1_115' title='bbox 1015 1243 1255 1300; x_wconf 88' lang='lat' dir='ltr'><strong>Disrumpit</strong></span> <span class='ocrx_word' id='word_1_116' title='bbox 1284 1262 1396 1298; x_wconf 85' lang='lat' dir='ltr'><strong>ergo,</strong></span> <span class='ocrx_word' id='word_1_117' title='bbox 1428 1247 1501 1302; x_wconf 88' lang='lat' dir='ltr'><strong>qui</strong></span> 
     </span>
     <span class='ocr_line' id='line_1_16' title="bbox 79 1317 1501 1377; baseline 0.004 -20"><span class='ocrx_word' id='word_1_118' title='bbox 79 1318 180 1358; x_wconf 83' lang='lat' dir='ltr'><strong>haec</strong></span> <span class='ocrx_word' id='word_1_119' title='bbox 213 1317 512 1367; x_wconf 76' lang='lat' dir='ltr'><strong>comminatur,</strong></span> <span class='ocrx_word' id='word_1_120' title='bbox 544 1336 695 1369; x_wconf 87' lang='lat' dir='ltr'><strong>serm0‚</strong></span> <span class='ocrx_word' id='word_1_121' title='bbox 727 1320 838 1360; x_wconf 83' lang='lat' dir='ltr'><strong>filius</strong></span> <span class='ocrx_word' id='word_1_122' title='bbox 867 1320 965 1370; x_wconf 83' lang='lat' dir='ltr'><strong>Dei,</strong></span> <span class='ocrx_word' id='word_1_123' title='bbox 999 1321 1268 1361; x_wconf 81' lang='lat' dir='ltr'><strong>consutiones</strong></span> <span class='ocrx_word' id='word_1_124' title='bbox 1297 1322 1501 1377; x_wconf 88' lang='lat' dir='ltr'><strong>nequissi-</strong></span> 
     </span>
     <span class='ocr_line' id='line_1_17' title="bbox 78 1394 1498 1452; baseline 0.004 -19"><span class='ocrx_word' id='word_1_125' title='bbox 78 1410 177 1434; x_wconf 78' lang='lat' dir='ltr'><strong>mas.</strong></span> <span class='ocrx_word' id='word_1_126' title='bbox 234 1394 403 1435; x_wconf 77' lang='lat' dir='ltr'><strong>Praesta</strong></span> <span class='ocrx_word' id='word_1_127' title='bbox 439 1395 563 1444; x_wconf 82' lang='lat' dir='ltr'><strong>mihi,</strong></span> <span class='ocrx_word' id='word_1_128' title='bbox 604 1396 787 1446; x_wconf 86' lang='lat' dir='ltr'><strong>Christe,</strong></span> <span class='ocrx_word' id='word_1_129' title='bbox 825 1408 872 1436; x_wconf 89' lang='lat' dir='ltr'><strong>ut</strong></span> <span class='ocrx_word' id='word_1_130' title='bbox 913 1397 1173 1452; x_wconf 79' lang='lat' dir='ltr'><strong>disrumpam</strong></span> <span class='ocrx_word' id='word_1_131' title='bbox 1205 1398 1426 1438; x_wconf 82' lang='lat' dir='ltr'><strong>cervicalia</strong></span> <span class='ocrx_word' id='word_1_132' title='bbox 1455 1398 1498 1437; x_wconf 85' lang='lat' dir='ltr'><strong>in</strong></span> 
     </span>
     <span class='ocr_line' id='line_1_18' title="bbox 77 1470 762 1514; baseline 0.006 -4"><span class='ocrx_word' id='word_1_133' title='bbox 77 1470 309 1511; x_wconf 82' lang='lat' dir='ltr'><strong>animarum</strong></span> <span class='ocrx_word' id='word_1_134' title='bbox 339 1483 513 1512; x_wconf 86' lang='lat' dir='ltr'><strong>consuta</strong></span> <span class='ocrx_word' id='word_1_135' title='bbox 542 1472 762 1514; x_wconf 76' lang='lat' dir='ltr'><strong>luxuriam.</strong></span> 
     </span>
    </p>

    <p class='ocr_par' dir='ltr' id='par_1_3' title="bbox 74 1548 1498 2531">
     <span class='ocr_line' id='line_1_19' title="bbox 190 1548 1498 1606; baseline 0.002 -16"><span class='ocrx_word' id='word_1_136' title='bbox 190 1548 228 1590; x_wconf 83' lang='lat'><strong>5.</strong></span> <span class='ocrx_word' id='word_1_137' title='bbox 288 1548 374 1589; x_wconf 74' lang='lat' dir='ltr'><strong>Sed</strong></span> <span class='ocrx_word' id='word_1_138' title='bbox 405 1549 507 1604; x_wconf 86' lang='lat' dir='ltr'><strong>quid</strong></span> <span class='ocrx_word' id='word_1_139' title='bbox 546 1549 662 1590; x_wconf 80' lang='lat' dir='ltr'><strong>aliud</strong></span> <span class='ocrx_word' id='word_1_140' title='bbox 701 1549 918 1605; x_wconf 81' lang='lat' dir='ltr'><strong>sequitur?</strong></span> <span class='ocrx_word' id='word_1_141' title='bbox 975 1549 1067 1600; x_wconf 83' lang='lat' dir='ltr'><strong>„Et</strong></span> <span class='ocrx_word' id='word_1_142' title='bbox 1088 1551 1129 1606; x_wconf 78' lang='lat'><strong>³)</strong></span> <span class='ocrx_word' id='word_1_143' title='bbox 1171 1551 1378 1592; x_wconf 79' lang='lat' dir='ltr'><strong>velamina</strong></span> <span class='ocrx_word' id='word_1_144' title='bbox 1415 1551 1498 1593; x_wconf 85' lang='lat' dir='ltr'><strong>dis-</strong></span> 
     </span>
     <span class='ocr_line' id='line_1_20' title="bbox 78 1625 1498 1681; baseline 0.002 -16"><span class='ocrx_word' id='word_1_145' title='bbox 78 1632 314 1681; x_wconf 86' lang='lat' dir='ltr'><strong>rumpam.“</strong></span> <span class='ocrx_word' id='word_1_146' title='bbox 373 1625 495 1680; x_wconf 84' lang='lat' dir='ltr'><strong>Quae</strong></span> <span class='ocrx_word' id='word_1_147' title='bbox 534 1642 576 1667; x_wconf 90' lang='lat' dir='ltr'><strong>se</strong></span> <span class='ocrx_word' id='word_1_148' title='bbox 608 1627 895 1681; x_wconf 78' lang='lat' dir='ltr'><strong>disrupturum</strong></span> <span class='ocrx_word' id='word_1_149' title='bbox 927 1643 1013 1667; x_wconf 90' lang='lat' dir='ltr'><strong>esse</strong></span> <span class='ocrx_word' id='word_1_150' title='bbox 1044 1628 1246 1669; x_wconf 81' lang='lat' dir='ltr'><strong>testatur?</strong></span> <span class='ocrx_word' id='word_1_151' title='bbox 1302 1630 1401 1669; x_wconf 73' lang='lat' dir='ltr'><strong>Non</strong></span> <span class='ocrx_word' id='word_1_152' title='bbox 1429 1645 1498 1668; x_wconf 93' lang='lat' dir='ltr'><strong>so-</strong></span> 
     </span>
     <span class='ocr_line' id='line_1_21' title="bbox 80 1702 1496 1759; baseline 0.002 -17"><span class='ocrx_word' id='word_1_153' title='bbox 80 1703 169 1743; x_wconf 89' lang='lat' dir='ltr'><strong>lum</strong></span> <span class='ocrx_word' id='word_1_154' title='bbox 199 1702 430 1753; x_wconf 83' lang='lat' dir='ltr'><strong>cervicalia,</strong></span> <span class='ocrx_word' id='word_1_155' title='bbox 461 1720 606 1744; x_wconf 87' lang='lat' dir='ltr'><strong>verum</strong></span> <span class='ocrx_word' id='word_1_156' title='bbox 636 1703 855 1743; x_wconf 79' lang='lat' dir='ltr'><strong>velamina.</strong></span> <span class='ocrx_word' id='word_1_157' title='bbox 901 1704 1005 1743; x_wconf 82' lang='lat' dir='ltr'><strong>Ideo</strong></span> <span class='ocrx_word' id='word_1_158' title='bbox 1028 1716 1169 1744; x_wconf 88' lang='lat' dir='ltr'><strong>autem</strong></span> <span class='ocrx_word' id='word_1_159' title='bbox 1194 1704 1496 1759; x_wconf 81' lang='lat' dir='ltr'><strong>disrupturum,</strong></span> 
     </span>
     <span class='ocr_line' id='line_1_22' title="bbox 77 1780 1497 1835; baseline 0.002 -16"><span class='ocrx_word' id='word_1_160' title='bbox 77 1791 124 1819; x_wconf 90' lang='lat' dir='ltr'><strong>ut</strong></span> <span class='ocrx_word' id='word_1_161' title='bbox 142 1791 279 1834; x_wconf 84' lang='lat' dir='ltr'><strong>caput</strong></span> <span class='ocrx_word' id='word_1_162' title='bbox 307 1781 469 1820; x_wconf 89' lang='lat' dir='ltr'><strong>nudum</strong></span> <span class='ocrx_word' id='word_1_163' title='bbox 499 1781 592 1831; x_wconf 84' lang='lat' dir='ltr'><strong>fiat,</strong></span> <span class='ocrx_word' id='word_1_164' title='bbox 631 1791 678 1820; x_wconf 83' lang='lat' dir='ltr'><strong>ut</strong></span> <span class='ocrx_word' id='word_1_165' title='bbox 708 1792 878 1835; x_wconf 84' lang='lat' dir='ltr'><strong>accepta</strong></span> <span class='ocrx_word' id='word_1_166' title='bbox 906 1780 1081 1831; x_wconf 84' lang='lat' dir='ltr'><strong>fiducia,</strong></span> <span class='ocrx_word' id='word_1_167' title='bbox 1123 1793 1165 1821; x_wconf 92' lang='lat' dir='ltr'><strong>et</strong></span> <span class='ocrx_word' id='word_1_168' title='bbox 1198 1782 1380 1822; x_wconf 85' lang='lat' dir='ltr'><strong>revelata</strong></span> <span class='ocrx_word' id='word_1_169' title='bbox 1409 1798 1497 1822; x_wconf 91' lang='lat' dir='ltr'><strong>non</strong></span> 
     </span>
     <span class='ocr_line' id='line_1_23' title="bbox 77 1856 1497 1911; baseline 0.002 -15"><span class='ocrx_word' id='word_1_170' title='bbox 77 1857 217 1896; x_wconf 86' lang='lat' dir='ltr'><strong>solum</strong></span> <span class='ocrx_word' id='word_1_171' title='bbox 246 1856 366 1906; x_wconf 81' lang='lat' dir='ltr'><strong>facie,</strong></span> <span class='ocrx_word' id='word_1_172' title='bbox 395 1858 468 1897; x_wconf 91' lang='lat' dir='ltr'><strong>sed</strong></span> <span class='ocrx_word' id='word_1_173' title='bbox 498 1857 623 1897; x_wconf 79' lang='lat' dir='ltr'><strong>etiam</strong></span> <span class='ocrx_word' id='word_1_174' title='bbox 653 1856 803 1911; x_wconf 82' lang='lat' dir='ltr'><strong>capite,</strong></span> <span class='ocrx_word' id='word_1_175' title='bbox 835 1868 1073 1897; x_wconf 82' lang='lat' dir='ltr'><strong>constanter</strong></span> <span class='ocrx_word' id='word_1_176' title='bbox 1101 1858 1166 1898; x_wconf 82' lang='lat' dir='ltr'><strong>vir</strong></span> <span class='ocrx_word' id='word_1_177' title='bbox 1193 1859 1497 1901; x_wconf 81' lang='lat' dir='ltr'><strong>ecclesiasticus</strong></span> 
     </span>
     <span class='ocr_line' id='line_1_24' title="bbox 76 1933 1495 1988; baseline 0.001 -14"><span class='ocrx_word' id='word_1_178' title='bbox 76 1933 209 1988; x_wconf 85' lang='lat' dir='ltr'><strong>possit</strong></span> <span class='ocrx_word' id='word_1_179' title='bbox 247 1949 379 1974; x_wconf 82' lang='lat' dir='ltr'><strong>orare.</strong></span> <span class='ocrx_word' id='word_1_180' title='bbox 449 1933 758 1988; x_wconf 83' lang='lat' dir='ltr'><strong>„Disrumpam</strong></span> <span class='ocrx_word' id='word_1_181' title='bbox 782 1933 824 1987; x_wconf 82' lang='lat'><strong>⁴²)</strong></span> <span class='ocrx_word' id='word_1_182' title='bbox 864 1934 1071 1975; x_wconf 84' lang='lat' dir='ltr'><strong>velamina</strong></span> <span class='ocrx_word' id='word_1_183' title='bbox 1111 1947 1270 1985; x_wconf 79' lang='lat' dir='ltr'><strong>vestra,</strong></span> <span class='ocrx_word' id='word_1_184' title='bbox 1312 1948 1352 1975; x_wconf 92' lang='lat' dir='ltr'><strong>et</strong></span> <span class='ocrx_word' id='word_1_185' title='bbox 1390 1936 1495 1976; x_wconf 88' lang='lat' dir='ltr'><strong>libe-</strong></span> 
     </span>
     <span class='ocr_line' id='line_1_25' title="bbox 74 2011 1496 2066; baseline 0.002 -16"><span class='ocrx_word' id='word_1_186' title='bbox 74 2012 176 2051; x_wconf 81' lang='lat' dir='ltr'><strong>rabo</strong></span> <span class='ocrx_word' id='word_1_187' title='bbox 215 2011 425 2066; x_wconf 86' lang='lat' dir='ltr'><strong>populum</strong></span> <span class='ocrx_word' id='word_1_188' title='bbox 462 2027 605 2051; x_wconf 87' lang='lat' dir='ltr'><strong>meum</strong></span> <span class='ocrx_word' id='word_1_189' title='bbox 645 2011 696 2050; x_wconf 88' lang='lat' dir='ltr'><strong>de</strong></span> <span class='ocrx_word' id='word_1_190' title='bbox 733 2026 861 2051; x_wconf 86' lang='lat' dir='ltr'><strong>manu</strong></span> <span class='ocrx_word' id='word_1_191' title='bbox 900 2018 1076 2052; x_wconf 81' lang='lat' dir='ltr'><strong>vestra.“</strong></span> <span class='ocrx_word' id='word_1_192' title='bbox 1133 2012 1252 2052; x_wconf 86' lang='lat' dir='ltr'><strong>Licet</strong></span> <span class='ocrx_word' id='word_1_193' title='bbox 1289 2029 1362 2053; x_wconf 90' lang='lat' dir='ltr'><strong>vos</strong></span> <span class='ocrx_word' id='word_1_194' title='bbox 1398 2015 1496 2054; x_wconf 91' lang='lat' dir='ltr'><strong>sub-</strong></span> 
     </span>
     <span class='ocr_line' id='line_1_26' title="bbox 76 2087 1495 2142; baseline 0.002 -15"><span class='ocrx_word' id='word_1_195' title='bbox 76 2087 244 2128; x_wconf 84' lang='lat' dir='ltr'><strong>vertatis</strong></span> <span class='ocrx_word' id='word_1_196' title='bbox 282 2087 438 2128; x_wconf 86' lang='lat' dir='ltr'><strong>animas</strong></span> <span class='ocrx_word' id='word_1_197' title='bbox 474 2104 552 2142; x_wconf 89' lang='lat' dir='ltr'><strong>per</strong></span> <span class='ocrx_word' id='word_1_198' title='bbox 591 2087 813 2128; x_wconf 83' lang='lat' dir='ltr'><strong>cervicalia</strong></span> <span class='ocrx_word' id='word_1_199' title='bbox 851 2099 894 2128; x_wconf 88' lang='lat' dir='ltr'><strong>et</strong></span> <span class='ocrx_word' id='word_1_200' title='bbox 934 2089 1158 2140; x_wconf 82' lang='lat' dir='ltr'><strong>velamina,</strong></span> <span class='ocrx_word' id='word_1_201' title='bbox 1199 2106 1275 2141; x_wconf 83' lang='lat' dir='ltr'><strong>ego</strong></span> <span class='ocrx_word' id='word_1_202' title='bbox 1306 2089 1383 2129; x_wconf 83' lang='lat' dir='ltr'><strong>ista</strong></span> <span class='ocrx_word' id='word_1_203' title='bbox 1413 2090 1495 2130; x_wconf 88' lang='lat' dir='ltr'><strong>dis-</strong></span> 
     </span>
     <span class='ocr_line' id='line_1_27' title="bbox 74 2165 1495 2223; baseline 0.003 -19"><span class='ocrx_word' id='word_1_204' title='bbox 74 2181 272 2220; x_wconf 89' lang='lat' dir='ltr'><strong>rumpens</strong></span> <span class='ocrx_word' id='word_1_205' title='bbox 310 2165 500 2205; x_wconf 86' lang='lat' dir='ltr'><strong>liberabo</strong></span> <span class='ocrx_word' id='word_1_206' title='bbox 535 2165 748 2220; x_wconf 86' lang='lat' dir='ltr'><strong>populum</strong></span> <span class='ocrx_word' id='word_1_207' title='bbox 775 2181 931 2207; x_wconf 88' lang='lat' dir='ltr'><strong>meum.</strong></span> <span class='ocrx_word' id='word_1_208' title='bbox 989 2166 1159 2207; x_wconf 83' lang='lat' dir='ltr'><strong>Liberat</strong></span> <span class='ocrx_word' id='word_1_209' title='bbox 1187 2179 1327 2208; x_wconf 87' lang='lat' dir='ltr'><strong>autem</strong></span> <span class='ocrx_word' id='word_1_210' title='bbox 1356 2184 1495 2223; x_wconf 87' lang='lat' dir='ltr'><strong>popu·</strong></span> 
     </span>
     <span class='ocr_line' id='line_1_28' title="bbox 77 2241 1493 2300; baseline 0.003 -19"><span class='ocrx_word' id='word_1_211' title='bbox 77 2241 165 2281; x_wconf 87' lang='lat' dir='ltr'><strong>lum</strong></span> <span class='ocrx_word' id='word_1_212' title='bbox 194 2242 311 2282; x_wconf 87' lang='lat' dir='ltr'><strong>Deus</strong></span> <span class='ocrx_word' id='word_1_213' title='bbox 341 2258 420 2297; x_wconf 87' lang='lat' dir='ltr'><strong>per</strong></span> <span class='ocrx_word' id='word_1_214' title='bbox 450 2242 811 2283; x_wconf 86' lang='lat' dir='ltr'><strong>conversationem</strong></span> <span class='ocrx_word' id='word_1_215' title='bbox 840 2254 1059 2294; x_wconf 81' lang='lat' dir='ltr'><strong>austeram,</strong></span> <span class='ocrx_word' id='word_1_216' title='bbox 1091 2256 1133 2284; x_wconf 92' lang='lat' dir='ltr'><strong>et</strong></span> <span class='ocrx_word' id='word_1_217' title='bbox 1157 2261 1179 2285; x_wconf 84' lang='lat' dir='ltr'><strong>a</strong></span> <span class='ocrx_word' id='word_1_218' title='bbox 1204 2244 1493 2300; x_wconf 82' lang='lat' dir='ltr'><strong>voluptatibus</strong></span> 
     </span>
     <span class='ocr_line' id='line_1_29' title="bbox 76 2318 1492 2373; baseline 0.003 -17"><span class='ocrx_word' id='word_1_219' title='bbox 76 2318 355 2361; x_wconf 85' lang='lat' dir='ltr'><strong>recedentem.</strong></span> <span class='ocrx_word' id='word_1_220' title='bbox 426 2319 515 2369; x_wconf 87' lang='lat' dir='ltr'><strong>„Et</strong></span> <span class='ocrx_word' id='word_1_221' title='bbox 536 2321 576 2373; x_wconf 88' lang='lat'><strong>⁵)</strong></span> <span class='ocrx_word' id='word_1_222' title='bbox 616 2320 728 2360; x_wconf 84' lang='lat' dir='ltr'><strong>ultra</strong></span> <span class='ocrx_word' id='word_1_223' title='bbox 764 2336 852 2360; x_wconf 88' lang='lat' dir='ltr'><strong>non</strong></span> <span class='ocrx_word' id='word_1_224' title='bbox 892 2331 1015 2360; x_wconf 90' lang='lat' dir='ltr'><strong>erunt</strong></span> <span class='ocrx_word' id='word_1_225' title='bbox 1052 2320 1096 2360; x_wconf 90' lang='lat' dir='ltr'><strong>in</strong></span> <span class='ocrx_word' id='word_1_226' title='bbox 1125 2321 1317 2362; x_wconf 88' lang='lat' dir='ltr'><strong>manibus</strong></span> <span class='ocrx_word' id='word_1_227' title='bbox 1346 2320 1492 2361; x_wconf 69' lang='lat' dir='ltr'><strong>vestris</strong></span> 
     </span>
     <span class='ocr_line' id='line_1_30' title="bbox 76 2393 1493 2454; baseline 0.002 -21"><span class='ocrx_word' id='word_1_228' title='bbox 76 2393 120 2433; x_wconf 85' lang='lat' dir='ltr'><strong>in</strong></span> <span class='ocrx_word' id='word_1_229' title='bbox 149 2395 504 2437; x_wconf 82' lang='lat' dir='ltr'><strong>subversionem.“</strong></span> <span class='ocrx_word' id='word_1_230' title='bbox 563 2397 612 2437; x_wconf 89' lang='lat' dir='ltr'><strong>In</strong></span> <span class='ocrx_word' id='word_1_231' title='bbox 649 2397 841 2438; x_wconf 88' lang='lat' dir='ltr'><strong>manibus</strong></span> <span class='ocrx_word' id='word_1_232' title='bbox 878 2397 1048 2449; x_wconf 82' lang='lat' dir='ltr'><strong>vestris,</strong></span> <span class='ocrx_word' id='word_1_233' title='bbox 1087 2397 1159 2453; x_wconf 90' lang='lat' dir='ltr'><strong>qui</strong></span> <span class='ocrx_word' id='word_1_234' title='bbox 1200 2397 1392 2454; x_wconf 85' lang='lat' dir='ltr'><strong>decipitis</strong></span> <span class='ocrx_word' id='word_1_235' title='bbox 1422 2414 1493 2437; x_wconf 92' lang='lat' dir='ltr'><strong>au-</strong></span> 
     </span>
     <span class='ocr_line' id='line_1_31' title="bbox 77 2470 1494 2531; baseline 0.004 -22"><span class='ocrx_word' id='word_1_236' title='bbox 77 2470 257 2519; x_wconf 77' lang='lat' dir='ltr'><strong>dientes,</strong></span> <span class='ocrx_word' id='word_1_237' title='bbox 296 2471 380 2529; x_wconf 84' lang='lat' dir='ltr'><strong>jam</strong></span> <span class='ocrx_word' id='word_1_238' title='bbox 417 2489 504 2512; x_wconf 89' lang='lat' dir='ltr'><strong>non</strong></span> <span class='ocrx_word' id='word_1_239' title='bbox 535 2486 657 2514; x_wconf 89' lang='lat' dir='ltr'><strong>erunt</strong></span> <span class='ocrx_word' id='word_1_240' title='bbox 684 2474 762 2514; x_wconf 85' lang='lat' dir='ltr'><strong>ista</strong></span> <span class='ocrx_word' id='word_1_241' title='bbox 793 2474 1023 2515; x_wconf 83' lang='lat' dir='ltr'><strong>cervicalia.</strong></span> <span class='ocrx_word' id='word_1_242' title='bbox 1083 2475 1173 2524; x_wconf 86' lang='lat' dir='ltr'><strong>„Et</strong></span> <span class='ocrx_word' id='word_1_243' title='bbox 1197 2476 1238 2531; x_wconf 75' lang='grc'><strong>6)</strong></span> <span class='ocrx_word' id='word_1_244' title='bbox 1270 2490 1494 2526; x_wconf 84' lang='lat' dir='ltr'><strong>cognosce-</strong></span> 
     </span>
    </p>
   </div>
   <div class='ocr_carea' id='block_1_3' title="bbox 77 2546 1488 2603">
    <p class='ocr_par' dir='ltr' id='par_1_4' title="bbox 77 2546 1488 2603">
     <span class='ocr_line' id='line_1_32' title="bbox 77 2546 1488 2603; baseline 0.003 -17"><span class='ocrx_word' id='word_1_245' title='bbox 77 2546 151 2597; x_wconf 82' lang='lat' dir='ltr'><strong>tis,</strong></span> <span class='ocrx_word' id='word_1_246' title='bbox 188 2547 284 2603; x_wconf 88' lang='lat' dir='ltr'><strong>quia</strong></span> <span class='ocrx_word' id='word_1_247' title='bbox 323 2564 398 2600; x_wconf 88' lang='lat' dir='ltr'><strong>ego</strong></span> <span class='ocrx_word' id='word_1_248' title='bbox 430 2550 684 2591; x_wconf 88' lang='lat' dir='ltr'><strong>Dominus.“</strong></span> <span class='ocrx_word' id='word_1_249' title='bbox 742 2551 788 2593; x_wconf 87' lang='lat' dir='ltr'><strong>Si</strong></span> <span class='ocrx_word' id='word_1_250' title='bbox 823 2568 910 2592; x_wconf 86' lang='lat' dir='ltr'><strong>non</strong></span> <span class='ocrx_word' id='word_1_251' title='bbox 942 2551 1147 2592; x_wconf 85' lang='lat' dir='ltr'><strong>conscissa</strong></span> <span class='ocrx_word' id='word_1_252' title='bbox 1175 2551 1333 2592; x_wconf 84' lang='lat' dir='ltr'><strong>suerint</strong></span> <span class='ocrx_word' id='word_1_253' title='bbox 1363 2550 1488 2591; x_wconf 87' lang='lat' dir='ltr'><strong>cervi-</strong></span> 
     </span>
    </p>
   </div>
   <div class='ocr_carea' id='block_1_4' title="bbox 166 2713 1243 2913">
    <p class='ocr_par' dir='ltr' id='par_1_5' title="bbox 166 2713 1243 2913">
     <span class='ocr_line' id='line_1_33' title="bbox 197 2713 1243 2775; baseline 0.008 -23"><span class='ocrx_word' id='word_1_254' title='bbox 197 2713 235 2769; x_wconf 85' lang='lat'><strong>¹)</strong></span> <span class='ocrx_word' id='word_1_255' title='bbox 266 2713 419 2756; x_wconf 83' lang='lat' dir='ltr'><strong>Ezech.</strong></span> <span class='ocrx_word' id='word_1_256' title='bbox 446 2715 568 2767; x_wconf 87' lang='lat' dir='ltr'><strong>XIII,</strong></span> <span class='ocrx_word' id='word_1_257' title='bbox 598 2716 666 2760; x_wconf 82' lang='lat'><strong>20.</strong></span> <span class='ocrx_word' id='word_1_258' title='bbox 768 2717 811 2775; x_wconf 77' lang='grc'><strong>2)</strong></span> <span class='ocrx_word' id='word_1_259' title='bbox 840 2718 992 2761; x_wconf 81' lang='lat' dir='ltr'><strong>Ezech.</strong></span> <span class='ocrx_word' id='word_1_260' title='bbox 1022 2720 1145 2770; x_wconf 85' lang='lat' dir='ltr'><strong>XIII,</strong></span> <span class='ocrx_word' id='word_1_261' title='bbox 1175 2720 1243 2763; x_wconf 79' lang='lat'><strong>20.</strong></span> 
     </span>
     <span class='ocr_line' id='line_1_34' title="bbox 166 2783 1241 2844; baseline 0.007 -22"><span class='ocrx_word' id='word_1_262' title='bbox 166 2784 233 2839; x_wconf 84' lang='lat'><strong>·³)</strong></span> <span class='ocrx_word' id='word_1_263' title='bbox 264 2783 413 2824; x_wconf 84' lang='lat' dir='ltr'><strong>Ezech.</strong></span> <span class='ocrx_word' id='word_1_264' title='bbox 445 2785 567 2836; x_wconf 89' lang='lat' dir='ltr'><strong>XIII,</strong></span> <span class='ocrx_word' id='word_1_265' title='bbox 596 2786 663 2829; x_wconf 86' lang='lat'><strong>21.</strong></span> <span class='ocrx_word' id='word_1_266' title='bbox 769 2788 811 2844; x_wconf 78' lang='lat'><strong>⁴)</strong></span> <span class='ocrx_word' id='word_1_267' title='bbox 841 2788 992 2830; x_wconf 84' lang='lat' dir='ltr'><strong>Ezech.</strong></span> <span class='ocrx_word' id='word_1_268' title='bbox 1022 2789 1144 2839; x_wconf 84' lang='lat' dir='ltr'><strong>XIII,</strong></span> <span class='ocrx_word' id='word_1_269' title='bbox 1174 2789 1241 2832; x_wconf 78' lang='lat'><strong>21.</strong></span> 
     </span>
     <span class='ocr_line' id='line_1_35' title="bbox 190 2853 1239 2913; baseline 0.006 -21"><span class='ocrx_word' id='word_1_270' title='bbox 190 2853 232 2909; x_wconf 87' lang='lat'><strong>⁵)</strong></span> <span class='ocrx_word' id='word_1_271' title='bbox 262 2853 413 2896; x_wconf 89' lang='lat' dir='ltr'><strong>Ezech.</strong></span> <span class='ocrx_word' id='word_1_272' title='bbox 442 2855 563 2907; x_wconf 91' lang='lat' dir='ltr'><strong>XIII,</strong></span> <span class='ocrx_word' id='word_1_273' title='bbox 593 2855 660 2900; x_wconf 82' lang='lat'><strong>21.</strong></span> <span class='ocrx_word' id='word_1_274' title='bbox 761 2856 805 2913; x_wconf 55' lang='grc' dir='ltr'><strong>ὅ)</strong></span> <span class='ocrx_word' id='word_1_275' title='bbox 836 2857 986 2900; x_wconf 88' lang='lat' dir='ltr'><strong>Ezech.</strong></span> <span class='ocrx_word' id='word_1_276' title='bbox 1017 2859 1141 2909; x_wconf 89' lang='lat' dir='ltr'><strong>XIII,</strong></span> <span class='ocrx_word' id='word_1_277' title='bbox 1171 2858 1239 2901; x_wconf 79' lang='lat'><strong>21.</strong></span> 
     </span>
    </p>
   </div>
  </div>
 </body>
</html>
