1759 3134
667 129 866 170 HomfflA
896 129 950 168 II.
1446 133 1530 179 263

105 241 330 297 speciosae,
357 253 401 280 ut
420 253 460 281 et
475 257 552 281 nos
576 241 837 281 aemulemur
860 239 1074 294 speciosae
1095 240 1136 295 ¹)
1159 241 1260 288 fieri.
1307 243 1522 300 ‚‚Oculi²)

105 319 165 359 tui
206 319 436 360 columbae.
451 324 474 341 “
547 317 672 371 „Qui
695 317 741 372 3)
780 315 931 356 viderit
970 316 1191 357 mulierem
1229 320 1281 359 ad
1321 321 1522 376 concupi-

101 398 299 436 scendum
331 412 443 443 earn,
480 394 561 452 jam
603 394 850 434 moechatus·
887 404 948 432 est
980 409 1071 433 eam
1095 394 1136 449 ⁴²)
1168 394 1210 435 in
1241 398 1369 437 corde
1399 405 1517 438 suo.“

103 473 262 512 Oculos
292 488 377 511 non
407 472 531 511 habet
562 471 794 511 columbae.
845 469 890 510 Si
923 470 1014 525 quis
1041 487 1141 510 vero
1175 473 1322 513 oculos
1354 475 1516 515 colum-

99 551 175 588 bae
204 565 289 588 non
320 549 464 597 habet,
497 550 669 588 domum
700 546 837 587 fratris
868 546 931 586 sui
961 546 1194 599 ingreditur
1222 548 1389 599 infelix,
1428 569 1512 592 non

98 642 260 665 servans
291 625 422 674 illud,
455 626 568 679 quod
598 626 639 665 in
670 623 910 664 Proverbiis
942 636 1001 664 est
1030 637 1331 680 praeceptum:
1365 628 1445 676 „in
1468 630 1512 684 5)

98 703 273 741 domum
300 702 436 742 fratris
466 701 529 741 tui
556 718 609 741 ne
639 701 765 741 intres
802 699 989 741 infelix.“
1047 702 1133 742 Pro
1177 719 1251 759 eon,
1293 705 1409 758 quod
1440 706 1513 745 Se—

93 778 306 833 ptuaginta
346 778 564 827 „infelix“
599 777 860 833 interpretati
900 790 1016 828 sunt,
1056 780 1232 835 Aquila,
1277 782 1512 822 Hebraeam

96 856 329 910 exprimens
360 856 592 905 veritatem,
623 851 834 912 ἄγροικος
859 856 905 908 6)
935 855 1089 910 posuit.
1153 857 1240 911 Qui
1271 871 1410 899 autem
1440 860 1511 900 ha-

93 935 164 974 bet
195 934 343 973 oculos
375 933 619 981 columbae,
658 932 774 972 videt
802 943 936 981 recta,
979 945 1019 973 et
1049 935 1382 977 misericordiam
1412 954 1512 992 pro-

91 1022 277 1050 meretur
301 1010 357 1062 7).
419 1008 573 1048 Videns
613 1008 772 1064 quippe
815 1020 950 1058 recta,
995 1010 1326 1053 misericordiam
1367 1030 1512 1054 conse—

91 1098 252 1141 quetur.
310 1089 461 1134 Porro,
494 1084 584 1140 quis
615 1085 729 1125 videt
759 1097 895 1135 recta,
925 1087 1004 1127 nisi
1033 1090 1105 1143 qui
1137 1102 1248 1130 casto
1282 1103 1508 1146 conspectu

92 1175 132 1202 et
161 1162 276 1216 puris
308 1161 492 1201 intuetur
522 1161 683 1202 oculis?
741 1163 843 1202 Noli
882 1164 1009 1215 igitur
1037 1166 1141 1205 mihi
1173 1168 1223 1207 de
1254 1168 1315 1207 his
1345 1180 1507 1209 tantum

93 1238 224 1279 carnis
256 1237 388 1277 oculis
419 1237 677 1288 intelligere,
719 1254 822 1293 quae
855 1240 966 1280 dieta
995 1253 1111 1292 sunt,
1152 1245 1251 1285 licet
1292 1257 1332 1285 et
1364 1247 1414 1286 de
1444 1246 1505 1286 his

91 1315 342 1356 intellexisse
382 1331 467 1354 non
507 1314 654 1354 inutile
695 1315 766 1364 sit,
817 1317 889 1356 sed
940 1317 1173 1370 ingrediens
1216 1323 1268 1362 ad
1305 1317 1514 1363 interiori

91 1394 229 1433 cordis
267 1391 351 1440 tui,
391 1402 431 1429 et
469 1391 572 1430 alios
614 1392 761 1431 oculos
801 1406 940 1434 mente
982 1397 1254 1451 perquirens,
1294 1399 1364 1453 qui
1403 1411 1443 1439 et
1483 1417 1504 1439 a

87 1470 168 1511 Dei
190 1469 385 1509 mandato
408 1467 711 1517 illuminantur,
741 1494 785 1499 -—-
808 1473 1078 1519 „mandatum
1093 1473 1138 1527 ὃ)
1166 1474 1323 1530 quippe
1344 1476 1428 1516 Dei
1456 1477 1505 1516 il-

87 1548 292 1588 luminans
312 1545 494 1586 oculos“
514 1571 580 1594 -,
600 1544 709 1585 illud
726 1546 896 1597 enitere,
923 1548 1080 1599 labora,
1106 1553 1326 1602 contende,
1350 1565 1397 1593 ut
1417 1570 1507 1593 san—

88 1637 151 1666 cte
182 1624 387 1676 intelligas
415 1623 628 1671 universa,
660 1640 764 1677 quae
796 1625 906 1665 dicta
935 1638 1052 1676 sunt,
1092 1640 1133 1667 et
1162 1628 1308 1668 similis
1339 1629 1505 1684 spiritui

88 1705 147 1751 ei,
190 1702 261 1757 qui
290 1701 333 1740 in
363 1700 501 1754 specie
534 1699 751 1739 descendit
780 1701 1024 1751 columbae,
1064 1704 1232 1754 audias,
1263 1705 1359 1760 quia
1390 1707 1504 1747 oculi

86 1779 149 1819 tui
193 1779 426 1818 columbae.
488 1776 534 1818 Si
572 1776 772 1827 intelligis
794 1776 837 1830 9)
877 1778 1012 1830 legem
1051 1781 1345 1835 spiritualiter,
1387 1785 1502 1824 oculi

84 1857 146 1896 tui
186 1856 406 1896 columban
446 1865 553 1895 sunt.
628 1853 674 1894 Si
714 1852 913 1906 intelligis
936 1856 1006 1910 ¹⁰)
1043 1859 1326 1911 evangelium,
1373 1873 1420 1901 ut
1459 1877 1500 1901 se

203 2073 245 2126 ¹)
286 2073 385 2112 Mss.
433 2069 731 2124 ,‚speciosae.“
798 2070 914 2109 Libri
955 2073 1056 2112 editi
1094 2075 1157 2130 (v.
1198 2092 1232 2116 c.
1265 2078 1358 2117 edd.
1390 2077 1500 2132 Μ.);

84 2134 344 2185 „sponsae.“
389 2128 441 2168 R.

199 2200 241 2254 2)
274 2197 432 2239 Cantic.
464 2197 496 2245 l,
529 2195 595 2238 15.
715 2196 761 2251 3)
794 2196 886 2237 Cfr.
911 2199 1060 2239 Matth.
1092 2202 1142 2250 V,
1173 2200 1240 2244 28.

200 2269 245 2323 ⁴¹)
274 2269 408 2308 Deest
438 2270 601 2315 „eam“
630 2266 673 2306 in
704 2267 798 2307 edd.
829 2267 889 2308 M.

200 2340 244 2393 ⁵)
273 2338 399 2378 Prov.
430 2337 610 2387 X-XVII,
641 2336 704 2379 10.

199 2407 245 2462 6)
274 2407 384 2448 Edd.
413 2405 606 2447 Merlini:
639 2404 900 2459 ,,ἆσύνετον,
932 2408 974 2449 id
1006 2422 1080 2460 est,
1110 2412 1285 2452 stultum
1314 2412 1500 2467 posuit.“

85 2466 162 2506 Ed.
194 2463 346 2504 Ruaei:
380 2463 627 2519 ,,ἆγροικὸς
655 2463 840 2518 posuit.“

201 2533 246 2584 7)
276 2533 384 2573 Edd.
408 2532 600 2572 Merlini:
631 2546 911 2587 promeretur.
970 2536 1128 2578 Videns
1160 2554 1288 2592 porro
1320 2537 1411 2592 quis
1442 2538 1501 2577 vi-

85 2592 156 2631 det
186 2601 313 2638 recta,
343 2589 422 2629 nisi
453 2588 524 2643 qui
557 2600 669 2629 casto
704 2612 756 2622 -
791 2591 956 2634 oculis!>
1016 2594 1116 2635 Noli
1152 2594 1277 2647 igitur
1306 2594 1407 2634 mihi
1439 2594 1498 2633 his

84 2659 245 2688 tantum
284 2657 360 2685 etc.

199 2717 246 2771 8)
276 2715 428 2755 Psalm.
459 2714 577 2763 XIX,
607 2713 645 2756 8-

200 2786 244 2840 9)
276 2785 384 2827 Edd,
416 2783 609 2825 Mei-lini:
639 2784 860 2838 intelligas.

178 2855 248 2910 ¹⁰)
278 2855 385 2896 Edd.
416 2854 612 2895 Merlini:
643 2854 861 2908 intelligas.
