1759 3134
700 133 839 174 Lmen
870 132 925 173 ΙΙ.
970 185 980 196 .
1431 135 1513 179 365

106 247 217 288 ultra
255 245 423 286 flumina
449 245 489 302 ¹)
532 243 777 299 Aethiopiae
819 242 1040 298 suscipiam
1089 259 1181 294 eos,
1227 244 1299 300 qui
1339 244 1514 302 dispersi

108 335 221 373 sunt,
253 336 294 364 et
324 323 501 363 afferent
531 319 779 362 sacrificium
816 318 931 360 mihi.
991 320 1040 360 In
1079 320 1145 361 die
1183 321 1257 362 illa
1292 338 1377 363 non
1416 339 1515 365 con-

107 400 292 441 funderis
323 400 430 442 Saba
460 399 511 439 ab
543 396 736 439 omnihus
767 395 1129 437 adinventionibus
1158 398 1262 449 tuis,
1292 400 1335 441 in
1365 402 1514 458 quibus

106 478 234 534 impie
267 476 384 530 egisti
422 476 465 517 in
493 481 611 517 me.“
669 474 753 516 Sed
793 486 834 515 et
871 473 914 514 in
945 473 1162 515 Hieremia
1196 476 1398 533 scriptum
1440 491 1514 529 est,

105 555 219 611 quod
257 553 467 610 principes
508 551 678 608 quidam
701 550 743 607 ²)
781 550 934 606 populi
971 551 1100 592 Israel
1141 552 1330 595 miserint
1366 555 1514 597 Hiere-

103 632 231 673 miam
260 632 339 682 „in
356 631 398 687 ³)
430 630 568 670 lacum
583 627 791 670 NIelchiae
822 628 899 668 filii
928 627 1055 681 regis,
1090 630 1163 686 qui
1195 642 1282 672 erat
1311 631 1352 672 in
1385 633 1513 674 domo

105 707 301 758 carceris,
347 719 388 748 et
430 708 718 764 deposuerunt
755 722 853 746 eum
894 722 990 747 cum
1028 706 1218 759 funibus,
1263 719 1303 749 et
1340 709 1383 750 in
1421 710 1515 752 lacu

103 801 191 827 non
223 796 309 826 erat
339 801 467 842 aqua,
507 785 580 826 sed
613 800 814 835 coenum,
853 794 894 825 et
932 794 1019 824 erat
1045 783 1090 825 in
1121 801 1268 829 coeno.
1328 787 1514 830 Audiens

103 875 242 905 autem
272 862 575 913 Abdimelech,
619 860 825 917 Aethiops
863 860 927 901 vir
967 861 1199 914 eunuchus,
1246 864 1317 920 qui
1356 877 1442 907 erat
1472 865 1514 907 in

101 942 230 982 domo
260 940 386 995 regis,
431 939 527 996 quia
555 938 759 980 miserunt
788 937 1047 980 Hieremiam
1076 939 1121 981 in
1151 940 1309 994 lacum,
1349 943 1515 985 locutus

103 1030 164 1060 est
201 1018 310 1072 regi,
354 1030 395 1060 et
434 1016 556 1059 dixit:
607 1015 795 1058 Domine
831 1031 903 1056 rex
940 1017 1050 1058 male
1095 1018 1287 1060 fecerunt
1334 1019 1412 1061 viri
1448 1020 1516 1063 isti

103 1096 263 1147 omnia,
303 1112 408 1153 quae
446 1096 636 1137 fecerunt
672 1094 714 1135 in
753 1092 1013 1135 Hieremiam
1047 1096 1322 1152 prophetam,
1361 1097 1457 1154 quia
1473 1098 1516 1155 ⁴)

102 1173 303 1215 miserunt
342 1190 437 1215 eum
476 1173 518 1213 in
556 1173 716 1222 lacum,
762 1183 803 1212 et
843 1171 1049 1213 morietur
1085 1171 1144 1213 ibi
1176 1190 1198 1214 a
1235 1174 1341 1215 facie
1380 1174 1517 1226 famis,

104 1251 303 1308 quoniam
342 1268 427 1292 non
467 1262 562 1292 sunt
600 1248 683 1307 jam
722 1264 850 1305 panes
888 1248 931 1289 in
973 1249 1149 1291 civitate.
1209 1251 1264 1292 Et
1301 1254 1516 1309 praecepit

102 1345 173 1369 rex
203 1328 284 1384 ipsi
313 1327 592 1369 Abdimelech
626 1326 848 1383 Aethiopi,
886 1325 1048 1368 dicens:
1088 1328 1194 1368 tolle
1225 1328 1321 1370 hinc
1350 1331 1517 1384 triginta

102 1404 318 1456 homines,
359 1417 400 1446 et
432 1405 536 1445 educ
569 1420 666 1444 eum
708 1403 759 1443 de
798 1403 913 1454 lacu,
951 1409 1000 1446 ut
1038 1420 1125 1445 non
1164 1405 1225 1446 ibi
1261 1407 1477 1451 moriatur.
1493 1415 1518 1433 “

103 1482 158 1524 Et
195 1483 296 1540 quid
342 1481 494 1539 plura?
551 1479 829 1521 Abdimelech
868 1480 1074 1538 Aethiops
1112 1482 1215 1533 fuit,
1262 1484 1332 1540 qui
1371 1484 1519 1528 Hiere-

102 1559 230 1601 miam
262 1559 405 1600 eduxit
436 1559 487 1599 de
518 1557 623 1598 lacn.
670 1556 726 1597 Et
747 1557 878 1613 paulo
902 1571 1020 1614 post:
1050 1560 1219 1610 „factus
1237 1562 1276 1618 ⁵)
1304 1573 1363 1605 est
1379 1580 1517 1604 sermo

101 1637 280 1679 Domini
309 1638 362 1678 ad
390 1634 671 1685 Hieremiam,
704 1634 864 1676 dicens:
906 1637 1031 1687 vade,
1071 1649 1113 1677 et
1143 1637 1210 1679 dic
1240 1639 1520 1682 Abdimelech

103 1713 389 1770 Aethiopifi),
421 1711 583 1752 dicens:
623 1710 681 1752 sic
713 1711 815 1753 dicit
842 1712 1054 1753 Dominus
1083 1713 1200 1755 Deus
1230 1717 1382 1758 Israel:
1423 1734 1519 1760 ecce

106 1789 242 1847 eg07)
274 1790 439 1831 adduco
471 1790 596 1831 verba
625 1805 719 1830 mea
751 1805 878 1846 super
908 1789 1119 1832 civitatem
1158 1792 1278 1834 istam
1313 1793 1357 1834 in
1396 1795 1520 1847 mala,

106 1880 148 1909 et
176 1883 262 1909 non
291 1867 336 1909 in
365 1868 500 1917 bona,
546 1877 588 1908 et
617 1867 786 1908 salvabo
827 1868 879 1908 te'
906 1866 950 1908 in
982 1867 1049 1909 die
1079 1868 1176 1921 illa,
1224 1881 1263 1911 et
1292 1887 1380 1913 non
1410 1873 1519 1914 dabo

106 1956 148 1985 te
187 1944 230 1984 in
267 1960 427 1992 manus,
452 1944 697 1997 hominum,
742 1961 845 2002 quos
885 1955 932 1985 tu
970 1946 1108 1988 times.
1166 1948 1205 1987 A
1235 1947 1341 1989 facie
1373 1965 1521 1992 eorum

110 2022 268 2063 salvans
299 2022 469 2063 salvabo
500 2034 564 2074 te,
597 2034 637 2064 et
666 2022 709 2064 in
740 2022 879 2076 gladio
905 2039 992 2064 non
1019 2025 1160 2075 cades,
1190 2025 1263 2066 sed
1288 2026 1367 2068 erit
1385 2026 1522 2069 anima

108 2111 180 2142 tua
208 2099 250 2141 in
280 2100 481 2150 salutem,
522 2101 721 2157 quoniam
753 2100 932 2142 confisus
964 2117 1005 2142 es
1035 2102 1077 2142 in
1108 2119 1199 2154 me,
1241 2103 1343 2145 dicit
1370 2105 1524 2147 Domi-

109 2182 234 2217 nus.“
292 2176 408 2218 Haec
437 2176 606 2219 interim
636 2178 688 2219 ad
718 2193 912 2234 praesens
943 2179 994 2220 de
1024 2179 1241 2236 scripturis
1270 2182 1419 2225 sanctis
1451 2200 1522 2226 oc-

110 2268 275 2294 currere
305 2265 555 2310 potuerunt,
587 2254 737 2312 quihus
767 2254 873 2298 mihi
902 2256 1070 2298 videtur
1097 2259 1308 2316 propositi
1340 2260 1391 2302 de
1417 2260 1522 2304 Can-

229 2463 267 2519 ¹)
298 2462 407 2506 Edd.
425 2463 486 2508 Μ,
501 2463 703 2514 „flumina
717 2465 945 2524 suscipient
962 2483 1032 2509 eos
1042 2467 1306 2524 Aethiopiae,
1327 2469 1425 2526 qui“
1444 2482 1521 2513 etc.

224 2532 268 2589 2)
297 2532 406 2575 Edd.
437 2533 498 2575 M.
529 2563 555 2584 ‚,
567 2533 750 2590 quidem.
764 2541 787 2561 “

226 2603 272 2660 3)
303 2602 389 2649 Cfr.
419 2603 573 2645 Jerem.
605 2603 850 2658 XXXVIII,
880 2606 1047 2656 6-10,

225 2672 268 2729 ⁴)
299 2671 408 2718 Edd.
438 2673 500 2715 M.
533 2705 557 2726 ‚‚
571 2674 653 2731 qui.
667 2681 692 2700 “

231 2741 270 2799 ⁵)
304 2743 387 2785 Cfr.
416 2743 571 2785 Jerem.
601 2745 804 2797 XXXIX,
838 2746 889 2790 15
908 2747 1029 2792 -18,

226 2811 270 2868 ⁶)
304 2812 435 2854 Deest
466 2813 739 2871 ‚‚Aethiopi“
770 2816 811 2857 in
844 2817 937 2859 edd.
968 2818 1028 2859 M.

228 2880 273 2937 ⁷)
299 2882 431 2923 Deest
459 2890 610 2938 „ego“
639 2884 683 2926 in
713 2886 807 2929 edd.
840 2885 900 2929 Μ.
