1759 3134
205 119 289 165 328
501 119 723 159 Offlfflzms
754 129 797 160 m
831 117 1013 159 (ΖΑΝτιο.
1047 116 1349 159 ΟΑΝΤιοοῆυΜ

210 233 365 276 amoris
405 231 494 281 sui,
540 242 581 272 et
623 229 775 272 confici
815 229 1019 288 jacentem
1062 229 1180 270 domi
1218 246 1338 280 suae,
1378 241 1567 283 agentem
1597 234 1635 290 ¹)

212 310 374 360 omnia,
414 320 617 366 quatenus
657 308 791 365 possit
829 308 1055 365 aliquando
1096 307 1240 348 videre
1270 324 1471 365 sponsum
1502 326 1637 361 suum,

210 401 335 446 atque
367 385 522 429 osculis
553 385 641 443 ejus
672 385 755 427 frui
779 386 834 443 ²).
897 386 1018 441 Quae
1041 386 1085 442 ³)
1126 385 1327 443 quoniam
1364 402 1442 427 nec
1473 384 1638 428 differri

212 482 402 508 amorem
444 482 589 515 suum,
632 480 712 505 nec
755 463 930 520 adipisci
974 479 1016 504 se
1062 479 1207 519 posse,
1255 465 1369 520 quod
1413 463 1638 515 desiderat,

212 545 341 596 videt,
374 554 590 585 convertat
619 559 662 583 se
693 543 745 584 ad
777 542 1028 592 orationem,
1060 553 1100 583 et
1128 541 1341 598 supplicet
1358 541 1471 592 Deo,
1504 541 1638 583 sciens

213 640 310 665 eum
351 634 516 679 patrem
553 637 641 662 csse
682 620 827 678 sponsi
866 620 943 660 sui.
1019 619 1346 662 Consideremus
1388 635 1486 672 ergo
1533 635 1638 670 eam,

212 703 422 744 levantem
451 711 610 742 sanctas
641 715 788 739 manus
819 698 907 739 sinc
938 697 998 738 ira
1030 709 1071 738 ct
1102 696 1407 754 disceptatione
1430 696 1473 738 in
1492 696 1636 738 habitu

211 791 360 821 ornato
398 796 495 821 cum
523 775 778 819 verecundia
808 786 850 816 et
879 775 1133 826 sobrietate,
1164 786 1353 816 ornatam
1387 774 1636 828 dignissimis

211 857 482 908 ornamentis,
514 855 666 913 quibus
689 853 828 896 ornari
851 854 972 895 decet
990 852 1183 894 nobilem
1199 869 1419 909 sponsam:
1450 865 1640 896 aestuan-

209 949 297 978 tem
326 952 428 977 vero
461 934 674 977 desiderio
705 931 864 990 sponsi,
895 943 937 972 et
966 930 1131 972 interno
1164 930 1339 972 vulnere
1370 930 1525 974 amoris
1554 931 1640 986 agi-

207 1027 349 1066 iatam,
382 1013 635 1062 orationem,
663 1022 710 1052 ut
739 1010 933 1061 diximus,
964 1009 1142 1050 sundere
1173 1009 1225 1050 ad
1243 1008 1400 1062 Deum,
1431 1022 1472 1052 et
1498 1010 1638 1054 dicere

207 1095 262 1135 de
302 1109 459 1150 sponso
497 1106 595 1131 suo:
642 1087 894 1139 „osculetur
916 1086 959 1142 ¹²)
1002 1103 1072 1128 me
1118 1088 1169 1128 ab
1210 1087 1357 1128 osculo
1400 1087 1485 1129 oris
1525 1089 1635 1131 sui.“

206 1171 324 1213 Haec
354 1181 470 1219 sunt,
512 1183 617 1223 quae
649 1164 846 1207 dramatis
884 1163 929 1204 in
963 1165 1143 1206 modum
1174 1164 1412 1221 composita
1440 1166 1638 1210 historica

206 1247 398 1290 continet
442 1243 693 1302 explanatio.
768 1241 954 1283 Interior
991 1257 1093 1283 vcro
1138 1241 1380 1285 intellectus
1421 1242 1638 1289 videamus

204 1327 240 1369 si
286 1327 369 1367 hoc
413 1325 546 1366 modo
592 1321 755 1381 poterit
799 1332 1091 1377 competenter
1134 1319 1281 1378 aptari.
1352 1321 1544 1365 Ecclesia
1583 1325 1637 1368 sit

204 1404 445 1447 desiderans
476 1401 644 1444 Christo
680 1398 890 1458 conjungi.
950 1398 1188 1441 Ecclesiam
1219 1410 1359 1442 autem
1400 1413 1569 1445 coetum
1590 1404 1637 1460 ⁵)

205 1483 398 1525 omnium
430 1483 601 1523 adverte
631 1490 886 1520 sanctorum.
947 1477 1063 1518 Haec
1094 1494 1193 1531 ergo
1226 1478 1403 1520 ecelesia
1436 1479 1490 1521 sit
1520 1483 1637 1538 quasi

201 1562 395 1604 omnium
425 1577 507 1601 una
535 1574 739 1615 persona,
781 1572 887 1612 quae
918 1557 1117 1612 loquatur
1149 1568 1189 1597 et
1221 1557 1352 1598 dicat:
1394 1558 1535 1600 onmia
1564 1561 1637 1602 ha-

199 1643 298 1691 beo,
325 1639 490 1695 repleta
520 1654 612 1678 sum
643 1635 912 1685 muneribus,
944 1651 1050 1690 quae
1080 1634 1395 1692 sponsaliorum
1424 1637 1492 1677 vel
1522 1638 1636 1681 dotis

202 1719 328 1760 titulo
360 1728 456 1758 ante
486 1715 653 1773 nuptias
685 1713 825 1756 sumsi.
885 1714 1064 1754 Dudum
1094 1714 1207 1755 enim
1238 1731 1333 1755 cum
1362 1731 1637 1772 praepararer

201 1799 252 1838 ad
294 1795 538 1854 conjugium
576 1794 655 1835 filii
694 1792 801 1846 regis
842 1803 883 1832 ct
924 1791 1199 1848 primogeniti
1240 1792 1375 1834 omnis
1409 1806 1637 1849 creaturae,

202 1874 393 1917 obsecuti
431 1885 527 1915 sunt
568 1885 610 1914 et
647 1871 992 1913 ministraverunt
1029 1869 1133 1911 mihi
1172 1871 1308 1924 angeli
1353 1873 1482 1914 sancti
1529 1873 1632 1931 ejus,

201 1956 437 1996 deferentes
468 1953 521 1993 ad
550 1970 619 1993 me
650 1953 787 2004 legem
817 1949 1023 2006 sponsalis
1041 1949 1226 1991 muneris
1247 1950 1358 1994 loco.
1402 1953 1488 1993 Lex
1517 1969 1633 1995 nam,

200 2049 281 2089 que
323 2049 401 2089 per
438 2031 608 2084 angelos
647 2029 850 2086 disposita
890 2027 1045 2070 dicitur
1069 2028 1111 2084 6)
1143 2027 1185 2069 in
1215 2044 1342 2069 manu
1370 2029 1627 2073 mediatoris.

197 2110 546 2153 Ministraverunt
583 2108 688 2150 mihi
728 2107 854 2149 etiam
892 2107 1140 2165 prophetae.
1200 2106 1353 2148 Locuti
1390 2120 1486 2150 sunt
1517 2109 1630 2152 enim

200 2188 341 2230 omnia
373 2201 414 2229 et
443 2189 537 2246 ipsi,
568 2206 647 2245 per
678 2205 782 2245 quae
812 2205 898 2229 non
928 2186 1069 2229 solum
1101 2188 1370 2228 ostenderent
1400 2198 1442 2227 et
1470 2187 1630 2230 indica-

197 2279 293 2309 rent
320 2266 425 2308 mihi
456 2268 507 2308 de
538 2265 628 2307 filio
660 2266 758 2318 Dei,
791 2266 857 2307 cui
889 2282 957 2307 me
989 2264 1137 2307 delatis
1168 2265 1244 2320 his,
1276 2282 1382 2323 quae
1410 2268 1627 2324 appellan-

198 2358 289 2398 tur,
320 2346 450 2388 arrhis
470 2345 513 2402 7)
545 2356 586 2386 et
615 2343 862 2386 muneribus
894 2344 1107 2387 dotalibus
1137 2347 1347 2403 spondere
1378 2345 1624 2403 cupiebant:

315 2531 354 2587 ¹)
384 2531 494 2572 Edd.
526 2530 722 2572 Merlini:
755 2542 797 2572 et
826 2543 1017 2584 agentem
1048 2543 1125 2574 etc.

309 2602 353 2657 ²)
384 2602 494 2643 Edd.
526 2601 721 2643 Merlini:
752 2602 924 2658 perfrui.

310 2671 494 2727 ³)‚Edd.
524 2672 720 2714 Merlini:
753 2672 874 2728 Quae
904 2691 982 2716 nec
1011 2674 1184 2717 differre
1215 2692 1404 2720 amorem
1435 2690 1511 2724 etc.

309 2742 354 2798 ⁴²)
389 2742 546 2784 Cantic.
579 2744 613 2794 I,
641 2743 681 2787 2.

310 2812 354 2868 ⁵)
385 2812 494 2854 Edd.
525 2814 720 2857 Merlini:
751 2832 989 2874 personam.

311 2883 353 2941 ὃ)
387 2882 523 2927 Galat.
553 2884 633 2940 III,
665 2885 730 2932 19.
803 2876 806 2880 ’
853 2889 893 2947 ⁷)
923 2888 1033 2933 Edd.
1064 2889 1259 2935 Merlini:
1292 2890 1404 2941 atris,
