1759 3134
653 151 850 193 HommA
880 151 974 192 VH.
1474 152 1528 198 99

105 280 200 314 sua,
231 263 275 304 id
305 274 389 313 est,
421 263 639 315 figmenta,
672 280 776 319 quae
807 263 895 318 ipse
926 262 1180 318 composuit,
1207 265 1525 306 mansuetudine

106 353 147 382 ct
179 340 363 382 castitate
395 341 566 392 vestiat,
613 352 659 381 ut
687 340 730 380 in
760 355 878 380 aures
907 339 1166 380 audientium
1195 341 1358 383 facilius
1388 359 1437 383 ex
1466 344 1528 384 vi·

103 430 168 459 tae
208 418 397 459 bonitate
440 430 607 459 ornatus
646 433 787 458 sermo
824 418 1035 471 subrepat.
1094 417 1150 457 Et
1181 434 1276 459 cum
1304 419 1386 460 hoc
1416 422 1528 462 fece-

106 495 182 545 rit,
222 495 413 547 intellige
452 511 549 536 eum
588 493 822 535 assumsisse
863 505 1020 534 vestem
1059 493 1213 534 variam
1254 511 1445 549 morum,
1486 509 1528 540 et

108 571 439 613 conversationis
484 571 694 627 optimae,
740 583 781 611 et
825 569 952 611 idolis
994 569 1241 626 subjecisse,
1284 589 1389 628 quae
1435 576 1525 631 ipse

104 649 346 689 construxit.
422 650 485 689 Ac
528 648 642 706 juxta
678 648 763 688 mei
804 648 977 703 quidem
1014 647 1143 688 animi
1180 664 1346 690 sensum
1385 653 1522 694 multo

102 725 326 766 nocentior
369 737 430 766 est
458 724 690 765 haereticus
726 726 862 765 bonae
894 724 1024 774 vitae,
1067 736 1107 766 et
1136 726 1231 781 plus
1261 726 1305 767 in
1335 728 1526 771 doctrina

104 819 176 843 sua
222 802 348 843 habet
390 801 648 842 auctoritatis
693 818 768 851 eo,
813 801 886 858 qui
932 801 1167 843 doctrinam
1207 806 1526 847 conversatione

103 878 286 919 maculet
312 877 362 934 ¹).
425 876 513 931 Qui
544 877 657 918 enim
688 879 796 919 vitae
827 878 1032 934 pessimae
1065 891 1150 929 est,
1179 895 1266 921 non
1295 882 1422 924 facile
1451 885 1528 925 ho—

105 956 239 996 mines
269 955 322 996 ad
351 954 504 995 falsum
529 955 681 1008 dogma
710 955 925 1006 sollicitat,
954 972 1032 997 nec
1061 968 1202 1012 potest
1230 974 1308 1013 per
1334 962 1529 1003 umbram

105 1032 331 1075 sanctitatis
371 1031 630 1073 audientium
673 1032 868 1089 decipere
905 1033 1231 1089 simplicitatem.
1300 1036 1389 1091 Qui
1428 1055 1528 1080 vero

106 1126 303 1151 sermone
349 1125 569 1166 perversus
614 1121 697 1160 est,
748 1122 790 1151 et
837 1110 1069 1167 disciplinis
1111 1111 1236 1153 saluti
1284 1116 1530 1168 contrarius,

102 1203 240 1228 mores
291 1198 431 1228 autem
476 1186 735 1243 compositos
779 1199 821 1228 et
863 1200 1033 1229 ornatos
1076 1189 1222 1239 habet,
1271 1190 1377 1232 nihil
1427 1194 1529 1235 facit

104 1264 239 1313 aliud,
269 1264 348 1305 nisi
376 1264 531 1319 accipit
561 1264 807 1306 indumenta
839 1265 952 1306 varia
981 1264 1160 1306 instituti
1189 1267 1313 1319 boni,
1357 1280 1397 1310 et
1427 1287 1526 1311 con—

105 1341 348 1382 versationis
382 1340 570 1396 quietae,
603 1353 644 1381 et
676 1341 906 1382 circumdat
936 1358 984 1383 ea
1013 1342 1139 1383 idolis
1170 1344 1275 1394 suis,
1315 1357 1363 1386 ut
1394 1348 1524 1401 magis

105 1417 289 1473 decipiat
327 1418 553 1458 audientes.
614 1416 779 1457 Idcirco
820 1417 1003 1458 sollicite
1035 1434 1252 1461 caveamus
1281 1421 1528 1476 haereticos,

106 1494 179 1549 qui
210 1494 537 1534 conversationis
569 1493 755 1549 optimae
784 1505 891 1543 sunt,
925 1510 1109 1550 quorum
1143 1497 1256 1538 forte
1287 1498 1416 1540 vitam
1441 1517 1529 1543 non

104 1581 189 1611 tam
217 1571 348 1620 Deus,
374 1586 500 1626 quam
532 1570 724 1612 diabolus
754 1570 959 1613 instruxit.
1018 1574 1126 1614 Nam
1157 1578 1375 1630 quomodo
1408 1594 1528 1634 quas-

104 1648 202 1689 dam
238 1647 458 1689 illecebras
502 1664 689 1689 escarum
733 1664 916 1703 aucupes
959 1662 1228 1704 proponunt,
1273 1662 1320 1691 ut
1363 1653 1528 1695 facilius

106 1741 200 1766 aves
243 1724 408 1780 capiant
446 1742 523 1781 per
554 1726 912 1766 oblectamentum
941 1725 1083 1777 gulae,
1127 1725 1206 1777 sic,
1245 1739 1293 1768 ut
1331 1730 1527 1772 audacius

108 1801 268 1851 dicam,
314 1812 376 1841 est
416 1802 622 1856 quaedam
661 1800 858 1842 castitatis
899 1800 1081 1853 diaboli,
1125 1803 1170 1844 id
1206 1816 1288 1855 est,
1334 1806 1529 1864 decipula

107 1878 312 1919 humanae
349 1878 530 1928 animae,
569 1890 616 1918 ut
655 1894 734 1933 per
772 1877 1012 1919 istiusmodi
1052 1879 1303 1931 castitatem,
1344 1895 1384 1924 et
1414 1900 1531 1927 man.

107 1955 396 2005 suetudinem,
441 1966 483 1996 et
511 1954 713 2012 justitiam
751 1953 885 2010 possit
922 1954 1086 1996 facilius
1127 1973 1298 2013 capere,
1339 1972 1379 2001 et
1417 1961 1530 2004 falsis

106 2031 370 2072 sermonibus
401 2031 578 2072 irretire.
637 2030 827 2072 Diversis
855 2030 1048 2072 diabolus
1078 2045 1234 2088 pugnat
1263 2035 1447 2089 insidiis,
1482 2051 1530 2080 ut

107 2108 308 2149 miserum
345 2110 494 2164 perdat
531 2108 770 2158 hominem,
809 2119 851 2148 et
890 2109 1046 2150 bonam
1076 2111 1196 2152 malis
1225 2112 1373 2155 tribuit
1403 2115 1532 2157 vitam

110 2186 162 2226 ad
192 2185 466 2241 decipiendos
497 2185 711 2235 videntes,
755 2196 797 2225 et
824 2186 978 2227 malam
1006 2188 1128 2229 bonis
1157 2189 1287 2231 inurit
1322 2192 1534 2235 conscien-

108 2261 222 2304 tiam.
283 2261 394 2302 Mihi
423 2261 532 2318 ipsi,
575 2262 646 2318 qui
676 2262 719 2302 in
750 2261 926 2303 ecclesia
954 2264 1176 2319 praedico,
1208 2267 1380 2323 laqueos
1410 2285 1533 2327 saepe

45 2320 51 2324 .
109 2338 266 2388 tendit,
308 2351 355 2380 ut
395 2351 530 2380 totam
560 2339 779 2380 ecclesiam
810 2354 860 2380 ex
890 2355 983 2381 mea
1011 2345 1328 2386 conversatione
1358 2348 1535 2388 confun-

110 2415 192 2455 dat.
250 2414 306 2455 Et
346 2415 444 2456 ideo
485 2417 581 2472 plus
618 2416 683 2466 hi,
723 2416 794 2472 qui
834 2429 930 2458 sunt
958 2418 1002 2459 in
1030 2420 1198 2471 medio,
1239 2436 1535 2478 oppugnantur

108 2491 161 2530 ab
192 2489 380 2541 inimico,
410 2503 458 2532 ut
486 2509 564 2547 per
592 2492 755 2533 ruinam
783 2493 908 2535 unius
940 2494 1135 2547 hominis,
1164 2515 1269 2554 quae
1295 2500 1420 2541 celari
1446 2517 1533 2542 non

109 2578 251 2622 potest
275 2568 341 2624 ²),
385 2569 577 2612 omnibus
617 2570 859 2612 scandalum
905 2572 999 2623 fiat,
1049 2586 1091 2614 et
1131 2574 1386 2631 impediatur
1427 2578 1532 2620 fides

230 2748 272 2803 ¹)
302 2747 411 2789 Edd.
445 2748 639 2790 Merlini:
669 2752 862 2793 maculat.

228 2818 271 2873 ²)
300 2818 410 2860 Edd.
445 2817 639 2861 Merlini:
687 2831 850 2876 potest,
891 2822 990 2879 quin
1023 2825 1218 2868 omnibus
1248 2849 1298 2858 —-
1329 2828 1420 2870 fiat:
1459 2828 1534 2869 im-

113 2873 309 2928 pediatur
339 2886 415 2917 etc.

1150 2957 1212 2999 7*
