1759 3134
645 124 841 166 HommA
868 120 944 161 XI.
1428 119 1505 161 141

94 249 213 279 cutus
246 248 307 278 est
335 237 473 285 Deus,
504 247 550 276 ut
579 235 820 276 extenderet
848 247 891 272 se
921 247 1038 272 mens
1067 242 1229 280 nostra,
1269 231 1337 271 vel
1367 231 1508 285 potius

94 315 137 355 in
166 332 298 355 unum
329 314 529 365 colligens
560 312 770 353 dictorum
799 309 1010 349 intueatur
1039 309 1247 357 acumina,
1292 319 1332 348 et
1362 323 1384 347 a
1416 323 1508 347 cor-

95 391 209 446 poris
240 391 350 431 vitiis
380 391 603 439 recedens,
643 389 743 429 dum
773 385 970 437 intelligit
998 385 1238 435 veritatem,
1273 385 1382 426 vitae
1412 401 1509 425 suae

95 485 261 508 cursum
304 468 533 507 secundum
578 466 757 506 eundem
803 463 963 515 dirigat.
1036 463 1151 502 Haec
1196 462 1238 502 in
1282 462 1506 517 prooemio

95 545 287 592 diximus,
320 543 416 599 quia
445 559 582 584 sermo
599 541 682 583 Dei
712 542 844 581 factus
878 551 937 580 est
967 540 1018 579 ad
1033 538 1314 587 Ezechielem,
1347 539 1506 579 dicens:

94 620 197 670 „fili
222 621 261 675 ¹)
293 620 495 669 hominis,
534 635 655 659 narra
682 618 985 666 narrationem,
1017 627 1058 656 et
1088 615 1155 655 dic
1185 615 1429 670 parabolam
1459 617 1509 655 ad

95 698 272 737 domum
302 697 472 737 Israel,“
531 696 615 735 Pro
646 696 728 736 hoc
757 707 918 743 autem,
951 694 1066 748 quod
1095 692 1355 747 septuaginta
1383 691 1510 731 inter-

91 785 230 829 pretes
260 785 510 829 posuerunt:
543 789 698 824 „narra
723 773 765 829 ²)
794 770 1135 812 narrationem:“
1165 769 1269 810 alius
1300 771 1352 809 de
1382 768 1510 808 inter·

91 851 279 905 pretibus
308 851 540 891 transtulit:
581 865 809 906 „propone
839 849 1123 904 problema:“
1162 847 1290 888 alius:
1329 847 1510 901 „profer

89 928 368 982 problema:“
399 927 525 968 alius:
557 927 770 980 „significa
798 925 1026 977 aenigma.“
1070 924 1202 976 Igitur
1228 935 1268 964 et
1288 924 1508 979 problema

90 1014 133 1043 et
169 1003 356 1056 aenigma
395 1016 436 1045 et
472 1005 674 1060 parabola
710 1015 770 1044 est
800 1003 914 1059 quod
944 1002 1103 1042 lectum
1134 1012 1209 1043 est.
1266 1000 1311 1042 Si
1343 1002 1508 1056 quando

90 1079 400 1135 illuminatione
431 1081 683 1141 indiguimus
712 1080 909 1122 scientiae
938 1079 1045 1130 Dei,
1089 1094 1200 1119 nunc
1230 1078 1300 1118 vel
1329 1078 1508 1118 maxime

93 1168 134 1197 et
163 1158 392 1198 necessarie
421 1158 678 1211 indigemus,
706 1169 754 1198 ut
781 1174 868 1198 non
896 1168 983 1197 tam
1015 1172 1106 1208 ego,
1136 1171 1262 1210 quam
1294 1156 1508 1196 orantibus

91 1234 211 1275 vobis
242 1235 371 1286 gratia
397 1235 482 1276 Dei
511 1235 555 1275 in
592 1251 661 1275 me
693 1234 891 1275 edisserat
930 1232 1190 1274 solutionem
1219 1232 1508 1288 problematis,

93 1323 136 1352 et
163 1312 430 1364 aenigmatis,
459 1312 546 1353 sive
575 1312 815 1368 parabolae.

199 1388 240 1432 2.
287 1389 407 1442 Quae
448 1400 509 1429 est
544 1405 642 1441 ergo
681 1389 884 1444 parabola
920 1387 1106 1442 aquilae,
1150 1401 1276 1441 quam
1317 1385 1359 1425 in
1390 1402 1510 1441 prae—

88 1464 197 1505 senti
227 1465 409 1520 Spiritus
439 1477 601 1506 sanctus
634 1464 846 1507 ostendit?
906 1462 1025 1517 Quae
1062 1479 1150 1503 non
1187 1461 1328 1502 solum
1356 1463 1508 1517 aquila,

86 1542 159 1582 sed
183 1541 310 1583 etiam
333 1543 649 1598 comparatione
676 1553 908 1583 ceterarum
934 1540 1169 1596 aquilarum
1191 1555 1339 1592 magna
1354 1540 1508 1596 aquila,

87 1630 130 1659 et
159 1618 388 1671 ingentium
418 1620 592 1670 alarum,
623 1631 664 1661 et
693 1619 819 1671 longa
848 1630 1031 1667 extensu,
1064 1629 1105 1657 et
1132 1617 1260 1672 plena
1288 1617 1508 1668 unguibus,

86 1695 195 1746 sive,
233 1706 281 1735 ut
309 1696 481 1750 quidam
510 1697 806 1752 interpretatus
837 1707 918 1745 est,
957 1695 1084 1749 plena
1111 1692 1269 1748 plumis
1299 1693 1506 1735 scribitur.

87 1773 186 1813 Non
223 1772 363 1812 solum
399 1771 485 1822 his,
524 1788 629 1828 quae
669 1772 868 1822 diximus,
906 1771 1043 1829 major
1073 1781 1134 1810 est
1167 1771 1313 1811 ceteris
1343 1771 1506 1827 aquilis,

91 1866 238 1890 verum
277 1849 322 1889 in
361 1865 412 1889 eo
444 1849 512 1889 vel
541 1849 767 1904 praecipua
798 1860 879 1899 est,
918 1849 1034 1904 quod
1070 1848 1245 1888 ductum
1282 1848 1408 1888 habet
1444 1847 1507 1888 in-

87 1927 225 1968 trandi
255 1927 299 1967 in
319 1926 540 1967 Libanum.
590 1927 698 1966 Nam
727 1925 962 1978 ingrediens
992 1924 1083 1965 illic
1113 1925 1164 1965 ab
1195 1925 1345 1965 arbore
1378 1924 1506 1975 cedri,

87 2020 192 2060 quae
231 2003 274 2044 in
308 2003 469 2044 Libano
500 2002 576 2043 sita
607 2014 694 2043 erat
727 2003 883 2053 electa,
921 2001 1225 2043 teneritudines
1267 2014 1309 2042 et
1345 2017 1507 2042 summa

88 2097 277 2137 quaeque
307 2079 539 2135 decerpsit,
579 2091 621 2120 et
650 2080 788 2121 attulit
817 2080 862 2120 in
892 2091 1047 2119 terram
1078 2080 1293 2129 chanaan,
1332 2078 1373 2119 in
1406 2078 1505 2119 civi-

87 2169 218 2199 tatem
247 2157 334 2198 sive
365 2156 677 2209 negotiatorum
694 2158 751 2213 3),
781 2157 867 2198 sive
898 2157 1229 2209 negotiatricem,
1258 2156 1345 2197 sive
1374 2168 1505 2197 trans-

87 2236 291 2284 latorum,
319 2234 404 2275 sive
437 2246 568 2285 certe,
612 2246 661 2275 ut
688 2234 948 2290 septuaginta
975 2234 1239 2290 interpretati
1268 2245 1384 2282 sunt,
1413 2250 1506 2274 mu-

86 2323 239 2363 ratam3
267 2323 309 2351 et
337 2311 481 2366 posuit
509 2312 614 2362 hoc,
649 2312 764 2367 quod
794 2313 845 2353 de
877 2313 1003 2352 cedro
1033 2311 1183 2352 Libani
1212 2323 1427 2362 sumserat,
1457 2323 1504 2351 ut

87 2389 345 2444 plantaretur
387 2399 428 2429 et
464 2399 667 2429 cresceret
706 2388 749 2429 in
787 2400 898 2429 terra
920 2389 962 2444 ⁴¹)
996 2389 1203 2430 Chanaan.
1260 2389 1366 2430 Post
1400 2390 1501 2429 haec

89 2466 235 2506 eadem
264 2465 402 2521 aquila
430 2465 484 2506 de
510 2465 670 2507 semine
697 2477 846 2517 terrae,
874 2467 987 2507 unde
1014 2478 1217 2509 sumserat
1242 2466 1502 2507 summitates

210 2631 247 2687 ¹)
278 2631 428 2672 Ezech.
459 2632 597 2681 XVII,
627 2625 671 2675 2..
1190 2652 1193 2653 ’

203 2701 245 2756 2)
276 2701 425 2741 Ezech.
443 2701 582 2751 XVII,
607 2702 646 2745 2.
679 2725 730 2732 --
761 2703 894 2745 Deest
916 2711 1088 2756 „narra“
1111 2705 1154 2747 in
1178 2705 1272 2747 edd.
1298 2704 1358 2746 M.
1383 2714 1424 2743 et
1448 2704 1496 2744 R.

204 2772 248 2826 3)
278 2771 386 2812 Edd.
418 2770 614 2812 Merlini:
645 2772 961 2824 negotiatorem.

201 2835 244 2896 ¹²)
273 2841 351 2881 Ed.
382 2840 536 2882 Ruaei:
568 2853 733 2884 terram.
