1759 3134
238 99 321 146 334
505 98 727 142 Omonms
756 108 802 140 m
834 97 1071 142 CANncUM
1111 99 1411 146 CAn‘rrcome

241 214 326 257 tale
355 214 549 257 videatur
577 229 686 264 esse,
725 214 840 270 quod
872 212 1046 254 dicitur:
1087 230 1161 255 cor
1198 227 1341 268 tuum,
1381 215 1474 273 οἶ)
1511 231 1660 273 sponse

241 309 382 343 meus,
420 293 465 333 id
495 304 580 344 est,
610 292 825 346 dogmata,
856 307 961 348 quae
992 290 1099 332 intra
1128 304 1169 334 te
1201 306 1320 346 sunt,
1349 294 1418 336 vel
1449 293 1660 338 doctrinae

241 371 393 425 gratia,
423 382 593 427 superat
623 386 747 412 omne
777 370 945 421 vinum,
977 370 1092 426 quod
1125 387 1199 413 cor
1227 372 1410 414 hominis
1439 372 1662 414 laetificare

240 449 363 490 solet.
424 449 544 491 Sicut
575 448 688 490 enim
716 448 759 489 in
790 448 865 499 his,
899 448 951 489 de
983 448 1133 505 quibus
1159 449 1284 491 dicit:
1314 450 1498 507 ,‚quia²)
1520 451 1663 493 Deum

239 527 502 568 videbunt:“
549 543 623 568 cor
661 538 952 583 competenter
989 526 1150 569 dictum
1191 544 1278 570 esse
1316 528 1486 569 videtur
1506 528 1574 584 ³),
1621 540 1662 570 et

238 604 350 647 inter
389 605 698 651 discumbentes
736 605 848 646 sinus
887 621 933 646 ac
971 617 1119 661 pectus
1156 605 1356 662 ponitur,
1395 622 1475 662 pro
1515 605 1661 647 habitu

237 683 325 724 sine
359 682 490 724 dubio
524 682 902 733 discumbentium,
940 683 1162 739 formaque
1193 682 1398 724 convivii:
1438 695 1479 725 et
1508 701 1662 735 rursus,

236 773 284 802 ut
323 761 437 818 apud
475 761 713 802 sacerdotes
757 760 1051 817 pectusculum
1099 771 1140 801 et
1186 759 1427 812 brachium,
1475 760 1662 819 mysticis

237 839 478 892 designatur
517 838 718 896 eloquiis:
763 839 821 880 ita
863 838 989 880 etiam
1030 838 1212 880 arbitror
1240 838 1283 879 in
1312 839 1522 895 praesenti
1550 838 1664 890 loco,

235 917 311 960 nbi
340 916 569 959 amantium
596 917 762 959 habitus
792 929 833 959 et
864 916 1081 974 colloquia
1100 917 1406 969 describuntur,
1432 917 1661 971 gratissime

234 997 318 1039 hoc
347 996 489 1053 ipsum
517 995 753 1053 principale
777 996 918 1038 cordis
937 995 981 1036 in
1000 995 1199 1037 uberibus
1221 996 1496 1053 appellatum.
1540 996 1662 1038 Bona

234 1091 332 1129 ergo
372 1086 468 1116 sunt
513 1074 646 1115 ubera
684 1074 852 1130 sponsi,
896 1073 1244 1130 quandoquidem
1282 1074 1467 1115 thesauri
1494 1074 1661 1116 suntin

233 1153 283 1194 iis
320 1151 549 1209 sapientiae
589 1162 631 1192 et
669 1150 867 1192 scientiae
904 1150 1128 1192 reconditi.
1198 1150 1341 1192 Ubera
1380 1163 1520 1193 autem
1559 1152 1661 1194 haec

232 1231 332 1273 vino
374 1240 594 1286 comparat
635 1244 813 1285 sponsa,
857 1230 933 1270 sed
971 1230 1030 1272 ita
1069 1240 1309 1285 comparat,
1352 1240 1399 1269 ut
1437 1230 1658 1286 praeferat.

231 1309 390 1352 Vinum
420 1319 563 1350 autem
591 1306 667 1348 illa
695 1305 970 1360 intelligenda
999 1319 1094 1349 sunt
1124 1309 1332 1361 dogmata,
1365 1318 1406 1347 et
1427 1307 1658 1359 doctrinae,

233 1403 339 1445 quae
377 1403 456 1444 per
494 1386 632 1440 legem
671 1395 712 1425 et
748 1386 978 1442 prophetas
1019 1398 1113 1428 ante
1152 1387 1380 1428 adventum
1419 1386 1562 1442 sponsi
1591 1403 1659 1427 su-

227 1482 345 1508 mere
389 1481 544 1521 sponsa
591 1475 876 1506 consueverat.
952 1465 1039 1507 Sed
1082 1481 1197 1506 nunc
1242 1463 1508 1506 considerans
1553 1464 1658 1506 hanc

227 1542 486 1594 doctrinam,
529 1559 633 1599 quae
675 1558 723 1583 ex
762 1542 964 1583 uberibus
1001 1541 1179 1598 profluit
1209 1542 1375 1599 sponsi,
1413 1543 1589 1584 miratur
1618 1556 1659 1585 et

228 1634 392 1680 stupet,
423 1621 571 1663 videns
603 1636 696 1661 eam
725 1620 850 1673 longe
880 1619 1252 1676 praestantiorem,
1283 1638 1409 1678 quam
1437 1621 1578 1673 illam,
1609 1639 1658 1663 ex

229 1717 312 1758 qua
349 1712 445 1742 ante
487 1699 715 1741 adventum
755 1697 900 1755 sponsi
931 1697 1155 1740 laetificata
1183 1699 1341 1750 fuerat,
1384 1710 1582 1757 tanquam
1611 1717 1658 1742 ex

228 1780 330 1821 vino
370 1777 602 1836 spirituali,
647 1777 764 1834 quod
805 1775 1098 1819 ministrabant
1135 1776 1266 1819 sancti
1302 1788 1442 1834 patres
1480 1789 1522 1819 et
1558 1795 1659 1835 pro-

227 1857 407 1914 phetae,
446 1856 520 1913 qui
560 1855 687 1898 etiam
725 1854 848 1913 hujus
887 1854 1047 1908 generis
1084 1855 1383 1912 plantaverunt
1411 1856 1574 1908 vineas,
1610 1869 1656 1899 ut

226 1937 324 1979 Noe
347 1936 392 1993 ⁴²)
430 1934 613 1992 primus,
651 1945 694 1975 et
721 1932 862 1975 Esaias
885 1934 927 1990 ⁵)
964 1933 1007 1975 in
1048 1949 1181 1975 cornu
1217 1933 1262 1975 in
1291 1934 1391 1977 loco
1429 1934 1573 1986 uberi,
1613 1946 1654 1976 et

227 2015 454 2070 coluerunt
486 2030 565 2055 eas.
623 2012 783 2055 Videns
814 2027 913 2065 ergo
932 2012 975 2071 6)
1005 2028 1117 2054 nunc
1147 2012 1327 2054 multam
1358 2029 1445 2055 esse
1470 2012 1655 2054 eminen-

226 2093 332 2135 tiam
370 2093 617 2146 dogmatum
656 2101 699 2132 et
735 2089 934 2132 scientiae
971 2090 1084 2146 apud
1118 2107 1342 2147 sponsum,
1379 2102 1422 2132 et
1449 2091 1574 2145 longe
1605 2107 1653 2132 ex

227 2187 279 2213 eo
309 2169 635 2228 perfectiorem,
675 2184 799 2225 quam
828 2167 910 2209 fuit
941 2168 1055 2225 apud
1093 2167 1308 2225 antiquos,
1348 2185 1538 2211 emanare
1578 2170 1654 2211 do-

225 2248 426 2301 ctrinam,
465 2246 589 2289 dicit:
629 2247 777 2298 „bona
800 2245 841 2302 ⁷)
880 2256 976 2286 sunt
1013 2247 1143 2287 ubera
1180 2259 1254 2289 tua
1287 2264 1414 2305 super
1448 2247 1652 2290 vinum:“

226 2345 354 2386 super
380 2327 500 2369 illam
529 2325 691 2368 scilicet
712 2321 960 2376 doctrinam,
993 2341 1073 2381 qua
1103 2324 1362 2368 laetificabar
1381 2327 1433 2368 ab
1457 2325 1648 2382 antiquis,

345 2526 386 2582 ¹)
417 2522 527 2566 Edd.
557 2522 752 2567 Merlini:
784 2538 845 2575 „o
876 2538 1051 2580 sponsa:
1084 2534 1125 2566 et
1153 2540 1293 2578 mens,
1321 2524 1366 2567 id
1398 2536 1456 2568 est
1469 2531 1494 2553 “
1525 2536 1602 2567 etc,

343 2597 386 2654 2)
421 2595 507 2637 Cfr.
539 2594 690 2637 Matth.
721 2595 773 2645 V,
801 2594 841 2638 8.

339 2668 384 2723 3)
416 2666 526 2708 Edd.
559 2665 753 2708 Merlini:
788 2665 1010 2708 videbitur.

345 2737 389 2794 4)
421 2736 508 2778 Cfr.
541 2736 646 2778 Gen.
679 2736 754 2777 IX.
874 2736 915 2793 ⁵)
948 2738 1033 2779 Cfr.
1064 2737 1188 2780 Jesai.
1217 2738 1267 2784 V.

343 2808 386 2865 5)
417 2807 551 2848 Deest
581 2812 752 2860 „ergo“
782 2807 826 2848 in
855 2808 949 2850 edd.
979 2808 1040 2850 Μ.

339 2878 381 2936 7)
417 2877 580 2921 Cantic.
612 2879 646 2931 I,
674 2877 713 2922 2.
