1759 3134
675 127 815 167 LIBER
846 126 900 166 II.
1421 125 1502 168 429

85 257 191 292 mea,
223 256 301 296 qua
330 240 426 279 unxi
458 253 671 294 sponsum,
702 252 884 288 regressa
915 238 966 277 ad
996 252 1063 276 me
1096 236 1273 276 odorem
1298 235 1401 276 mihi
1434 237 1505 276 de-

87 319 185 359 tulit
214 317 379 372 sponsi,
432 327 470 355 et
505 315 620 354 velut
649 324 844 368 superato
876 314 1053 354 naturali
1084 329 1160 354 suo
1194 314 1326 353 odore
1345 315 1382 365 ¹)
1423 314 1506 353 fra-

87 395 241 448 grantia
271 391 428 448 sponsi,
458 391 586 446 ipsius
616 389 720 430 mihi
751 388 904 430 detulit
932 388 1188 431 suavitatem.
1234 390 1350 431 Haec
1380 390 1504 431 habet

87 470 276 512 historici
307 467 503 510 dramatis
545 466 804 524 explanatio:
845 465 919 506 sed
958 465 1169 507 veniamus
1201 465 1283 524 jam
1314 484 1422 508 nunc
1454 468 1505 509 ad

88 545 406 599 intelligentiam
449 545 722 600 spiritualem.
780 544 992 584 Ponamus
1030 543 1098 583 hic
1137 560 1331 599 sponsam
1373 545 1508 585 eccle·

89 625 191 665 siam
220 625 262 664 in
292 639 471 680 persona
503 623 685 673 Mariae,
730 637 834 678 quae
872 622 1071 662 decenter
1108 621 1254 676 utique
1295 621 1504 677 dicium—²)

89 703 240 742 afferre
271 701 423 742 libram
451 700 651 754 unguenti
679 698 798 740 nardi
829 698 1022 755 pistici3)
1052 698 1248 754 pretiosi,
1284 709 1324 739 et
1351 714 1506 751 ungere

90 780 220 835 pedes
258 779 376 831 Jesu,
424 791 464 821 et
503 780 716 831 detergere
756 775 918 831 capillis
958 775 1062 827 suis,
1110 787 1151 816 et
1179 775 1367 831 recipere
1405 792 1508 832 quo·

95 857 324 898 dammodo
355 874 401 898 ac
431 871 678 912 recuperare
708 871 785 911 per
816 853 973 894 crinem
1005 852 1150 909 capitis
1181 854 1245 894 sui
1283 855 1334 894 ad
1375 865 1506 894 semet

91 935 224 990 ipsam
254 945 512 987 unguentum
544 949 590 974 ex
622 931 823 988 qualitate
854 948 901 973 ac
933 930 1086 972 virtute
1107 930 1296 986 corporis
1329 929 1415 988 ejus
1446 931 1508 970 in-

92 1013 273 1054 sectum:
306 1024 346 1053 et
376 1012 555 1052 odorem
584 1026 670 1050 non
700 1022 784 1051 tam
814 1009 934 1051 nardi
963 1025 1040 1065 per
1068 1020 1352 1062 unguentum,
1384 1023 1507 1064 quam

92 1090 221 1146 ipsius
253 1089 372 1130 verbi
399 1088 484 1129 Dei
514 1089 566 1129 ad
596 1103 638 1128 se
668 1088 900 1129 trahentem
931 1103 1009 1143 per
1040 1085 1229 1142 capillos,
1260 1085 1409 1141 quibus
1439 1086 1511 1126 ab·

94 1168 301 1220 stergebat
338 1167 490 1223 pedes,
537 1177 578 1206 et
603 1165 807 1221 imposuit
838 1165 965 1221 capiti
1003 1181 1102 1215 suo,
1146 1180 1232 1205 non
1262 1174 1348 1204 tam
1376 1161 1510 1211 nardi,

98 1261 220 1301 quam
262 1244 417 1286 Christi
460 1243 748 1296 fragrantiam:
798 1255 838 1284 et
889 1243 1050 1293 dicere,
1095 1242 1191 1298 quia
1230 1241 1380 1282 nardus
1420 1255 1511 1279 mea

95 1323 219 1364 missa
248 1322 290 1362 in
322 1338 474 1378 corpus
507 1320 659 1363 Christi
689 1321 873 1362 reddidit
890 1320 931 1378 ⁴)
964 1322 1142 1361 odorem
1172 1318 1271 1377 ejus.
1316 1318 1512 1374 Denique

97 1401 216 1452 vide,
256 1399 473 1456 quomodo
506 1399 607 1440 haec
635 1399 724 1454 ipsa
763 1399 1015 1439 referuntur.
1073 1396 1326 1452 „lVIaria⁵),
1364 1395 1513 1451 inquit,

98 1478 236 1519 attulit
266 1477 417 1518 libram
447 1475 647 1529 unguenti
675 1476 793 1517 nardi
824 1475 962 1532 pistici
992 1474 1191 1531 pretiosi,
1224 1485 1265 1514 et
1292 1473 1410 1514 unxit
1439 1488 1513 1528 pe·

100 1557 171 1597 des
201 1557 322 1605 Jesu,
364 1566 405 1594 et
447 1552 614 1594 extersit
645 1553 807 1609 capillis
839 1553 985 1610 capitis
1015 1553 1089 1595 sui.
1151 1553 1318 1593 Domus
1359 1562 1512 1600 autem,

98 1633 256 1689 inquit,
285 1644 374 1673 tota
400 1631 562 1686 repleta
592 1642 653 1671 est
683 1631 814 1671 odore
840 1631 1090 1683 unguenti.“
1150 1629 1279 1684 Quod
1298 1629 1340 1685 6)
1370 1628 1514 1684 utique

100 1710 278 1761 indicat,
318 1709 414 1765 quia
445 1709 554 1749 odor
584 1707 821 1757 doctrinae,
866 1707 937 1764 qui
966 1706 1161 1763 procedit
1192 1707 1243 1748 de
1275 1706 1441 1749 Christo
1475 1718 1515 1746 et

102 1787 233 1829 sancti
266 1786 446 1843 Spiritus
476 1785 717 1838 fragrantia,
747 1784 929 1841 replevit
961 1800 1128 1825 omnem
1160 1783 1280 1841 hujus
1296 1783 1337 1841 ⁷)
1367 1782 1515 1824 mundi

103 1866 278 1906 domum
319 1880 366 1905 ac
405 1862 534 1904 totius
573 1862 773 1904 ecclesiae
814 1862 1001 1903 domum.
1060 1861 1141 1902 Vel
1187 1872 1298 1902 certe
1336 1860 1517 1917 replevit

103 1957 272 1983 omnem
306 1941 482 1982 domum
513 1939 674 1981 animae
703 1938 840 1988 illius,
880 1955 985 1995 quae
1017 1937 1218 1997 odoris3)
1249 1937 1403 1980 Christi
1431 1954 1519 1980 sus-

104 2019 216 2076 cepit
245 2017 529 2075 participium,
562 2018 744 2058 offerens
775 2015 915 2072 primo
945 2016 1046 2057 fidei
1076 2031 1172 2057 suae
1201 2031 1373 2066 munus,
1403 2015 1519 2056 velut

104 2108 363 2150 unguentum
400 2095 542 2145 nardi,
590 2107 630 2136 et
667 2094 872 2150 recipiens
918 2110 964 2135 cx
1006 2094 1088 2135 hoc
1127 2093 1297 2146 gratiam
1337 2092 1519 2148 Spiritus

106 2174 255 2225 sancti,
297 2173 392 2231 et9)
423 2172 651 2230 spiritualis
683 2172 898 2213 doctrinae
935 2170 1211 2224 fragrantiam.
1272 2168 1389 2224 Quid
1421 2184 1518 2221 ergo

106 2299 435 2307 ῃ--ᾲ--ψῆ

227 2379 267 2434 ¹)
295 2377 406 2418 Edd.
436 2376 497 2417 M.
529 2376 719 2425 „odorez
750 2391 850 2431 prae
880 2375 1097 2429 fragrantia
1110 2382 1134 2401 “
1166 2385 1242 2415 etc.

225 2449 267 2504 ²)
300 2447 385 2488 Cfr.
419 2462 480 2487 ev.
509 2445 658 2486 Joann.
688 2446 788 2495 XII,
819 2446 857 2489 3.

227 2519 268 2574 ³)
298 2516 408 2557 Edd.
439 2516 499 2557 M.
533 2515 743 2571 „pisticae
774 2516 1032 2573 pretiosae.“

226 2589 268 2645 ⁴)
298 2586 407 2628 Edd.
439 2585 500 2626 M.
531 2585 706 2635 „reddit
735 2586 838 2627 mihi
869 2587 1045 2627 odorem
1059 2591 1084 2611 “
1115 2596 1192 2626 etc,

229 2658 270 2713 ⁵)
303 2657 388 2698 Cfr.
421 2672 481 2698 ev,
513 2657 663 2698 Joann.
695 2657 793 2706 XII,
825 2655 863 2699 3.

227 2730 268 2783 ⁶)
300 2727 409 2768 Edd.
436 2727 630 2768 Merlini:
669 2726 823 2780 „Quid
850 2728 993 2783 utique
1025 2725 1210 2767 indicat?
1267 2724 1377 2780 Quia
1390 2730 1415 2750 “
1447 2735 1525 2766 etc.

230 2798 272 2854 7)
303 2798 411 2845 Edd.
442 2797 503 2838 Μ.
534 2795 707 2847 „mundi
738 2796 899 2855 hujus.“
989 2798 1031 2853 8)
1063 2797 1169 2837 Edd.
1206 2796 1259 2837 Μ.
1292 2795 1525 2846 „doloris.“

229 2867 270 2924 ⁹)
301 2869 430 2908 Deest
464 2873 573 2919 ‚,et“
605 2867 646 2907 in
678 2867 770 2907 edd.
803 2867 863 2906 M.
1456 2891 1459 2894 -
