<?xml version="1.0" encoding="UTF-8"?>
<!DOCTYPE html PUBLIC "-//W3C//DTD XHTML 1.0 Transitional//EN"
    "http://www.w3.org/TR/xhtml1/DTD/xhtml1-transitional.dtd">
<html xmlns="http://www.w3.org/1999/xhtml" xml:lang="en" lang="en">
 <head>
  <title>
</title>
<meta http-equiv="Content-Type" content="text/html;charset=utf-8" />
  <meta name='ocr-system' content='tesseract 3.04.00' />
  <meta name='ocr-capabilities' content='ocr_page ocr_carea ocr_par ocr_line ocrx_word'/>
</head>
<body>
  <div class='ocr_page' id='page_1' title='image "./operaomniaquaegr14orig/operaomniaquaegr14orig_0025.png"; bbox 0 0 1738 3134; ppageno 0'>
   <div class='ocr_carea' id='block_1_1' title="bbox 663 138 1508 183">
    <p class='ocr_par' dir='ltr' id='par_1_1' title="bbox 663 138 1508 183">
     <span class='ocr_line' id='line_1_1' title="bbox 663 138 1508 183; baseline 0.005 -4"><span class='ocrx_word' id='word_1_1' title='bbox 663 138 860 179; x_wconf 76' lang='lat' dir='ltr'>HoanA</span> <span class='ocrx_word' id='word_1_2' title='bbox 894 138 925 176; x_wconf 93' lang='grc' dir='ltr'>Ι.</span> <span class='ocrx_word' id='word_1_3' title='bbox 1483 140 1508 183; x_wconf 82' lang='grc'>9</span> 
     </span>
    </p>
   </div>
   <div class='ocr_carea' id='block_1_2' title="bbox 67 249 1508 2461">
    <p class='ocr_par' dir='ltr' id='par_1_2' title="bbox 67 249 1508 2461">
     <span class='ocr_line' id='line_1_2' title="bbox 91 249 1507 306; baseline 0.001 -16"><span class='ocrx_word' id='word_1_4' title='bbox 91 250 250 290; x_wconf 79' lang='lat' dir='ltr'>scivum</span> <span class='ocrx_word' id='word_1_5' title='bbox 291 250 544 306; x_wconf 83' lang='lat' dir='ltr'>discipulum</span> <span class='ocrx_word' id='word_1_6' title='bbox 586 249 772 300; x_wconf 76' lang='lat' dir='ltr'>castigat,</span> <span class='ocrx_word' id='word_1_7' title='bbox 816 265 868 288; x_wconf 86' lang='lat' dir='ltr'>ne</span> <span class='ocrx_word' id='word_1_8' title='bbox 907 249 1033 289; x_wconf 88' lang='lat' dir='ltr'>amari</span> <span class='ocrx_word' id='word_1_9' title='bbox 1071 266 1112 290; x_wconf 92' lang='lat' dir='ltr'>se</span> <span class='ocrx_word' id='word_1_10' title='bbox 1144 250 1322 291; x_wconf 88' lang='lat' dir='ltr'>sentiens</span> <span class='ocrx_word' id='word_1_11' title='bbox 1352 263 1507 306; x_wconf 79' lang='lat' dir='ltr'>pereat.</span> 
     </span>
     <span class='ocr_line' id='line_1_3' title="bbox 90 325 1508 384; baseline 0.003 -19"><span class='ocrx_word' id='word_1_12' title='bbox 90 326 197 366; x_wconf 75' lang='lat' dir='ltr'>Vide</span> <span class='ocrx_word' id='word_1_13' title='bbox 236 327 511 368; x_wconf 70' lang='lat' dir='ltr'>Salomonem</span> <span class='ocrx_word' id='word_1_14' title='bbox 550 325 899 381; x_wconf 76' lang='lat' dir='ltr'>sapientissimum</span> <span class='ocrx_word' id='word_1_15' title='bbox 940 326 1152 377; x_wconf 86' lang='lat' dir='ltr'>omnium,</span> <span class='ocrx_word' id='word_1_16' title='bbox 1194 328 1295 384; x_wconf 84' lang='lat' dir='ltr'>quid</span> <span class='ocrx_word' id='word_1_17' title='bbox 1334 329 1384 368; x_wconf 90' lang='lat' dir='ltr'>de</span> <span class='ocrx_word' id='word_1_18' title='bbox 1424 328 1508 368; x_wconf 87' lang='lat' dir='ltr'>Dei</span> 
     </span>
     <span class='ocr_line' id='line_1_4' title="bbox 92 403 1508 459; baseline 0.001 -17"><span class='ocrx_word' id='word_1_19' title='bbox 92 404 428 458; x_wconf 73' lang='lat' dir='ltr'>correptionibus</span> <span class='ocrx_word' id='word_1_20' title='bbox 455 403 709 458; x_wconf 84' lang='lat' dir='ltr'>suspicetur:</span> <span class='ocrx_word' id='word_1_21' title='bbox 749 403 873 452; x_wconf 80' lang='lat' dir='ltr'>„fili,</span> <span class='ocrx_word' id='word_1_22' title='bbox 901 403 938 456; x_wconf 88' lang='lat'>¹)</span> <span class='ocrx_word' id='word_1_23' title='bbox 979 404 1070 443; x_wconf 86' lang='lat' dir='ltr'>noli</span> <span class='ocrx_word' id='word_1_24' title='bbox 1109 420 1193 444; x_wconf 85' lang='lat' dir='ltr'>esse</span> <span class='ocrx_word' id='word_1_25' title='bbox 1230 403 1508 459; x_wconf 78' lang='lat' dir='ltr'>pusillanimis</span> 
     </span>
     <span class='ocr_line' id='line_1_5' title="bbox 89 479 1508 537; baseline 0.001 -18"><span class='ocrx_word' id='word_1_26' title='bbox 89 480 133 520; x_wconf 85' lang='lat' dir='ltr'>in</span> <span class='ocrx_word' id='word_1_27' title='bbox 164 481 384 537; x_wconf 77' lang='lat' dir='ltr'>disciplina</span> <span class='ocrx_word' id='word_1_28' title='bbox 412 479 514 529; x_wconf 79' lang='lat' dir='ltr'>Dei,</span> <span class='ocrx_word' id='word_1_29' title='bbox 544 495 679 533; x_wconf 86' lang='lat' dir='ltr'>neque</span> <span class='ocrx_word' id='word_1_30' title='bbox 711 479 878 520; x_wconf 78' lang='lat' dir='ltr'>deficias</span> <span class='ocrx_word' id='word_1_31' title='bbox 911 491 1128 535; x_wconf 86' lang='lat' dir='ltr'>correptus</span> <span class='ocrx_word' id='word_1_32' title='bbox 1158 482 1209 519; x_wconf 87' lang='lat' dir='ltr'>ab</span> <span class='ocrx_word' id='word_1_33' title='bbox 1241 496 1305 520; x_wconf 87' lang='lat' dir='ltr'>eo.</span> <span class='ocrx_word' id='word_1_34' title='bbox 1366 479 1508 534; x_wconf 77' lang='lat' dir='ltr'>Quem</span> 
     </span>
     <span class='ocr_line' id='line_1_6' title="bbox 91 555 1508 611; baseline 0 -15"><span class='ocrx_word' id='word_1_35' title='bbox 91 556 201 597; x_wconf 80' lang='lat' dir='ltr'>enim</span> <span class='ocrx_word' id='word_1_36' title='bbox 240 557 375 610; x_wconf 80' lang='lat' dir='ltr'>diligit</span> <span class='ocrx_word' id='word_1_37' title='bbox 409 555 641 604; x_wconf 86' lang='lat' dir='ltr'>Dominus,</span> <span class='ocrx_word' id='word_1_38' title='bbox 693 556 888 611; x_wconf 81' lang='lat' dir='ltr'>corripit;</span> <span class='ocrx_word' id='word_1_39' title='bbox 935 557 1115 609; x_wconf 76' lang='lat' dir='ltr'>flagellat</span> <span class='ocrx_word' id='word_1_40' title='bbox 1156 568 1296 596; x_wconf 84' lang='lat' dir='ltr'>autem</span> <span class='ocrx_word' id='word_1_41' title='bbox 1337 573 1508 597; x_wconf 86' lang='lat' dir='ltr'>omnem</span> 
     </span>
     <span class='ocr_line' id='line_1_7' title="bbox 86 632 1503 691; baseline -0.001 -17"><span class='ocrx_word' id='word_1_42' title='bbox 86 634 223 675; x_wconf 79' lang='lat' dir='ltr'>filium</span> <span class='ocrx_word' id='word_1_43' title='bbox 255 652 379 691; x_wconf 88' lang='lat' dir='ltr'>quem</span> <span class='ocrx_word' id='word_1_44' title='bbox 409 632 602 688; x_wconf 85' lang='lat' dir='ltr'>recipit.“</span> <span class='ocrx_word' id='word_1_45' title='bbox 659 633 812 674; x_wconf 71' lang='lat' dir='ltr'>Nullus</span> <span class='ocrx_word' id='word_1_46' title='bbox 845 645 904 674; x_wconf 89' lang='lat' dir='ltr'>est</span> <span class='ocrx_word' id='word_1_47' title='bbox 935 633 1059 682; x_wconf 90' lang='lat' dir='ltr'>enim,</span> <span class='ocrx_word' id='word_1_48' title='bbox 1090 632 1227 688; x_wconf 86' lang='lat' dir='ltr'>inquit</span> <span class='ocrx_word' id='word_1_49' title='bbox 1257 634 1503 687; x_wconf 75' lang='lat' dir='ltr'>Apostolus,</span> 
     </span>
     <span class='ocr_line' id='line_1_8' title="bbox 84 709 1503 766; baseline 0 -16"><span class='ocrx_word' id='word_1_50' title='bbox 84 711 216 761; x_wconf 81' lang='lat' dir='ltr'>filius,</span> <span class='ocrx_word' id='word_1_51' title='bbox 256 711 327 766; x_wconf 86' lang='lat' dir='ltr'>qui</span> <span class='ocrx_word' id='word_1_52' title='bbox 365 727 458 751; x_wconf 88' lang='lat' dir='ltr'>eum</span> <span class='ocrx_word' id='word_1_53' title='bbox 498 709 753 765; x_wconf 85' lang='lat' dir='ltr'>peccaverit,</span> <span class='ocrx_word' id='word_1_54' title='bbox 791 726 877 750; x_wconf 90' lang='lat' dir='ltr'>non</span> <span class='ocrx_word' id='word_1_55' title='bbox 916 711 1150 762; x_wconf 84' lang='lat' dir='ltr'>flagelletur</span> <span class='ocrx_word' id='word_1_56' title='bbox 1192 726 1214 750; x_wconf 87' lang='lat' dir='ltr'>a</span> <span class='ocrx_word' id='word_1_57' title='bbox 1252 721 1382 765; x_wconf 86' lang='lat' dir='ltr'>patre.</span> <span class='ocrx_word' id='word_1_58' title='bbox 1449 711 1503 750; x_wconf 68' lang='lat' dir='ltr'>Iit</span> 
     </span>
     <span class='ocr_line' id='line_1_9' title="bbox 83 786 1503 842; baseline 0 -16"><span class='ocrx_word' id='word_1_59' title='bbox 83 788 136 826; x_wconf 88' lang='lat' dir='ltr'>ad</span> <span class='ocrx_word' id='word_1_60' title='bbox 164 787 244 827; x_wconf 84' lang='lat' dir='ltr'>hoc</span> <span class='ocrx_word' id='word_1_61' title='bbox 274 786 524 827; x_wconf 86' lang='lat' dir='ltr'>mirabiliter</span> <span class='ocrx_word' id='word_1_62' title='bbox 552 788 736 836; x_wconf 78' lang='lat' dir='ltr'><strong>addidit,</strong></span> <span class='ocrx_word' id='word_1_63' title='bbox 778 787 940 827; x_wconf 84' lang='lat' dir='ltr'>dicens:</span> <span class='ocrx_word' id='word_1_64' title='bbox 981 788 1056 838; x_wconf 84' lang='lat' dir='ltr'>„iu</span> <span class='ocrx_word' id='word_1_65' title='bbox 1085 788 1126 842; x_wconf 83' lang='lat'>2)</span> <span class='ocrx_word' id='word_1_66' title='bbox 1161 786 1381 841; x_wconf 72' lang='lat' dir='ltr'><strong>disciplina</strong></span> <span class='ocrx_word' id='word_1_67' title='bbox 1407 804 1503 842; x_wconf 89' lang='lat' dir='ltr'>per-</span> 
     </span>
     <span class='ocr_line' id='line_1_10' title="bbox 83 863 1502 920; baseline 0 -17"><span class='ocrx_word' id='word_1_68' title='bbox 83 874 280 904; x_wconf 82' lang='lat' dir='ltr'>severate.</span> <span class='ocrx_word' id='word_1_69' title='bbox 326 863 544 920; x_wconf 78' lang='lat' dir='ltr'>Tanquam</span> <span class='ocrx_word' id='word_1_70' title='bbox 575 865 672 905; x_wconf 77' lang='lat' dir='ltr'>filiis</span> <span class='ocrx_word' id='word_1_71' title='bbox 705 864 822 904; x_wconf 80' lang='lat' dir='ltr'>vobis</span> <span class='ocrx_word' id='word_1_72' title='bbox 855 865 984 904; x_wconf 81' lang='lat' dir='ltr'>offert</span> <span class='ocrx_word' id='word_1_73' title='bbox 1012 881 1054 905; x_wconf 89' lang='lat' dir='ltr'>se</span> <span class='ocrx_word' id='word_1_74' title='bbox 1074 865 1205 905; x_wconf 84' lang='lat' dir='ltr'>Deus.</span> <span class='ocrx_word' id='word_1_75' title='bbox 1252 863 1358 918; x_wconf 85' lang='lat' dir='ltr'>Quis</span> <span class='ocrx_word' id='word_1_76' title='bbox 1391 863 1502 904; x_wconf 86' lang='lat' dir='ltr'>enim</span> 
     </span>
     <span class='ocr_line' id='line_1_11' title="bbox 80 940 1501 997; baseline 0.001 -17"><span class='ocrx_word' id='word_1_77' title='bbox 80 940 212 990; x_wconf 82' lang='lat' dir='ltr'>filius,</span> <span class='ocrx_word' id='word_1_78' title='bbox 255 957 380 996; x_wconf 90' lang='lat' dir='ltr'>quem</span> <span class='ocrx_word' id='word_1_79' title='bbox 417 958 502 982; x_wconf 89' lang='lat' dir='ltr'>non</span> <span class='ocrx_word' id='word_1_80' title='bbox 544 941 721 997; x_wconf 79' lang='lat' dir='ltr'>corripit</span> <span class='ocrx_word' id='word_1_81' title='bbox 749 941 899 997; x_wconf 84' lang='lat' dir='ltr'>pater?</span> <span class='ocrx_word' id='word_1_82' title='bbox 947 941 1078 996; x_wconf 86' lang='lat' dir='ltr'>Quod</span> <span class='ocrx_word' id='word_1_83' title='bbox 1106 941 1140 982; x_wconf 83' lang='lat' dir='ltr'>si</span> <span class='ocrx_word' id='word_1_84' title='bbox 1173 953 1287 982; x_wconf 83' lang='lat' dir='ltr'>extra</span> <span class='ocrx_word' id='word_1_85' title='bbox 1315 941 1501 997; x_wconf 82' lang='lat' dir='ltr'>discipli-</span> 
     </span>
     <span class='ocr_line' id='line_1_12' title="bbox 78 1017 1501 1074; baseline 0.002 -18"><span class='ocrx_word' id='word_1_86' title='bbox 78 1033 175 1057; x_wconf 85' lang='lat' dir='ltr'>nam</span> <span class='ocrx_word' id='word_1_87' title='bbox 207 1017 324 1067; x_wconf 83' lang='lat' dir='ltr'>estis,</span> <span class='ocrx_word' id='word_1_88' title='bbox 366 1017 482 1074; x_wconf 74' lang='lat' dir='ltr'>cujus</span> <span class='ocrx_word' id='word_1_89' title='bbox 523 1017 749 1074; x_wconf 78' lang='lat' dir='ltr'>participes</span> <span class='ocrx_word' id='word_1_90' title='bbox 789 1019 887 1059; x_wconf 81' lang='lat' dir='ltr'>facti</span> <span class='ocrx_word' id='word_1_91' title='bbox 917 1031 1012 1060; x_wconf 90' lang='lat' dir='ltr'>sunt</span> <span class='ocrx_word' id='word_1_92' title='bbox 1043 1025 1211 1068; x_wconf 80' lang='lat' dir='ltr'>omnes,</span> <span class='ocrx_word' id='word_1_93' title='bbox 1251 1018 1433 1059; x_wconf 76' lang='lat' dir='ltr'><strong>adulteri</strong></span> <span class='ocrx_word' id='word_1_94' title='bbox 1463 1030 1501 1059; x_wconf 85' lang='lat' dir='ltr'>et</span> 
     </span>
     <span class='ocr_line' id='line_1_13' title="bbox 78 1094 1499 1152; baseline 0.002 -18"><span class='ocrx_word' id='word_1_95' title='bbox 78 1111 165 1135; x_wconf 88' lang='lat' dir='ltr'>non</span> <span class='ocrx_word' id='word_1_96' title='bbox 193 1095 271 1135; x_wconf 85' lang='lat' dir='ltr'>filii</span> <span class='ocrx_word' id='word_1_97' title='bbox 302 1095 439 1137; x_wconf 81' lang='lat' dir='ltr'>estis.“</span> <span class='ocrx_word' id='word_1_98' title='bbox 487 1095 573 1136; x_wconf 85' lang='lat' dir='ltr'>Sed</span> <span class='ocrx_word' id='word_1_99' title='bbox 603 1094 655 1135; x_wconf 87' lang='lat' dir='ltr'>sit</span> <span class='ocrx_word' id='word_1_100' title='bbox 684 1095 859 1136; x_wconf 78' lang='lat' dir='ltr'>forsitan</span> <span class='ocrx_word' id='word_1_101' title='bbox 889 1096 1053 1152; x_wconf 81' lang='lat' dir='ltr'>aliquis,</span> <span class='ocrx_word' id='word_1_102' title='bbox 1093 1096 1165 1152; x_wconf 81' lang='lat' dir='ltr'>qui</span> <span class='ocrx_word' id='word_1_103' title='bbox 1195 1096 1287 1152; x_wconf 85' lang='lat' dir='ltr'>ipso</span> <span class='ocrx_word' id='word_1_104' title='bbox 1326 1096 1499 1137; x_wconf 84' lang='lat' dir='ltr'>nomine</span> 
     </span>
     <span class='ocr_line' id='line_1_14' title="bbox 76 1171 1497 1236; baseline 0.001 -25"><span class='ocrx_word' id='word_1_105' title='bbox 76 1171 161 1212; x_wconf 87' lang='lat' dir='ltr'>irae</span> <span class='ocrx_word' id='word_1_106' title='bbox 193 1173 379 1236; x_wconf 40' lang='lat' dir='ltr'>ostjensus</span> <span class='ocrx_word' id='word_1_107' title='bbox 410 1172 655 1213; x_wconf 80' lang='lat' dir='ltr'>criminetur</span> <span class='ocrx_word' id='word_1_108' title='bbox 686 1189 776 1212; x_wconf 86' lang='lat' dir='ltr'>eam</span> <span class='ocrx_word' id='word_1_109' title='bbox 802 1171 844 1212; x_wconf 85' lang='lat' dir='ltr'>in</span> <span class='ocrx_word' id='word_1_110' title='bbox 874 1173 985 1213; x_wconf 91' lang='lat' dir='ltr'>Deo.</span> <span class='ocrx_word' id='word_1_111' title='bbox 1034 1172 1111 1214; x_wconf 85' lang='lat' dir='ltr'>Cui</span> <span class='ocrx_word' id='word_1_112' title='bbox 1135 1173 1497 1228; x_wconf 85' lang='lat' dir='ltr'>respondebimus,</span> 
     </span>
     <span class='ocr_line' id='line_1_15' title="bbox 76 1248 1498 1304; baseline 0.001 -17"><span class='ocrx_word' id='word_1_113' title='bbox 76 1264 162 1288; x_wconf 91' lang='lat' dir='ltr'>non</span> <span class='ocrx_word' id='word_1_114' title='bbox 201 1259 285 1288; x_wconf 89' lang='lat' dir='ltr'>tam</span> <span class='ocrx_word' id='word_1_115' title='bbox 325 1248 427 1288; x_wconf 87' lang='lat' dir='ltr'>iram</span> <span class='ocrx_word' id='word_1_116' title='bbox 468 1265 553 1288; x_wconf 88' lang='lat' dir='ltr'>esse</span> <span class='ocrx_word' id='word_1_117' title='bbox 591 1249 695 1290; x_wconf 88' lang='lat' dir='ltr'>iram</span> <span class='ocrx_word' id='word_1_118' title='bbox 725 1249 833 1298; x_wconf 81' lang='lat' dir='ltr'>Dei,</span> <span class='ocrx_word' id='word_1_119' title='bbox 873 1265 996 1304; x_wconf 82' lang='lat' dir='ltr'>quam</span> <span class='ocrx_word' id='word_1_120' title='bbox 1027 1249 1300 1289; x_wconf 83' lang='lat' dir='ltr'>neeessariam</span> <span class='ocrx_word' id='word_1_121' title='bbox 1332 1249 1498 1304; x_wconf 84' lang='lat' dir='ltr'>dispen-</span> 
     </span>
     <span class='ocr_line' id='line_1_16' title="bbox 77 1324 1500 1381; baseline 0 -16"><span class='ocrx_word' id='word_1_122' title='bbox 77 1324 294 1366; x_wconf 79' lang='lat' dir='ltr'>sationem.</span> <span class='ocrx_word' id='word_1_123' title='bbox 355 1325 489 1374; x_wconf 83' lang='lat' dir='ltr'>Audi,</span> <span class='ocrx_word' id='word_1_124' title='bbox 531 1327 645 1380; x_wconf 90' lang='lat' dir='ltr'>quod</span> <span class='ocrx_word' id='word_1_125' title='bbox 676 1326 729 1366; x_wconf 88' lang='lat' dir='ltr'>sit</span> <span class='ocrx_word' id='word_1_126' title='bbox 761 1343 865 1381; x_wconf 86' lang='lat' dir='ltr'>opus</span> <span class='ocrx_word' id='word_1_127' title='bbox 905 1325 989 1366; x_wconf 85' lang='lat' dir='ltr'>irae</span> <span class='ocrx_word' id='word_1_128' title='bbox 1020 1327 1124 1367; x_wconf 74' lang='lat' dir='ltr'>Dei:</span> <span class='ocrx_word' id='word_1_129' title='bbox 1165 1339 1210 1366; x_wconf 90' lang='lat' dir='ltr'>ut</span> <span class='ocrx_word' id='word_1_130' title='bbox 1249 1337 1414 1377; x_wconf 83' lang='lat' dir='ltr'>arguat,</span> <span class='ocrx_word' id='word_1_131' title='bbox 1452 1337 1500 1365; x_wconf 89' lang='lat' dir='ltr'>ut</span> 
     </span>
     <span class='ocr_line' id='line_1_17' title="bbox 78 1401 1497 1458; baseline 0.001 -17"><span class='ocrx_word' id='word_1_132' title='bbox 78 1402 277 1455; x_wconf 82' lang='lat' dir='ltr'>corrigat,</span> <span class='ocrx_word' id='word_1_133' title='bbox 317 1414 363 1442; x_wconf 88' lang='lat' dir='ltr'>ut</span> <span class='ocrx_word' id='word_1_134' title='bbox 402 1403 616 1443; x_wconf 83' lang='lat' dir='ltr'>emendet:</span> <span class='ocrx_word' id='word_1_135' title='bbox 660 1402 903 1452; x_wconf 89' lang='lat' dir='ltr'>‚,Domine‚</span> <span class='ocrx_word' id='word_1_136' title='bbox 927 1401 972 1458; x_wconf 83' lang='lat'>³)</span> <span class='ocrx_word' id='word_1_137' title='bbox 1009 1419 1060 1443; x_wconf 88' lang='lat' dir='ltr'>ne</span> <span class='ocrx_word' id='word_1_138' title='bbox 1093 1403 1134 1442; x_wconf 85' lang='lat' dir='ltr'>in</span> <span class='ocrx_word' id='word_1_139' title='bbox 1165 1403 1225 1443; x_wconf 86' lang='lat' dir='ltr'>ira</span> <span class='ocrx_word' id='word_1_140' title='bbox 1255 1415 1325 1443; x_wconf 85' lang='lat' dir='ltr'>tua</span> <span class='ocrx_word' id='word_1_141' title='bbox 1354 1419 1497 1455; x_wconf 85' lang='lat' dir='ltr'>arguas</span> 
     </span>
     <span class='ocr_line' id='line_1_18' title="bbox 75 1479 1496 1534; baseline 0 -15"><span class='ocrx_word' id='word_1_142' title='bbox 75 1495 165 1529; x_wconf 89' lang='lat' dir='ltr'>me,</span> <span class='ocrx_word' id='word_1_143' title='bbox 206 1496 342 1534; x_wconf 87' lang='lat' dir='ltr'>neque</span> <span class='ocrx_word' id='word_1_144' title='bbox 381 1479 422 1518; x_wconf 86' lang='lat' dir='ltr'>in</span> <span class='ocrx_word' id='word_1_145' title='bbox 462 1480 604 1519; x_wconf 89' lang='lat' dir='ltr'>surore</span> <span class='ocrx_word' id='word_1_146' title='bbox 644 1491 717 1519; x_wconf 88' lang='lat' dir='ltr'>tuo</span> <span class='ocrx_word' id='word_1_147' title='bbox 761 1479 962 1534; x_wconf 76' lang='lat' dir='ltr'>corripias</span> <span class='ocrx_word' id='word_1_148' title='bbox 1003 1487 1111 1520; x_wconf 88' lang='lat' dir='ltr'>me.“</span> <span class='ocrx_word' id='word_1_149' title='bbox 1174 1479 1261 1533; x_wconf 81' lang='lat' dir='ltr'>Qui</span> <span class='ocrx_word' id='word_1_150' title='bbox 1301 1480 1401 1520; x_wconf 87' lang='lat' dir='ltr'>haec</span> <span class='ocrx_word' id='word_1_151' title='bbox 1433 1480 1496 1519; x_wconf 89' lang='lat' dir='ltr'>lo-</span> 
     </span>
     <span class='ocr_line' id='line_1_19' title="bbox 74 1555 1493 1611; baseline 0.001 -17"><span class='ocrx_word' id='word_1_152' title='bbox 74 1555 235 1611; x_wconf 89' lang='lat' dir='ltr'>quitur,</span> <span class='ocrx_word' id='word_1_153' title='bbox 265 1556 343 1595; x_wconf 86' lang='lat' dir='ltr'>scit</span> <span class='ocrx_word' id='word_1_154' title='bbox 371 1556 558 1596; x_wconf 78' lang='lat' dir='ltr'>furorem</span> <span class='ocrx_word' id='word_1_155' title='bbox 589 1556 671 1596; x_wconf 83' lang='lat' dir='ltr'>Dei</span> <span class='ocrx_word' id='word_1_156' title='bbox 702 1573 786 1596; x_wconf 87' lang='lat' dir='ltr'>non</span> <span class='ocrx_word' id='word_1_157' title='bbox 822 1572 908 1596; x_wconf 85' lang='lat' dir='ltr'>esse</span> <span class='ocrx_word' id='word_1_158' title='bbox 939 1556 1134 1596; x_wconf 83' lang='lat' dir='ltr'>inutilem</span> <span class='ocrx_word' id='word_1_159' title='bbox 1175 1558 1225 1597; x_wconf 88' lang='lat' dir='ltr'>ad</span> <span class='ocrx_word' id='word_1_160' title='bbox 1255 1557 1493 1597; x_wconf 82' lang='lat' dir='ltr'>sanitatem:</span> 
     </span>
     <span class='ocr_line' id='line_1_20' title="bbox 71 1632 1496 1685; baseline 0 -12"><span class='ocrx_word' id='word_1_161' title='bbox 71 1634 145 1673; x_wconf 85' lang='lat' dir='ltr'>sed</span> <span class='ocrx_word' id='word_1_162' title='bbox 187 1635 239 1673; x_wconf 82' lang='lat' dir='ltr'>ad</span> <span class='ocrx_word' id='word_1_163' title='bbox 277 1634 357 1673; x_wconf 83' lang='lat' dir='ltr'>hoc</span> <span class='ocrx_word' id='word_1_164' title='bbox 396 1632 606 1683; x_wconf 85' lang='lat' dir='ltr'>adhiberi,</span> <span class='ocrx_word' id='word_1_165' title='bbox 645 1646 693 1673; x_wconf 87' lang='lat' dir='ltr'>ut</span> <span class='ocrx_word' id='word_1_166' title='bbox 733 1646 848 1673; x_wconf 77' lang='lat' dir='ltr'>curet</span> <span class='ocrx_word' id='word_1_167' title='bbox 886 1645 1168 1685; x_wconf 74' lang='lat' dir='ltr'>aegrotantes,</span> <span class='ocrx_word' id='word_1_168' title='bbox 1213 1646 1260 1674; x_wconf 90' lang='lat' dir='ltr'>ut</span> <span class='ocrx_word' id='word_1_169' title='bbox 1301 1635 1496 1674; x_wconf 85' lang='lat' dir='ltr'>emendet</span> 
     </span>
     <span class='ocr_line' id='line_1_21' title="bbox 73 1709 1492 1767; baseline 0.001 -18"><span class='ocrx_word' id='word_1_170' title='bbox 73 1726 159 1760; x_wconf 86' lang='lat' dir='ltr'>eos,</span> <span class='ocrx_word' id='word_1_171' title='bbox 189 1710 260 1765; x_wconf 86' lang='lat' dir='ltr'>qui</span> <span class='ocrx_word' id='word_1_172' title='bbox 289 1726 527 1750; x_wconf 84' lang='lat' dir='ltr'>sermonem</span> <span class='ocrx_word' id='word_1_173' title='bbox 558 1709 645 1767; x_wconf 82' lang='lat' dir='ltr'>ejus</span> <span class='ocrx_word' id='word_1_174' title='bbox 673 1710 817 1751; x_wconf 86' lang='lat' dir='ltr'>audire</span> <span class='ocrx_word' id='word_1_175' title='bbox 850 1721 1174 1750; x_wconf 85' lang='lat' dir='ltr'>contemserunt.</span> <span class='ocrx_word' id='word_1_176' title='bbox 1219 1710 1383 1750; x_wconf 85' lang='lat' dir='ltr'>Idcirco</span> <span class='ocrx_word' id='word_1_177' title='bbox 1415 1727 1492 1750; x_wconf 90' lang='lat' dir='ltr'>nec</span> 
     </span>
     <span class='ocr_line' id='line_1_22' title="bbox 72 1786 1494 1843; baseline 0 -17"><span class='ocrx_word' id='word_1_178' title='bbox 72 1788 342 1842; x_wconf 83' lang='lat' dir='ltr'>deprecatur,</span> <span class='ocrx_word' id='word_1_179' title='bbox 383 1802 435 1826; x_wconf 88' lang='lat' dir='ltr'>ne</span> <span class='ocrx_word' id='word_1_180' title='bbox 464 1786 618 1826; x_wconf 79' lang='lat' dir='ltr'>talibus</span> <span class='ocrx_word' id='word_1_181' title='bbox 651 1787 848 1828; x_wconf 82' lang='lat' dir='ltr'>remediis</span> <span class='ocrx_word' id='word_1_182' title='bbox 881 1787 1148 1836; x_wconf 79' lang='lat' dir='ltr'>emendetur,</span> <span class='ocrx_word' id='word_1_183' title='bbox 1182 1804 1233 1828; x_wconf 89' lang='lat' dir='ltr'>ne</span> <span class='ocrx_word' id='word_1_184' title='bbox 1266 1804 1359 1827; x_wconf 87' lang='lat' dir='ltr'>eum</span> <span class='ocrx_word' id='word_1_185' title='bbox 1391 1803 1494 1843; x_wconf 90' lang='lat' dir='ltr'>poe—</span> 
     </span>
     <span class='ocr_line' id='line_1_23' title="bbox 71 1862 1492 1920; baseline -0.001 -17"><span class='ocrx_word' id='word_1_186' title='bbox 71 1863 156 1903; x_wconf 86' lang='lat' dir='ltr'>nali</span> <span class='ocrx_word' id='word_1_187' title='bbox 195 1864 361 1904; x_wconf 86' lang='lat' dir='ltr'>medela</span> <span class='ocrx_word' id='word_1_188' title='bbox 391 1862 568 1918; x_wconf 84' lang='lat' dir='ltr'>recipiat</span> <span class='ocrx_word' id='word_1_189' title='bbox 597 1863 814 1918; x_wconf 85' lang='lat' dir='ltr'>pristinam</span> <span class='ocrx_word' id='word_1_190' title='bbox 849 1863 1086 1904; x_wconf 85' lang='lat' dir='ltr'>sanitatem:</span> <span class='ocrx_word' id='word_1_191' title='bbox 1129 1865 1244 1920; x_wconf 85' lang='lat' dir='ltr'>quasi</span> <span class='ocrx_word' id='word_1_192' title='bbox 1282 1865 1315 1905; x_wconf 81' lang='lat' dir='ltr'>si</span> <span class='ocrx_word' id='word_1_193' title='bbox 1351 1880 1492 1904; x_wconf 78' lang='lat' dir='ltr'>servus</span> 
     </span>
     <span class='ocr_line' id='line_1_24' title="bbox 71 1939 1492 1998; baseline 0 -18"><span class='ocrx_word' id='word_1_194' title='bbox 71 1939 152 1996; x_wconf 77' lang='lat' dir='ltr'>jam</span> <span class='ocrx_word' id='word_1_195' title='bbox 180 1939 291 1980; x_wconf 87' lang='lat' dir='ltr'>inter</span> <span class='ocrx_word' id='word_1_196' title='bbox 314 1940 479 1992; x_wconf 75' lang='lat' dir='ltr'>flagella</span> <span class='ocrx_word' id='word_1_197' title='bbox 504 1940 678 1995; x_wconf 82' lang='lat' dir='ltr'>positus,</span> <span class='ocrx_word' id='word_1_198' title='bbox 711 1941 931 1982; x_wconf 85' lang='lat' dir='ltr'>dominum</span> <span class='ocrx_word' id='word_1_199' title='bbox 954 1954 1162 1997; x_wconf 83' lang='lat' dir='ltr'>precetur,</span> <span class='ocrx_word' id='word_1_200' title='bbox 1193 1941 1492 1998; x_wconf 85' lang='lat' dir='ltr'>repromittens</span> 
     </span>
     <span class='ocr_line' id='line_1_25' title="bbox 71 2016 1490 2075; baseline 0.001 -19"><span class='ocrx_word' id='word_1_201' title='bbox 71 2016 130 2066; x_wconf 87' lang='lat' dir='ltr'>ei,</span> <span class='ocrx_word' id='word_1_202' title='bbox 170 2034 213 2057; x_wconf 87' lang='lat' dir='ltr'>se</span> <span class='ocrx_word' id='word_1_203' title='bbox 247 2017 448 2072; x_wconf 82' lang='lat' dir='ltr'>imperata</span> <span class='ocrx_word' id='word_1_204' title='bbox 492 2018 722 2069; x_wconf 83' lang='lat' dir='ltr'>facturum,</span> <span class='ocrx_word' id='word_1_205' title='bbox 763 2031 804 2059; x_wconf 82' lang='lat' dir='ltr'>et</span> <span class='ocrx_word' id='word_1_206' title='bbox 845 2019 972 2060; x_wconf 86' lang='lat' dir='ltr'>dicat:</span> <span class='ocrx_word' id='word_1_207' title='bbox 1017 2020 1265 2069; x_wconf 80' lang='lat' dir='ltr'>‚,D0mine‚</span> <span class='ocrx_word' id='word_1_208' title='bbox 1292 2018 1334 2075; x_wconf 74' lang='lat'>⁴)</span> <span class='ocrx_word' id='word_1_209' title='bbox 1365 2035 1418 2059; x_wconf 89' lang='lat' dir='ltr'>ne</span> <span class='ocrx_word' id='word_1_210' title='bbox 1450 2018 1490 2058; x_wconf 86' lang='lat' dir='ltr'>iu</span> 
     </span>
     <span class='ocr_line' id='line_1_26' title="bbox 67 2093 1491 2152; baseline 0.001 -18"><span class='ocrx_word' id='word_1_211' title='bbox 67 2093 129 2134; x_wconf 82' lang='lat' dir='ltr'>ira</span> <span class='ocrx_word' id='word_1_212' title='bbox 165 2105 235 2134; x_wconf 83' lang='lat' dir='ltr'>tua</span> <span class='ocrx_word' id='word_1_213' title='bbox 274 2111 416 2146; x_wconf 81' lang='lat' dir='ltr'>arguas</span> <span class='ocrx_word' id='word_1_214' title='bbox 453 2111 544 2144; x_wconf 90' lang='lat' dir='ltr'>me,</span> <span class='ocrx_word' id='word_1_215' title='bbox 582 2111 720 2151; x_wconf 80' lang='lat' dir='ltr'>neque</span> <span class='ocrx_word' id='word_1_216' title='bbox 758 2096 800 2136; x_wconf 88' lang='lat' dir='ltr'>in</span> <span class='ocrx_word' id='word_1_217' title='bbox 841 2098 985 2137; x_wconf 85' lang='lat' dir='ltr'>furore</span> <span class='ocrx_word' id='word_1_218' title='bbox 1026 2109 1099 2137; x_wconf 90' lang='lat' dir='ltr'>tuo</span> <span class='ocrx_word' id='word_1_219' title='bbox 1142 2095 1343 2152; x_wconf 85' lang='lat' dir='ltr'>corripias</span> <span class='ocrx_word' id='word_1_220' title='bbox 1381 2102 1491 2136; x_wconf 86' lang='lat' dir='ltr'>me.“</span> 
     </span>
     <span class='ocr_line' id='line_1_27' title="bbox 70 2171 1488 2228; baseline 0.002 -18"><span class='ocrx_word' id='word_1_221' title='bbox 70 2171 223 2212; x_wconf 85' lang='lat' dir='ltr'>Omnia</span> <span class='ocrx_word' id='word_1_222' title='bbox 260 2188 363 2227; x_wconf 82' lang='lat' dir='ltr'>quae</span> <span class='ocrx_word' id='word_1_223' title='bbox 402 2173 486 2212; x_wconf 83' lang='lat' dir='ltr'>Dei</span> <span class='ocrx_word' id='word_1_224' title='bbox 526 2185 641 2223; x_wconf 87' lang='lat' dir='ltr'>sunt,</span> <span class='ocrx_word' id='word_1_225' title='bbox 680 2175 792 2214; x_wconf 86' lang='lat' dir='ltr'>bona</span> <span class='ocrx_word' id='word_1_226' title='bbox 831 2186 945 2224; x_wconf 87' lang='lat' dir='ltr'>sunt,</span> <span class='ocrx_word' id='word_1_227' title='bbox 989 2186 1028 2215; x_wconf 86' lang='lat' dir='ltr'>ct</span> <span class='ocrx_word' id='word_1_228' title='bbox 1067 2191 1280 2214; x_wconf 76' lang='lat' dir='ltr'>meremur</span> <span class='ocrx_word' id='word_1_229' title='bbox 1321 2173 1488 2228; x_wconf 74' lang='lat' dir='ltr'>corripi.</span> 
     </span>
     <span class='ocr_line' id='line_1_28' title="bbox 69 2248 1488 2304; baseline 0.001 -17"><span class='ocrx_word' id='word_1_230' title='bbox 69 2248 268 2288; x_wconf 84' lang='lat' dir='ltr'>Ausculta</span> <span class='ocrx_word' id='word_1_231' title='bbox 299 2249 400 2304; x_wconf 84' lang='lat' dir='ltr'>quid</span> <span class='ocrx_word' id='word_1_232' title='bbox 422 2250 463 2304; x_wconf 74' lang='grc'>5)</span> <span class='ocrx_word' id='word_1_233' title='bbox 496 2250 627 2290; x_wconf 87' lang='lat' dir='ltr'>dicat:</span> <span class='ocrx_word' id='word_1_234' title='bbox 670 2267 875 2303; x_wconf 83' lang='lat' dir='ltr'>„arguam</span> <span class='ocrx_word' id='word_1_235' title='bbox 916 2267 988 2291; x_wconf 88' lang='lat' dir='ltr'>eos</span> <span class='ocrx_word' id='word_1_236' title='bbox 1020 2251 1064 2291; x_wconf 84' lang='lat' dir='ltr'>in</span> <span class='ocrx_word' id='word_1_237' title='bbox 1095 2251 1239 2291; x_wconf 83' lang='lat' dir='ltr'>auditu</span> <span class='ocrx_word' id='word_1_238' title='bbox 1281 2250 1488 2302; x_wconf 80' lang='lat' dir='ltr'>angustiae</span> 
     </span>
     <span class='ocr_line' id='line_1_29' title="bbox 71 2326 1488 2383; baseline 0.002 -20"><span class='ocrx_word' id='word_1_239' title='bbox 71 2331 257 2366; x_wconf 87' lang='lat' dir='ltr'>eorum.“</span> <span class='ocrx_word' id='word_1_240' title='bbox 316 2327 419 2366; x_wconf 86' lang='lat' dir='ltr'>Ideo</span> <span class='ocrx_word' id='word_1_241' title='bbox 452 2326 687 2367; x_wconf 81' lang='lat' dir='ltr'>audivimus</span> <span class='ocrx_word' id='word_1_242' title='bbox 720 2344 788 2378; x_wconf 85' lang='lat' dir='ltr'>ca,</span> <span class='ocrx_word' id='word_1_243' title='bbox 828 2345 932 2383; x_wconf 89' lang='lat' dir='ltr'>quae</span> <span class='ocrx_word' id='word_1_244' title='bbox 973 2329 1024 2368; x_wconf 89' lang='lat' dir='ltr'>de</span> <span class='ocrx_word' id='word_1_245' title='bbox 1065 2328 1339 2368; x_wconf 76' lang='lat' dir='ltr'>tribulatione</span> <span class='ocrx_word' id='word_1_246' title='bbox 1380 2338 1488 2376; x_wconf 85' lang='lat' dir='ltr'>sunt,</span> 
     </span>
     <span class='ocr_line' id='line_1_30' title="bbox 69 2404 1487 2461; baseline 0.003 -22"><span class='ocrx_word' id='word_1_247' title='bbox 69 2411 116 2439; x_wconf 89' lang='lat' dir='ltr'>ut</span> <span class='ocrx_word' id='word_1_248' title='bbox 157 2404 437 2444; x_wconf 88' lang='lat' dir='ltr'>emendemur.</span> <span class='ocrx_word' id='word_1_249' title='bbox 506 2405 553 2444; x_wconf 84' lang='lat' dir='ltr'>In</span> <span class='ocrx_word' id='word_1_250' title='bbox 596 2405 830 2445; x_wconf 83' lang='lat' dir='ltr'>maledictis</span> <span class='ocrx_word' id='word_1_251' title='bbox 872 2422 1042 2461; x_wconf 84' lang='lat' dir='ltr'>quoque</span> <span class='ocrx_word' id='word_1_252' title='bbox 1071 2405 1250 2446; x_wconf 82' lang='lat' dir='ltr'>Levitici</span> <span class='ocrx_word' id='word_1_253' title='bbox 1281 2405 1487 2460; x_wconf 79' lang='lat' dir='ltr'>scriptum</span> 
     </span>
    </p>
   </div>
   <div class='ocr_carea' id='block_1_3' title="bbox 70 2478 1488 2538">
    <p class='ocr_par' dir='ltr' id='par_1_3' title="bbox 70 2478 1488 2538">
     <span class='ocr_line' id='line_1_31' title="bbox 70 2478 1488 2538; baseline 0.004 -22"><span class='ocrx_word' id='word_1_254' title='bbox 70 2488 147 2517; x_wconf 83' lang='lat' dir='ltr'>est:</span> <span class='ocrx_word' id='word_1_255' title='bbox 188 2478 258 2526; x_wconf 84' lang='lat' dir='ltr'>„si</span> <span class='ocrx_word' id='word_1_256' title='bbox 283 2480 324 2534; x_wconf 68' lang='grc' dir='ltr'>ὃ)</span> <span class='ocrx_word' id='word_1_257' title='bbox 355 2492 451 2535; x_wconf 87' lang='lat' dir='ltr'>post</span> <span class='ocrx_word' id='word_1_258' title='bbox 482 2480 557 2520; x_wconf 88' lang='lat' dir='ltr'>ista</span> <span class='ocrx_word' id='word_1_259' title='bbox 588 2498 673 2521; x_wconf 88' lang='lat' dir='ltr'>non</span> <span class='ocrx_word' id='word_1_260' title='bbox 707 2482 966 2532; x_wconf 86' lang='lat' dir='ltr'>obedierint,</span> <span class='ocrx_word' id='word_1_261' title='bbox 1010 2500 1144 2538; x_wconf 78' lang='lat' dir='ltr'>neque</span> <span class='ocrx_word' id='word_1_262' title='bbox 1179 2482 1368 2523; x_wconf 79' lang='lat' dir='ltr'>conversi</span> <span class='ocrx_word' id='word_1_263' title='bbox 1398 2483 1488 2522; x_wconf 81' lang='lat' dir='ltr'>suc-</span> 
     </span>
    </p>
   </div>
   <div class='ocr_carea' id='block_1_4' title="bbox 183 2595 1483 2797">
    <p class='ocr_par' dir='ltr' id='par_1_4' title="bbox 183 2595 1483 2797">
     <span class='ocr_line' id='line_1_32' title="bbox 189 2595 1385 2652; baseline 0.006 -18"><span class='ocrx_word' id='word_1_264' title='bbox 189 2595 226 2650; x_wconf 87' lang='lat'>¹)</span> <span class='ocrx_word' id='word_1_265' title='bbox 259 2595 344 2636; x_wconf 89' lang='lat' dir='ltr'>Csr.</span> <span class='ocrx_word' id='word_1_266' title='bbox 377 2597 502 2639; x_wconf 81' lang='lat' dir='ltr'>P1·ov.</span> <span class='ocrx_word' id='word_1_267' title='bbox 535 2599 613 2649; x_wconf 86' lang='lat' dir='ltr'>III,</span> <span class='ocrx_word' id='word_1_268' title='bbox 646 2599 710 2643; x_wconf 87' lang='lat'>11.</span> <span class='ocrx_word' id='word_1_269' title='bbox 745 2600 810 2644; x_wconf 77' lang='lat'>12.</span> <span class='ocrx_word' id='word_1_270' title='bbox 843 2601 939 2641; x_wconf 86' lang='lat' dir='ltr'>coll.</span> <span class='ocrx_word' id='word_1_271' title='bbox 987 2601 1114 2642; x_wconf 79' lang='lat' dir='ltr'>chr.</span> <span class='ocrx_word' id='word_1_272' title='bbox 1147 2603 1245 2652; x_wconf 80' lang='lat' dir='ltr'>XII,</span> <span class='ocrx_word' id='word_1_273' title='bbox 1278 2602 1315 2644; x_wconf 79' lang='grc'>5.</span> <span class='ocrx_word' id='word_1_274' title='bbox 1348 2601 1385 2643; x_wconf 87' lang='grc'>6.</span> 
     </span>
     <span class='ocr_line' id='line_1_33' title="bbox 183 2664 1294 2728; baseline 0.006 -23"><span class='ocrx_word' id='word_1_275' title='bbox 183 2664 225 2719; x_wconf 88' lang='lat'>²)</span> <span class='ocrx_word' id='word_1_276' title='bbox 259 2664 343 2706; x_wconf 83' lang='lat' dir='ltr'>Cfr.</span> <span class='ocrx_word' id='word_1_277' title='bbox 376 2666 504 2708; x_wconf 78' lang='lat' dir='ltr'>chr.</span> <span class='ocrx_word' id='word_1_278' title='bbox 535 2669 635 2719; x_wconf 82' lang='lat' dir='ltr'>XII,</span> <span class='ocrx_word' id='word_1_279' title='bbox 667 2671 704 2712; x_wconf 85' lang='grc'>7.</span> <span class='ocrx_word' id='word_1_280' title='bbox 733 2670 773 2714; x_wconf 62' lang='grc'>84</span> <span class='ocrx_word' id='word_1_281' title='bbox 893 2674 935 2728; x_wconf 82' lang='grc'>3)</span> <span class='ocrx_word' id='word_1_282' title='bbox 967 2673 1121 2714; x_wconf 82' lang='lat' dir='ltr'>Psalm.</span> <span class='ocrx_word' id='word_1_283' title='bbox 1152 2674 1224 2722; x_wconf 79' lang='lat' dir='ltr'>Vl,</span> <span class='ocrx_word' id='word_1_284' title='bbox 1258 2673 1294 2715; x_wconf 87' lang='lat'>1.</span> 
     </span>
     <span class='ocr_line' id='line_1_34' title="bbox 184 2732 1483 2797; baseline 0.001 -19"><span class='ocrx_word' id='word_1_285' title='bbox 184 2732 226 2784; x_wconf 62' lang='grc' dir='ltr'>ι)</span> <span class='ocrx_word' id='word_1_286' title='bbox 258 2734 411 2775; x_wconf 72' lang='lat' dir='ltr'>Psalm-</span> <span class='ocrx_word' id='word_1_287' title='bbox 442 2737 515 2786; x_wconf 81' lang='lat' dir='ltr'>VI,</span> <span class='ocrx_word' id='word_1_288' title='bbox 552 2737 588 2780; x_wconf 92' lang='lat'>1.</span> <span class='ocrx_word' id='word_1_289' title='bbox 630 2763 679 2769; x_wconf 81' lang='lat'>—-</span> <span class='ocrx_word' id='word_1_290' title='bbox 715 2741 792 2781; x_wconf 81' lang='lat' dir='ltr'>Ed.</span> <span class='ocrx_word' id='word_1_291' title='bbox 825 2742 875 2782; x_wconf 84' lang='lat' dir='ltr'>R.</span> <span class='ocrx_word' id='word_1_292' title='bbox 907 2743 988 2783; x_wconf 88' lang='lat' dir='ltr'>hoc</span> <span class='ocrx_word' id='word_1_293' title='bbox 1020 2744 1136 2793; x_wconf 86' lang='lat' dir='ltr'>loco,</span> <span class='ocrx_word' id='word_1_294' title='bbox 1172 2744 1243 2782; x_wconf 86' lang='lat' dir='ltr'>cfr.</span> <span class='ocrx_word' id='word_1_295' title='bbox 1276 2758 1366 2797; x_wconf 79' lang='lat' dir='ltr'>pag.</span> <span class='ocrx_word' id='word_1_296' title='bbox 1399 2739 1483 2795; x_wconf 84' lang='lat' dir='ltr'>huj.</span> 
     </span>
    </p>
   </div>
   <div class='ocr_carea' id='block_1_5' title="bbox 67 2788 1065 2853">
    <p class='ocr_par' dir='ltr' id='par_1_5' title="bbox 67 2788 1065 2853">
     <span class='ocr_line' id='line_1_35' title="bbox 67 2788 1065 2853; baseline 0.01 -23"><span class='ocrx_word' id='word_1_297' title='bbox 67 2801 153 2831; x_wconf 90' lang='lat' dir='ltr'>not.</span> <span class='ocrx_word' id='word_1_298' title='bbox 186 2788 224 2831; x_wconf 86' lang='grc'>3.</span> <span class='ocrx_word' id='word_1_299' title='bbox 256 2808 430 2847; x_wconf 84' lang='lat' dir='ltr'>„neque</span> <span class='ocrx_word' id='word_1_300' title='bbox 461 2791 502 2832; x_wconf 85' lang='lat' dir='ltr'>iu</span> <span class='ocrx_word' id='word_1_301' title='bbox 534 2793 592 2834; x_wconf 86' lang='lat' dir='ltr'>ira</span> <span class='ocrx_word' id='word_1_302' title='bbox 623 2806 693 2836; x_wconf 87' lang='lat' dir='ltr'>tua</span> <span class='ocrx_word' id='word_1_303' title='bbox 725 2798 925 2853; x_wconf 84' lang='lat' dir='ltr'>corripias</span> <span class='ocrx_word' id='word_1_304' title='bbox 955 2806 1065 2840; x_wconf 86' lang='lat' dir='ltr'>me.“</span> 
     </span>
    </p>
   </div>
   <div class='ocr_carea' id='block_1_6' title="bbox 184 2860 1481 2924">
    <p class='ocr_par' dir='ltr' id='par_1_6' title="bbox 184 2860 1481 2924">
     <span class='ocr_line' id='line_1_36' title="bbox 184 2860 1481 2924; baseline 0.005 -24"><span class='ocrx_word' id='word_1_305' title='bbox 184 2860 224 2915; x_wconf 92' lang='lat'>⁵)</span> <span class='ocrx_word' id='word_1_306' title='bbox 255 2860 333 2901; x_wconf 84' lang='lat' dir='ltr'>Ed.</span> <span class='ocrx_word' id='word_1_307' title='bbox 355 2861 507 2902; x_wconf 58' lang='lat' dir='ltr'>uuae-i:</span> <span class='ocrx_word' id='word_1_308' title='bbox 541 2863 611 2917; x_wconf 86' lang='lat' dir='ltr'>qui</span> <span class='ocrx_word' id='word_1_309' title='bbox 635 2864 755 2906; x_wconf 81' lang='lat' dir='ltr'>dicat.</span> <span class='ocrx_word' id='word_1_310' title='bbox 820 2870 862 2924; x_wconf 79' lang='lat'>⁶)</span> <span class='ocrx_word' id='word_1_311' title='bbox 881 2869 965 2911; x_wconf 79' lang='lat' dir='ltr'>Csr.</span> <span class='ocrx_word' id='word_1_312' title='bbox 985 2869 1116 2910; x_wconf 66' lang='lat' dir='ltr'>Lex-it.</span> <span class='ocrx_word' id='word_1_313' title='bbox 1138 2869 1293 2914; x_wconf 82' lang='lat' dir='ltr'>XXVI,</span> <span class='ocrx_word' id='word_1_314' title='bbox 1324 2866 1390 2908; x_wconf 71' lang='grc'>27.</span> <span class='ocrx_word' id='word_1_315' title='bbox 1415 2864 1481 2908; x_wconf 73' lang='grc'>28.</span> 
     </span>
    </p>
   </div>
  </div>
 </body>
</html>
