1759 3134
648 135 844 176 HommA
874 134 992 175 XIII.
1454 137 1530 182 173

117 247 311 296 flumina,
350 246 392 285 in
432 245 580 301 quibus
621 247 746 287 draco
777 247 938 295 sedeat,
976 262 1103 302 super
1141 262 1244 302 quae
1273 247 1443 288 flumina
1473 250 1528 299 hi,

116 325 187 380 qui
225 325 276 364 de
307 322 434 364 Israel
476 323 584 379 capti
624 324 807 372 fuerant,
846 322 1058 371 sedentes,
1101 339 1195 363 cum
1226 341 1392 365 carmen
1423 326 1527 367 Sion

116 417 261 442 canere
290 415 375 440 non
404 412 596 455 possent,
633 400 808 448 flebant,
847 399 1076 438 secundum
1107 399 1171 449 id,
1202 403 1317 456 quod
1346 403 1388 442 in
1419 403 1529 458 psal-

114 479 191 519 mis
214 476 417 532 scriptum
441 489 520 517 est:
551 492 705 532 „super
722 474 760 530 ¹)
783 474 956 515 flumina
970 475 1200 533 Babylonis
1222 478 1311 519 illic
1332 480 1528 530 sedimus,

117 567 157 595 et
185 554 420 594 flevimus.“
476 554 531 594 Et
571 553 657 594 scio
689 552 804 592 aliud
833 552 1012 601 fiumen,
1055 552 1169 610 cujus
1198 554 1380 610 impetus
1411 558 1529 598 laeti-

112 631 207 671 ficat
254 631 464 671 civitatem
510 631 614 680 Dei,
667 629 778 687 juxta
822 629 1065 669 Psalmistae
1110 646 1282 680 vocem,
1330 632 1527 676 dicentis:

111 707 321 758 „fluminis
339 709 380 764 ²)
416 709 597 763 impetus
628 706 825 747 laetificat
857 706 1066 747 civitatem
1096 707 1221 748 Dei.“
1265 709 1337 749 Vis
1368 710 1526 761 audire,

111 785 201 840 quis
249 797 309 825 est
349 785 425 824 iste
468 785 642 840 fluvius,
689 782 804 840 cujus
848 783 1029 839 impetus
1075 784 1271 825 laetificat
1316 786 1527 827 civitatem

108 861 221 902 Dei?
278 863 398 902 Jesus
439 861 626 903 Christus
668 861 879 901 Dominus
918 872 1063 901 noster
1099 873 1158 902 est
1194 862 1366 912 fluvius,
1412 863 1527 920 cujus

104 938 286 994 impetus
327 938 523 978 laetificat
563 938 773 979 civitatem
813 937 910 978 Dei.
986 939 1068 978 Iste
1113 950 1193 989 est,
1244 940 1315 995 qui
1355 941 1411 981 ait
1449 957 1527 997 per

106 1016 274 1056 Isaiam:
306 1031 438 1065 „ecce
460 1016 529 1069 3),
562 1032 637 1068 ego
671 1015 837 1056 declino
868 1015 911 1055 in
945 1030 1017 1056 vos
1048 1015 1166 1070 quasi
1194 1016 1344 1056 fluvius
1371 1016 1527 1072 pacis.“

108 1092 206 1134 Scio
247 1107 322 1143 ego
367 1092 571 1146 quosdam
611 1108 697 1132 esse
735 1091 887 1132 fluvios
923 1092 1224 1148 repromissos,
1265 1092 1338 1150 qui
1368 1110 1415 1134 ex
1445 1095 1526 1135 hoc

106 1168 235 1209 fluvio
281 1180 461 1208 manant.
536 1167 720 1217 „Omnis
744 1167 786 1221 ⁴)
837 1168 969 1218 enim,
1024 1169 1095 1224 qui
1140 1170 1296 1210 biberit
1334 1187 1381 1210 ex
1420 1187 1525 1227 aqua

108 1246 207 1295 ista,
237 1244 349 1285 sitiet
378 1261 566 1284 rursum:
600 1243 671 1298 qui
702 1256 840 1285 autem
870 1246 1025 1286 biberit
1056 1262 1104 1286 ex
1135 1263 1261 1303 aqua,
1293 1264 1417 1303 quam
1448 1264 1524 1301 ego

108 1322 368 1373 dede1·0,‘ait
397 1323 531 1370 Jews,
561 1337 648 1360 non
679 1320 792 1361 sitiet
821 1322 865 1362 in
894 1307 1125 1374 aetefnum,
1159 1325 1233 1364 sed
1265 1324 1343 1364 erit
1373 1325 1523 1366 fluvius

105 1400 148 1440 in
180 1416 229 1440 eo
261 1400 356 1439 fons
393 1414 522 1452 aquae
552 1397 734 1437 salientis
766 1397 807 1437 in
838 1399 967 1440 vitam
997 1407 1266 1441 aeternam:“
1310 1412 1370 1442 et:
1413 1402 1526 1451 „flu-

105 1477 273 1532 mina5)
306 1476 357 1515 de
389 1485 532 1514 ventre
565 1472 651 1531 ejus
683 1474 990 1526 egredientur.“
1050 1477 1189 1518 Habes
1218 1477 1346 1530 igitur
1374 1478 1526 1519 fluvios

105 1565 281 1602 sanctos,
305 1568 327 1592 a
349 1550 499 1607 quibus
522 1550 674 1606 procul
701 1562 761 1591 est
782 1551 920 1594 draco.
969 1552 1203 1607 Quomodo
1230 1554 1342 1595 enim
1367 1555 1524 1611 „tt-1215)

105 1642 200 1672 sunt
228 1627 507 1684 impossibilia
535 1627 640 1668 mihi
669 1628 720 1668 ad
750 1621 1093 1682 intelligendum,
1130 1631 1197 1672 via
1225 1632 1429 1688 serpentis
1458 1650 1525 1673 su-

104 1724 180 1763 pra
209 1710 431 1762 petram,“
471 1716 589 1760 petra
618 1716 757 1745 autem
789 1718 876 1746 erat
907 1706 1114 1755 Christus,
1155 1719 1195 1748 et
1234 1725 1322 1749 non
1361 1721 1421 1750 est
1459 1709 1525 1750 via

105 1783 321 1839 serpentis,
350 1781 425 1822 ubi
455 1793 516 1822 est
539 1783 681 1823 Jesus:
712 1781 770 1822 sic
799 1799 885 1822 non
915 1799 1088 1838 possum
1117 1783 1161 1824 in
1190 1785 1252 1825 his
1283 1786 1524 1828 fluminibus

107 1860 298 1902 draconis
322 1858 509 1899 invenire
532 1858 715 1910 vestigia.
760 1859 836 1899 Est
860 1871 1000 1901 autem
1018 1861 1189 1917 quidam
1203 1863 1368 1913 fluvius,
1396 1880 1523 1920 quem

106 1939 230 1978 draco
261 1937 381 1976 fecit:
414 1935 517 1976 dicit
546 1935 703 1991 quippe
735 1936 876 1986 dram,
908 1949 949 1977 et
981 1938 1260 1979 comminatur
1288 1940 1406 1982 Deus
1435 1953 1523 1982 tam

106 2013 300 2063 draconi,
332 2029 456 2068 quam
485 2012 643 2062 fluviis,
674 2012 719 2052 in
749 2012 898 2069 quibus
930 2026 990 2055 est
1020 2016 1166 2056 draco:
1199 2032 1328 2066 „mea
1353 2016 1394 2073 ⁷)
1427 2030 1523 2058 sunt

104 2090 297 2140 flumina,
337 2101 378 2130 et
416 2105 491 2141 ego
529 2088 612 2130 feci
648 2089 763 2131 illa.“
822 2091 936 2131 Audi
976 2092 1232 2133 haereticum
1274 2110 1370 2134 cum
1408 2095 1524 2136 omni

106 2167 285 2208 versutia
323 2178 365 2207 et
402 2166 570 2220 ingenio
600 2166 938 2222 praedicantem,
976 2171 1160 2211 necdum
1189 2170 1349 2212 venisse
1377 2173 1524 2213 Jesum

108 2245 330 2286 Christum.
397 2244 482 2284 Ista
519 2255 615 2284 sunt
651 2243 842 2295 flumina,
883 2245 925 2287 in
965 2247 1115 2304 quibus
1155 2260 1343 2289 versatur
1382 2251 1521 2302 draeo,

109 2332 149 2361 et
176 2321 266 2376 ipse
294 2320 396 2362 fecit
426 2337 486 2371 ea,
518 2333 560 2362 et
589 2321 692 2362 dicit
722 2322 867 2363 draco:
901 2340 1031 2374 „mea
1052 2325 1094 2380 8)
1127 2337 1223 2367 sunt
1253 2326 1449 2379 flumina,
1481 2340 1522 2368 et

226 2499 266 2554 ¹)
297 2499 450 2542 Psalm.
482 2501 738 2554 cxxxvn,
771 2503 807 2546 1.
839 2503 1118 2563 (cxxxvl.)
1383 2500 1405 2521 ·

223 2568 266 2624 ²)
295 2569 446 2611 Psalm.
476 2571 628 2623 XLVI,
655 2573 694 2615 4.
726 2574 897 2630 (XLV.)
1015 2576 1059 2632 3)
1088 2577 1210 2618 Jesai.
1241 2578 1392 2630 LXVI,
1424 2579 1488 2623 12.

225 2638 267 2692 ⁴)
302 2639 387 2680 Cfr.
420 2655 480 2682 ev.
510 2641 659 2682 Joann.
691 2643 764 2693 IV,
805 2643 868 2687 13.
902 2644 965 2687 14.

224 2708 264 2765 ⁵)
298 2709 383 2751 Cfr.
418 2726 479 2751 εν.
509 2710 656 2752 Joann.
688 2713 783 2763 VII,
813 2711 879 2756 38.
927 2703 935 2712 ’

223 2777 266 2835 ⁶)
300 2779 384 2821 Cfr.
415 2779 541 2821 Prov.
571 2779 708 2830 XXX,
741 2781 806 2825 18·
839 2783 904 2826 19.

224 2849 265 2905 7)
295 2850 444 2891 Ezech.
475 2850 634 2900 XXIX,
665 2850 702 2894 3.
821 2852 863 2907 3)
893 2853 1044 2896 Ezech.
1075 2856 1234 2907 XXIX,
1267 2855 1303 2899 3.
