1759 3134
626 147 669 175 m
701 134 993 174 Ezsscumuzm
1437 138 1521 182 203

99 247 337 306 ,,Ἀγγελία
359 248 401 304 ¹)
433 248 482 291 δὲ
515 248 591 291 ἐπὶ
623 246 841 304 ἀγγελίαν
877 245 1014 296 ἔσται,
1057 248 1164 294 ἴσως
1195 244 1244 289 τὸ
1272 247 1387 304 μετὰ
1419 248 1521 297 τοῦς

100 323 359 383 προφήτας,
402 323 549 368 πολλὰ
588 326 692 379 περὶ
730 324 805 376 τῆς
835 324 1031 365 Δαῗωνίου
1073 322 1300 372 κολάσεως
1331 323 1520 379 ἀπειλή-

101 417 290 456 σαντας,
322 400 617 458 εὐαγγελικόν
644 398 881 456 κήρυγμα,
912 401 1143 455 τηλαυγῶς
1173 398 1226 443 τά
1255 404 1361 459 περὶ
1389 405 1522 458 γεέν-

99 496 176 534 νης
200 483 275 522 καὶ
310 481 400 521 τῶν
429 474 585 521 ἄλλων
615 474 914 530 ἀτελευτήτων
941 473 1160 531 βασάνων
1191 476 1370 526 διεξιόν.

207 555 393 610 ,,Καὶ2)
427 552 714 609 ζητηθήσεται
754 551 962 609 ὃ’ρασκ,·.“6
1032 552 1180 596 Ἐπαν
1210 554 1520 610 ἐντυγχάνον-

95 647 164 679 τες
200 635 293 679 τοῖς
331 636 631 689 προφητικοῖς
667 628 821 688 λόγοις
856 633 934 674 καὶ
969 636 1061 679 τοῖς
1101 636 1315 689 νομίμοις
1342 648 1518 688 μυστη-

97 713 209 764 ρίοις
236 706 300 764 μὴ
330 712 584 766 βλέπωμεν,
615 713 731 756 τίνες
755 711 802 751 αἱ
826 711 919 751 τῶν
938 711 1190 765 προφητῶν
1220 705 1413 767 ὁράσεις,
1444 714 1522 752 καὶ

95 789 140 827 τί
167 788 246 828 τοῦ
282 783 428 842 νόμου
459 784 506 829 τὸ
536 785 768 842 βούλημα,
809 788 872 842 τῷ
911 788 988 828 καὶ
1025 784 1129 834 τοὺς
1158 784 1410 841 αὐχοῦντας
1440 785 1521 841 τὴν

94 864 174 905 τοῦ
217 866 329 906 θεοῦ
370 859 620 919 ἱερωσύνην
664 861 716 905 οὐ
754 860 904 919 μόνον
932 868 1244 921 παρανομεῖν,
1288 861 1402 907 ἀλλά
1444 867 1521 907 καὶ

95 938 347 982 ἀπολλύναι
376 938 457 982 τὸν
487 939 632 993 ἀληθῆ
674 941 752 982 τοῦ
785 936 930 997 νόμου
961 941 1097 994 νοῦν,
1141 937 1239 983 τότε
1269 939 1517 996 πληρωθή-

96 1031 217 1059 σεται
249 1013 323 1059 τό·
357 1014 738 1072 ,,ζητηθήσεται3)
771 1015 925 1075 ὅρασις
952 1017 1000 1059 ἐκ
1030 1013 1326 1075 προφήτου.“
1387 1017 1519 1061 Ἀλλὰ

95 1090 276 1150 φθάσαι
306 1093 380 1138 δεῖ
407 1094 484 1136 ἐπὶ
513 1092 562 1137 τὸ
595 1091 745 1153 εὑρεῖν
772 1091 854 1148 τὴν
874 1098 1150 1151 ζητουμένην
1169 1091 1329 1153 ὅρασιν
1359 1096 1409 1138 ἐκ
1439 1099 1518 1139 τοῦ

93 1168 348 1227 προφήτου.
406 1175 467 1212 Εἰ
507 1171 556 1213 δὲ
598 1174 676 1214 καὶ
717 1171 764 1220 ἐξ
803 1173 955 1229 ἱερέως
983 1167 1187 1214 ἀπώλετο
1220 1188 1329 1216 ποτε
1360 1171 1519 1230 νόμος,

95 1250 212 1301 ζητεῖ
237 1265 334 1296 πως
373 1245 521 1305 εὑρεῖν
561 1245 638 1289 διά
681 1264 726 1291 τε
767 1250 844 1290 τοῦ
886 1253 1010 1291 νοεῖν
1039 1250 1116 1291 καὶ
1145 1254 1298 1293 ποιεῖν
1328 1248 1350 1293 ὁ
1382 1248 1523 1304 ἱερεὺς

92 1323 173 1367 τὸν
203 1322 365 1379 νόμον,
397 1327 472 1366 ἵνα
503 1327 579 1367 καὶ
611 1321 774 1373 ἄλλους
798 1323 1122 1384 χειραγωγήσῃ
1154 1327 1230 1369 ἐπὶ
1260 1329 1310 1385 τῇ
1342 1324 1521 1386 τηρήσει

91 1399 243 1444 αὐτοῦ.
315 1403 408 1442 Καὶ
454 1399 575 1444 ἐπὰν
621 1402 671 1444 δὲ
715 1398 778 1455 μὴ
816 1405 968 1444 ἱκανοὶ
1007 1399 1354 1457 συμβουλεύειν,
1405 1403 1523 1458 μηδὲ

91 1475 207 1534 ὑπὲρ
238 1480 317 1520 τοῦ
349 1480 504 1520 κοινοῦ
531 1475 583 1520 τὰ
614 1478 776 1520 δέοντα
802 1482 993 1521 σκοπεῖν
1025 1481 1411 1534 προκαθέζωνται,
1441 1483 1519 1523 λι-

92 1558 246 1606 κτέον,
289 1552 356 1598 ὅτι
388 1552 590 1597 ἀπώλετο
621 1553 760 1610 βουλὴ
791 1556 840 1599 ἐκ
866 1559 1194 1614 πρεσβυτέρων.
1253 1559 1348 1598 Καὶ
1379 1554 1402 1599 ὁ
1434 1552 1518 1616 ἄρ-

84 1648 186 1688 χων
215 1630 451 1675 ἐνδύσεται
483 1630 775 1690 ἀφανισμὸν,
818 1636 856 1676 εἲ
893 1631 957 1691 μὴ
997 1630 1236 1676 ἐνδύσεται
1275 1631 1355 1676 τὸν
1397 1638 1518 1691 Χρι-

94 1707 203 1753 στόν
227 1709 415 1763 Ἰησοῦν,
448 1711 523 1750 καὶ
553 1707 633 1751 τὸν
662 1706 852 1763 θώρακα
882 1712 958 1763 τῆς
987 1706 1301 1763 δικαιοσύνης,
1334 1711 1412 1751 καὶ
1439 1708 1521 1764 τὴν

92 1790 357 1837 πανοπλίαν
385 1788 464 1828 τοῦ
494 1788 624 1840 θεοῦ,
654 1785 769 1843 πρὸς
798 1784 847 1829 τὸ
875 1778 1104 1830 δύνασθαι
1125 1784 1394 1838 ἀνθιστῆναι
1409 1786 1525 1845 πρὸς

93 1862 172 1912 τὰς
199 1864 446 1919 μεθοδείας
464 1865 543 1905 τοῦ
562 1861 794 1918 διαβόλου.
840 1866 940 1912 Πᾶς
968 1861 1058 1921 γὰρ
1091 1861 1370 1923 ἁμαρτάνων
1398 1861 1523 1922 „0⁷69-

87 1955 189 1997 χων
205 1937 248 1995 ⁴²)
292 1938 562 1997 ἀφανισμὸν
610 1938 896 1984 ἕνδύσεται.“
971 1943 1065 1984 Καὶ
1108 1943 1191 1995 ,,αἱ
1221 1938 1431 1999 χεῖρες-’Ἴ
1472 1942 1524 1986 δὲ

92 2020 172 2061 τοῦ
203 2018 316 2060 λαοῦ
349 2014 636 2072 ἑκλύονται,“
668 2014 777 2060 ὅταν
806 2015 975 2074 ὑδαρὴς
1011 2022 1089 2061 καὶ
1120 2014 1308 2068 ἄτακτος
1337 2021 1415 2061 καὶ
1445 2020 1524 2062 ἕκ-

96 2098 316 2153 λελυμένη
347 2095 472 2138 ἔσται
494 2093 520 2148 ἡ
546 2098 750 2138 πολιτεία
777 2097 855 2138 τοῦ
881 2098 1016 2138 λαοῦ·
1049 2090 1168 2139 ἒπάν
1192 2097 1242 2139 δὲ
1271 2098 1320 2155 τῇ
1337 2095 1519 2152 ἵσχύῖθ)

97 2175 175 2217 τοῦ
207 2175 319 2217 θεοῦ
359 2170 601 2229 χρήσεται,
647 2174 725 2216 τοῦ
771 2167 888 2215 εἶναι
927 2171 1034 2221 λαός
1075 2175 1181 2229 γῆς,
1228 2174 1306 2214 καὶ
1344 2177 1521 2228 γίνεται

97 2248 203 2300 λαὸς
233 2249 449 2307 οὐρανοῦ,
482 2252 621 2303 ζητῶν
650 2248 731 2304 τὴν
759 2254 995 2305 βασιλείαν
1024 2252 1114 2294 τῶν
1147 2249 1372 2309 οὐρανῶν.

211 2330 337 2382 ,,Καὶ
353 2326 394 2382 ⁷)
425 2325 566 2382 βουλὴ
598 2327 647 2370 ἐκ
676 2329 1043 2387 πρεσβυτέρων.“
1105 2327 1223 2371 Οὐδὲ
1252 2326 1522 2383 ἀνθρωπίνη

218 2478 256 2533 Ι)
287 2477 438 2520 Ezech.
469 2482 566 2531 vn,
594 2482 661 2525 26.

213 2548 256 2602 2)
287 2548 440 2590 Ezech.
470 2551 566 2601 VII,
596 2550 664 2594 26.
699 2574 748 2580 --
783 2552 864 2592 Ed.
884 2553 1019 2593 Ruaei
1048 2554 1158 2593 male
1189 2553 1271 2593 hoc
1303 2552 1415 2600 loco,
1447 2554 1518 2592 cfr.

101 2620 189 2660 pag.
222 2603 306 2661 huj.
335 2616 424 2647 not.
455 2605 494 2649 3.
530 2603 838 2660 ,,ζητήό·εῖαι.“

213 2674 256 2729 3)
287 2674 438 2714 Ezech.
470 2675 565 2724 VII,
595 2674 661 2717 26.
720 2676 798 2716 Ed.
843 2678 975 2719 Ruaei
1008 2690 1051 2718 ut
1084 2694 1159 2718 nos
1191 2680 1272 2719 hoc
1302 2679 1414 2726 loco,
1448 2679 1518 2718 cfr.

100 2746 189 2785 pag.
221 2729 306 2787 huj.
336 2742 424 2771 not.
456 2731 493 2773 2.
529 2729 902 2785 ,,ζητηθήσεται.“

214 2793 257 2854 ⁴)
289 2801 439 2841 Ezech.
471 2801 568 2850 Vll,
597 2800 663 2843 27.
786 2803 827 2858 ⁵)
861 2803 944 2846 Cfr.
976 2804 1126 2845 Ezech.
1160 2805 1254 2853 Vll,
1285 2803 1351 2846 27.

218 2870 260 2924 6)
292 2870 378 2912 Cfr.
409 2871 532 2912 Jesai.
565 2871 744 2920 XXXV,
779 2871 814 2915 3.
936 2874 977 2926 7)
1009 2875 1158 2916 Ezech.
1192 2875 1286 2921 Vll,
1317 2872 1382 2915 26.
