1759 3134
450 765 1105 826 MoNlTUM

139 923 243 969 AD
303 922 751 970 ORIGENIS
809 922 895 969 IN
955 918 1426 970 CANTICUM

465 1012 1092 1062 CANT1CORUM

389 1146 1158 1200 ΕΞΗΓΗΤΙΚΑ.

63 1406 303 1473 Canticum
331 1431 374 1486 ¹)
418 1432 691 1473 Canticorum
730 1433 856 1473 tomis
899 1433 1118 1487 explanare
1163 1431 1227 1471 bis
1271 1443 1480 1481 aggressus

60 1522 118 1551 est
151 1509 365 1560 Origenes.
425 1509 616 1549 Primum
647 1509 833 1565 quidem,
869 1526 966 1550 cum
1004 1510 1138 1550 adhuc
1170 1518 1277 1549 esset
1303 1505 1481 1563 juvenis,

58 1588 101 1628 id
134 1598 206 1636 est,
235 1602 322 1626 non
352 1598 446 1626 ante
477 1586 621 1627 aetatis
651 1603 746 1627 suae
780 1604 934 1628 annum
956 1587 1218 1640 trigesimum
1237 1584 1479 1640 septimum,

58 1669 112 1695 έ-
155 1663 312 1719 quippe
356 1663 427 1719 qui
465 1665 548 1704 hoc
585 1675 748 1704 tantum
778 1676 972 1720 tempore
1003 1664 1240 1719 Scripturas
1270 1662 1479 1718 explicare

60 1740 248 1796 coeperit
294 1765 368 1790 —‚
415 1757 593 1794 parvum
643 1740 774 1781 edidit
816 1753 1006 1792 tomum,
1057 1740 1173 1799 cujus
1216 1750 1478 1793 segmentum

59 1819 295 1859 etiamnunc
327 1828 455 1857 exstat
482 1817 742 1858 Philocaliae
776 1818 910 1874 capite
942 1818 1146 1874 septim03
1182 1818 1332 1859 abhinc
1359 1833 1477 1867 vero,

58 1895 231 1936 Athenis
264 1912 359 1934 cum
389 1906 637 1943 moraretur,
669 1894 902 1951 imperante
928 1896 1162 1946 Gordiano,
1193 1895 1302 1936 circa
1331 1894 1475 1935 aetatis

57 1989 153 2014 suae
193 1988 347 2012 annum
377 1972 444 2014 55.
478 1972 631 2012 Christi
660 1972 770 2022 240„
808 1973 937 2013 alium
972 1974 1096 2026 longe
1126 1972 1404 2028 prolixiorem
1434 1971 1477 2012 in

58 2067 154 2091 eum
193 2048 433 2091 Salomonis
477 2048 634 2088 librum
678 2066 795 2090 orsus
839 2062 898 2090 est
939 2051 1309 2099 commentarium,
1349 2066 1475 2105 quem

58 2128 204 2168 decem
231 2126 275 2166 in
304 2138 445 2166 tomos
478 2125 700 2166 distribuit.
763 2126 961 2183 Quinque
991 2128 1156 2183 priores
1185 2127 1382 2177 Athenis,
1410 2144 1476 2168 re-

57 2204 196 2260 liquos
215 2204 439 2245 Caesareae
471 2203 714 2253 elaboravit,
744 2215 848 2244 teste
867 2204 1054 2245 Eusebio
1085 2204 1178 2247 hist.
1210 2206 1312 2246 eccl.
1344 2205 1417 2261 lih.
1436 2203 1475 2247 ὃι

59 2297 148 2335 cap.
170 2280 237 2323 32.
295 2279 431 2338 Hujus
471 2280 608 2336 operis
648 2280 899 2335 prologum,
940 2294 980 2323 et
1017 2294 1099 2323 tres
1139 2282 1304 2338 priores
1333 2295 1475 2324 tomos

60 2375 155 2398 cum
189 2368 306 2412 parte
348 2356 508 2412 quarti,
545 2357 688 2398 nullus
727 2357 811 2415 jam
850 2359 1070 2401 dubitandi
1099 2362 1218 2402 locus
1251 2373 1331 2411 est,
1373 2360 1474 2417 quin

57 2446 342 2491 repraesentet
384 2450 560 2490 sequens
606 2437 942 2478 commentarius.
1018 2438 1306 2495 Quaecunque
1348 2438 1473 2486 enim,

57 2512 193 2569 inquit
227 2512 461 2553 Pearsonus
498 2510 542 2551 in
580 2511 774 2555 vindiciis
813 2513 1087 2570 epistolarum
1118 2517 1162 2559 S.
1200 2515 1349 2569 Ignatii
1378 2531 1470 2571 pag.

181 2706 223 2760 ¹)
253 2705 469 2747 Monimm
498 2707 653 2757 hocce,
694 2708 830 2764 aptius
868 2711 968 2753 licet
995 2712 1316 2767 prolegomenis
1346 2715 1474 2756 fuerit

59 2762 336 2815 affigendum,
375 2780 461 2803 non
501 2774 641 2804 tamen
677 2765 833 2821 absque
874 2766 981 2825 justa
1019 2786 1161 2822 causa,
1201 2773 1347 2814 Ruaeo
1379 2771 1471 2828 ipso

65 2831 316 2873 praeeunte,
346 2819 441 2861 huic
472 2820 569 2862 loco
600 2820 867 2864 inserendum
898 2827 1142 2870 curavimus.
