1759 3134
662 136 916 180 PROLOGUS.
1418 136 1500 182 291

77 250 330 307 conscriptas
372 249 645 308 reliquerunt.
704 251 791 293 Sed
827 249 900 291 has
939 258 1047 289 artes
1087 248 1270 290 carnales
1311 248 1503 291 homines

76 329 128 369 ad
158 329 308 370 vitiosa
339 328 570 381 desideria,
616 339 658 370 et
692 326 912 385 culpabilis
943 326 1097 368 amoris
1126 327 1323 386 mysteria
1351 328 1392 386 ¹)
1419 340 1504 369 tra-

76 418 236 448 xerunt.
295 407 393 447 Non
424 422 522 460 ergo
553 406 708 449 mirum
738 406 805 456 sit,
837 404 872 446 si
903 416 944 446 et
974 404 1088 461 apud
1116 420 1208 455 nos,
1238 404 1313 446 ubi
1345 417 1500 463 quanto

73 484 217 540 plures
249 483 544 540 simpliciores,
574 496 690 526 tanto
730 483 875 540 plures
908 494 948 524 et
977 481 1262 540 imperitiores
1292 484 1502 535 videntur,

75 560 295 602 difficilem
325 561 523 613 diximus,
566 574 607 603 et
644 560 837 618 periculo
876 559 1114 617 proximam
1153 561 1204 601 de
1245 561 1399 602 amoris
1430 578 1503 603 na-

71 649 164 679 tura
205 637 554 695 disputationem:
604 656 700 681 cum
740 638 854 695 apud
894 637 1104 689 Graecos,
1152 638 1223 695 qui
1265 625 1419 680 eruditi
1460 650 1501 680 et

70 705 277 771 sapientes
309 715 529 768 videntur,
565 716 721 758 fuerint
759 729 900 758 tamen
936 715 1092 772 aliqui,
1133 715 1207 773 qui
1237 717 1289 758 de
1318 715 1382 757 his
1411 731 1501 757 non

71 791 130 834 ita
158 794 411 851 acceperint,
440 806 488 836 ut
516 795 721 852 scriptum
752 806 826 846 est,
856 794 931 835 sed
952 793 1172 835 occasione
1195 810 1358 845 eorum,
1391 810 1498 851 quae

19 887 21 894 ·
72 872 124 912 de
157 887 300 914 amore
331 873 444 914 dicta
472 885 580 924 sunt,
611 872 654 914 in
684 874 825 930 lapsus
858 871 990 913 carnis
1024 883 1064 913 et
1083 872 1126 913 in
1145 872 1188 927 ²)
1208 872 1499 929 impudicitiae

69 950 318 1007 praecipitia
349 963 617 1002 corruerunt,
648 951 735 992 sive
767 968 815 992 ex
844 949 929 1000 his,
959 966 1065 1006 quae
1096 949 1252 1006 scripta
1283 963 1420 1002 erant,
1450 930 1500 992 tit

69 1045 195 1085 supra
222 1029 564 1081 memoravimus,
593 1028 904 1071 admonitiones
926 1029 1126 1085 quasdam
1157 1040 1198 1069 et
1227 1028 1498 1071 incitamenta

70 1119 300 1159 sumentes,
339 1107 426 1150 sive
463 1106 792 1151 incontinentiae
822 1122 921 1148 suae
951 1107 1143 1149 velamen
1174 1106 1330 1164 scripta
1351 1106 1394 1166 3)
1426 1123 1499 1149 ve-

71 1197 207 1227 terum
234 1188 532 1243 praeferentes.
591 1187 656 1228 Ne
696 1201 793 1239 ergo
828 1196 870 1226 et
897 1201 975 1228 nos
1004 1185 1091 1226 tale
1121 1184 1282 1242 aliquid
1311 1186 1500 1228 incurra-

70 1281 185 1317 mus,
225 1281 291 1317 ea,
338 1281 443 1322 quae
483 1282 506 1306 a
545 1263 756 1305 veteribus
796 1264 906 1305 bene
947 1275 989 1305 et
1028 1262 1305 1320 spiritualiter
1343 1264 1498 1321 scripta

69 1354 177 1394 sunt,
207 1343 359 1385 vitiose
390 1355 432 1385 et
463 1342 684 1385 carnaliter
714 1341 992 1393 advertentes,
1022 1353 1109 1383 tam
1131 1341 1337 1398 corporis,
1368 1359 1496 1399 quam

68 1421 230 1463 animae
258 1433 427 1463 nostrae
455 1421 616 1478 palmas
643 1421 947 1478 protendamus
977 1421 1031 1462 ad
1059 1420 1226 1472 Deum,
1264 1433 1313 1463 ut
1341 1420 1496 1464 Domi-

67 1515 158 1551 nus,
189 1499 262 1557 qui
293 1499 412 1541 dedit
439 1501 616 1541 verbum
650 1498 1027 1552 evangelizantibus
1054 1498 1211 1541 virtute
1240 1500 1388 1552 multa,
1420 1502 1498 1543 do-

68 1591 139 1620 net
170 1590 212 1620 ct
240 1578 363 1621 nobis
392 1578 436 1620 in
467 1577 622 1620 virtute
650 1595 724 1620 sua
754 1579 954 1630 verbum,
986 1594 1069 1634 quo
1101 1577 1311 1635 possimus
1342 1596 1390 1620 ex
1419 1579 1498 1632 his,

69 1673 174 1713 quae
205 1656 359 1714 scripta
388 1668 496 1708 sunt,
526 1656 792 1698 intellectum
821 1673 980 1708 sanum,
1013 1667 1056 1697 et
1084 1656 1137 1698 ad
1158 1656 1496 1700 aedificationem

66 1733 297 1790 pudicitiae
335 1746 503 1791 aptum,
548 1735 618 1775 vel
660 1734 825 1776 nomini
867 1734 974 1791 ipsi,
1021 1735 1091 1775 vel
1127 1746 1299 1777 naturae
1340 1737 1496 1779 amoris

68 1812 303 1854 ostendere.
362 1813 413 1853 In
442 1812 655 1870 principio
687 1814 918 1855 verborum
946 1812 1105 1864 mosis,
1148 1813 1225 1854 ubi
1264 1815 1316 1856 de
1345 1816 1497 1857 mundi

69 1890 314 1932 conditione
345 1891 652 1943 conscribitur,
692 1893 798 1933 duos
836 1889 1072 1933 invenimus
1109 1890 1304 1934 homines
1335 1905 1497 1936 creatos

66 1967 228 2010 referri.
286 1969 479 2011 Primum
516 1971 570 2011 ad
605 1969 831 2024 imaginem
873 1981 914 2011 et
951 1969 1274 2011 similitudinem
1311 1970 1398 2013 Dei
1436 1973 1498 2014 fa—

69 2059 197 2099 ctum,
227 2049 459 2090 secundum
492 2065 513 2090 e
543 2048 649 2091 limo
680 2060 817 2091 terrae
847 2050 1019 2091 factum.
1080 2048 1176 2090 Hoc
1200 2048 1358 2091 Paulus
1377 2051 1497 2107 Apo—

67 2126 201 2168 stolus
230 2127 338 2168 bene
368 2127 515 2179 sciens,
546 2140 588 2184 et
617 2130 670 2170 ad
700 2128 914 2185 liquidum
943 2127 988 2169 in
1016 2126 1079 2169 his
1106 2125 1307 2179 eruditus,
1337 2128 1381 2168 in
1411 2126 1496 2168 suis

67 2203 198 2246 literis
244 2205 428 2263 apertius
476 2218 518 2248 et
555 2207 788 2249 evidentius
817 2207 947 2250 binos
987 2222 1077 2249 esse
1117 2217 1157 2248 et
1193 2222 1274 2263 per
1309 2204 1497 2260 singulos

69 2300 259 2342 quosque
288 2285 480 2327 homines
509 2285 689 2343 scripsit.
750 2285 822 2329 Sic
854 2285 966 2328 enim
997 2285 1122 2327 dixit:
1157 2301 1290 2337 „nam
1311 2283 1354 2342 5)
1383 2284 1419 2327 si
1446 2284 1498 2336 is,

69 2361 141 2418 qui
171 2361 274 2405 foris
307 2375 387 2416 est,
417 2364 548 2407 homo
578 2377 723 2408 noster
753 2363 1064 2422 corrumpitur,
1094 2363 1170 2407 sed
1198 2363 1274 2406 ille
1287 2396 1302 2422 ,γ
1332 2361 1403 2421 qui
1433 2362 1498 2405 in-

188 2584 228 2642 ¹)
261 2583 628 2629 Cod.Beceensis:
661 2584 924 2645 „mysteria.“
968 2585 1086 2628 Libri
1119 2581 1221 2627 editi
1251 2583 1311 2643 (v,
1336 2599 1370 2628 e.
1398 2582 1494 2626 edd.

69 2641 173 2699 M.):
206 2641 512 2693 „ministcria.“
569 2643 621 2686 R.

183 2713 228 2770 ²)
257 2713 391 2754 Deest
421 2713 534 2764 „in“
566 2713 610 2754 in
643 2715 738 2756 edd.
768 2716 829 2758 M.

100 2840 150 2883 tis
176 2784 228 2866 ῐ(ἶ)
259 2784 360 2882 ΞὲΙεε.
392 2783 616 2841 ,‚scripta.“
674 2785 793 2826 Libri
824 2785 926 2828 editi
956 2787 1016 2844 (v.
1048 2803 1083 2831 c.
1113 2784 1208 2829 edd.
1231 2784 1338 2844 M.):
1371 2784 1499 2837 „scri-

69 2857 95 2898 p
187 2913 230 2970 ⁴)
262 2911 349 2955 cfr.
384 2912 491 2955 oen.
529 2913 561 2954 1.
684 2913 725 2971 ὕ)
757 2913 917 2957 neor.
952 2915 1026 2967 IV,
1057 2915 1123 2959 16.

1069 2991 1123 3037 19
1143 2992 1163 3017 ¹*
