1759 3134
724 119 865 160 LIBER
895 119 950 158 ΙΙ.
1471 117 1551 163 437

138 231 318 272 minatur
348 246 455 270 esse:
506 229 696 281 Engaddi
735 241 874 270 autem
912 229 1212 284 interpretatur
1244 230 1391 270 oculus
1422 241 1554 272 tenta·

136 308 261 348 tionis
290 323 429 347 meae:
482 306 515 345 si
555 304 645 360 quis
685 316 766 355 est,
813 305 884 360 qui
915 305 1179 347 intellectum
1219 307 1371 348 habere
1400 317 1556 362 potest,

137 384 354 439 quomodo
396 382 571 422 tentatio
611 393 671 422 est
714 381 798 422 vita
835 381 1017 422 hominis
1048 399 1174 439 super
1203 395 1379 434 terram,
1419 395 1460 424 et
1489 383 1554 424 in-

138 460 311 512 telligit,
351 460 568 516 quomodo
610 457 700 514 quis
739 458 782 498 in
819 458 915 498 Deo
958 458 1136 514 eripitur
1174 477 1197 500 a
1226 461 1479 511 tentatione,
1512 472 1553 501 et

138 537 209 592 qui
246 536 432 589 agnoscit
462 535 706 592 qualitatem
735 534 977 576 tentationis
1008 551 1126 586 suae,
1175 536 1232 577 ita
1260 549 1307 577 ut
1336 537 1471 593 possit
1501 539 1553 578 de

136 614 228 669 ipso
262 614 368 664 dici,
409 613 505 670 quia
544 613 587 654 in
617 612 681 653 his
713 612 908 653 omnibus
939 628 1026 653 non
1055 612 1294 668 peccaverit
1321 614 1442 655 labiis
1471 615 1554 655 suis

138 707 279 731 coram
307 691 427 731 Deo:
458 690 555 730 huic
584 691 732 731 botrus
764 689 880 747 cypri
912 690 964 730 de
994 689 1125 730 vineis
1149 689 1342 742 Engaddi
1373 692 1556 732 efficitur

136 769 309 808 verbum
339 767 438 812 Dei.
499 767 820 809 Observandum
850 777 990 806 tamen
1021 777 1095 817 est,
1126 768 1243 822 quod
1272 769 1399 809 verba
1427 785 1555 824 spon-

135 861 202 885 sae
233 845 287 885 ita
318 845 570 894 reseruntur,
596 855 643 884 ut
674 854 715 883 et
743 844 896 883 nardus
927 854 969 883 et
997 842 1313 896 alligamentum
1342 856 1481 897 guttae
1514 856 1554 884 et

133 923 281 961 botrus
321 919 438 978 cypri
480 919 560 975 ipsi
590 919 672 959 soli
702 920 807 970 sint,
847 930 996 976 utpote
1028 936 1133 975 quae
1163 920 1207 960 in
1236 921 1313 961 hos
1343 920 1426 978 jam
1455 938 1551 977 pro-

134 998 268 1037 fectus
298 995 572 1037 adscenderit.
634 996 737 1038 Sola
769 996 881 1037 enim
919 997 1108 1052 perfecta
1146 996 1281 1037 anima
1322 1010 1406 1048 est,
1447 1014 1553 1054 quae

136 1073 191 1113 ita
229 1074 353 1113 habet
393 1090 547 1128 purum
590 1084 631 1113 et
669 1085 892 1129 purgatum
930 1074 1254 1116 odoramentum
1294 1075 1359 1115 sui
1397 1091 1550 1126 sensus,

136 1161 183 1190 ut
221 1149 354 1205 possit
391 1149 511 1189 nardi
550 1161 590 1190 et
628 1161 788 1201 guttae,
832 1162 872 1190 et
903 1150 1018 1208 cypri
1051 1166 1097 1191 ex
1128 1152 1255 1191 verbo
1289 1151 1374 1192 Dei
1403 1168 1553 1207 proce-

138 1226 270 1267 dentis
306 1226 567 1280 fragrantiam
602 1243 765 1282 capere,
798 1239 836 1267 et
856 1227 1029 1279 gratiam
1050 1228 1180 1268 divini
1207 1229 1350 1269 odoris
1372 1229 1548 1270 haurire

930 2872 1050 2917 Typis
1075 2874 1248 2908 Fratrum
1283 2875 1451 2922 Unger.
