1759 3134
209 154 214 159 ἡ
252 98 333 144 108
668 102 888 143 Omossms
920 114 963 143 m
994 102 1289 146 Ezsscnmmm

250 213 355 254 tenti
385 214 504 262 Deo,
546 214 597 253 de
627 214 834 270 mysteriis
867 214 973 272 ejus,
1005 232 1111 271 quae
1142 228 1251 256 tecta
1280 229 1395 267 sunt,
1428 229 1469 258 et
1501 220 1676 261 latenter

252 292 294 332 in
326 289 556 346 Scripturis
585 290 834 343 significata,
867 292 1035 333 sentire.
1096 293 1227 344 Vide,
1260 296 1479 349 quomodo
1511 297 1562 335 ad
1594 297 1675 338 Co—

253 368 430 409 rinthios
459 368 615 409 Paulus
646 369 856 425 loquitur:
892 370 1035 420 „lacte
1065 370 1107 426 Ι)
1140 387 1213 410 vos
1243 372 1410 426 potavi,
1441 388 1527 412 non
1558 372 1676 414 cibo:

251 446 433 486 necdum
472 445 583 486 enim
621 447 848 501 poteratis;
894 448 965 487 sed
1007 464 1142 503 neque
1181 464 1292 489 nunc
1330 448 1549 504 potestis.“
1624 449 1678 489 Et

251 523 347 579 quia
378 523 485 563 lacte
516 523 651 564 adhuc
682 524 935 576 indigebant,
970 541 1015 565 ea
1047 526 1223 575 discunt,
1256 542 1362 581 quae
1393 526 1554 567 discere
1584 542 1678 581 par-

253 600 341 641 vuli
379 601 529 641 solent.
591 601 799 650 „Bonum
822 602 864 658 3)
905 615 966 643 cst
1003 603 1165 643 homini
1204 603 1426 643 mulierem
1465 620 1551 644 non
1589 615 1677 644 tan-

251 695 370 731 gere3
402 690 581 734 propter
612 678 940 719 fornicationem
970 688 1161 730 autcm‚“
1193 693 1234 721 et
1265 693 1414 722 cetera.
1474 681 1678 722 Rursum-

252 773 333 812 que
364 756 639 797 instituuntur
669 772 722 796 ne
752 756 1022 799 immolatitia
1042 759 1089 812 ³)
1130 760 1366 800 comedant.
1426 759 1508 799 Ista
1539 758 1676 798 omnis

251 833 442 874 doctrina
475 834 539 874 lac
569 834 844 889 parvulorum
877 846 958 885 est,
991 848 1033 876 ct
1062 836 1196 876 adhuc
1227 836 1450 877 infantium
1482 836 1523 876 in
1556 835 1675 878 Chri-

247 923 325 953 sto.
389 911 573 965 Quando
606 927 705 951 vero
737 911 931 966 Ephesiis
961 913 1179 964 scribitur,
1218 914 1404 954 solidum
1442 913 1525 954 illis
1557 929 1675 968 prae-

246 991 319 1030 bet
364 989 518 1030 cibum.
594 990 689 1029 Non
737 988 905 1029 auditur
946 991 1102 1047 quippe
1143 991 1185 1031 in
1225 992 1395 1048 Epheso
1436 991 1674 1040 fornicatio,

246 1083 332 1107 non
372 1067 542 1106 auditur
586 1066 628 1105 in
665 1066 834 1120 Epheso
883 1066 1147 1117 idololatria,
1195 1080 1235 1108 et
1282 1086 1373 1110 esus
1415 1068 1674 1109 immolatio-

247 1161 349 1184 num
372 1144 429 1197 4).
489 1142 551 1182 Ex
591 1142 742 1197 quibus
778 1144 1003 1193 docemur,
1044 1144 1145 1199 quid
1176 1145 1229 1184 sit
1260 1145 1422 1185 solidus
1454 1147 1591 1194 cibus,
1634 1158 1674 1186 et

246 1221 362 1277 quod
393 1218 643 1259 rationabile
675 1230 716 1259 et
745 1219 834 1260 sine
866 1221 968 1259 dolo
1003 1222 1065 1260 lac
1096 1221 1270 1261 moralis
1310 1222 1452 1272 locus,
1493 1224 1609 1277 quod
1632 1222 1673 1277 5)

245 1297 408 1338 solidus
440 1297 556 1337 cibus
586 1296 786 1354 mysticus
817 1297 1069 1338 intellectus.
1128 1298 1307 1340 Beatum
1349 1312 1411 1340 est
1442 1299 1586 1352 igitur,
1627 1310 1672 1338 ut

247 1374 492 1415 festinemus
523 1375 575 1414 ad
607 1391 667 1424 ea,
698 1391 803 1430 quae
834 1375 1150 1430 imperfectiora
1174 1388 1282 1427 sunt,
1312 1377 1521 1433 principia
1545 1389 1673 1417 trans-

247 1464 403 1492 euntes,
463 1451 519 1491 Et
549 1452 664 1506 quod
695 1452 867 1492 moralis
898 1453 1017 1493 locus
1050 1454 1113 1493 lac
1146 1453 1221 1503 sit,
1266 1455 1502 1510 Apostolus
1534 1455 1672 1502 docet,

246 1548 343 1571 cum
374 1530 456 1587 jam
486 1529 627 1584 aliqua
657 1530 708 1569 de
740 1529 848 1569 lacte
876 1529 1057 1580 dixisset,
1090 1532 1266 1572 addens:
1299 1532 1472 1587 „non⁶)
1504 1548 1670 1571 rursum

243 1606 440 1663 jacientes
470 1607 794 1646 fundamentum
824 1607 1111 1662 poenitentiae
1142 1610 1193 1648 ab
1226 1609 1425 1664 operibus
1448 1609 1669 1650 mortuis.“

244 1687 368 1726 Tales
407 1700 553 1725 omnes
593 1695 710 1734 sunt,
750 1683 822 1739 qui
863 1685 998 1725 adhuc
1036 1685 1144 1726 lacte
1189 1697 1411 1740 potantur:
1457 1687 1669 1741 perfectus

242 1776 383 1805 autem
412 1762 504 1802 aliis
534 1760 694 1814 indiget
725 1760 969 1817 disciplinis.
1030 1762 1145 1803 Haec
1187 1762 1226 1802 in
1258 1762 1401 1803 medio
1436 1763 1548 1804 dicta
1576 1763 1670 1814 sint,

244 1840 340 1895 quia
379 1855 574 1879 sermone
615 1840 966 1889 conscenderam,
1010 1857 1063 1880 ne
1102 1841 1154 1880 ab
1192 1840 1363 1882 alterius
1405 1839 1669 1895 expositione

240 1917 534 1958 fornicationis
563 1916 702 1957 statim
732 1917 857 1957 aliam
888 1916 1213 1957 fornicationem
1237 1917 1511 1967 incurrerem,
1543 1934 1668 1973 quam

240 2012 351 2036 nunc
393 1994 640 2049 explanabo.
712 1994 885 2034 Dicitur
929 1994 1087 2049 quippe
1125 1996 1179 2034 ad
1215 1994 1469 2035 Jerusalem:
1517 2006 1595 2044 „et
1623 1996 1667 2050 ⁷)

240 2071 446 2114 fornicata
487 2086 528 2110 es
568 2070 796 2127 tripliciter
824 2071 866 2111 in
897 2071 1063 2111 filiabus
1092 2071 1216 2112 tuis.“
1278 2071 1395 2125 Quid
1427 2083 1511 2122 est,
1550 2074 1665 2128 quod

242 2149 322 2199 ait,
361 2148 478 2204 quod
518 2147 747 2203 tripliciter
785 2148 991 2189 fornicata
1030 2160 1092 2189 est
1121 2148 1163 2188 in
1194 2149 1360 2190 filiabus
1389 2150 1472 2190 suis
1502 2151 1668 2191 Jerusa—

240 2225 354 2267 lem?
412 2225 495 2265 Dei
527 2225 761 2278 indigemus
791 2225 972 2275 auxilio,
1014 2237 1061 2265 ut
1092 2226 1181 2281 ipse
1211 2226 1335 2268 nobis
1366 2226 1667 2268 obscuritatem

241 2303 358 2344 istius
390 2302 475 2343 loci
506 2301 715 2344 edisserat.
765 2303 819 2343 Et
851 2304 1070 2359 quomodo
1102 2304 1246 2346 Moses
1285 2304 1481 2345 audiebat
1510 2305 1667 2355 Deum,

243 2392 284 2422 et
314 2380 469 2421 deinde
487 2395 567 2428 ea,
608 2396 713 2436 quae
744 2396 766 2420 a
796 2380 893 2420 Deo
925 2380 1134 2432 audierat,
1172 2383 1416 2438 proferebat
1445 2383 1498 2423 ad
1527 2398 1667 2438 popu-

360 2563 404 2618 Ι)
434 2564 451 2603 Ι
476 2563 574 2604 Cor.
607 2562 685 2611 Ill,
713 2562 752 2604 2.
875 2562 918 2617 2)
951 2565 965 2603 I
994 2565 1090 2605 Cor.
1123 2566 1218 2614 VII,
1251 2564 1287 2608 1.
1318 2565 1356 2608 2.

357 2634 400 2689 ³)
430 2633 539 2673 Edd.
572 2632 768 2674 Merlini:
800 2633 1021 2674 idolatitia.

356 2704 398 2758 ⁴)
429 2703 536 2743 Edd.
574 2702 770 2744 Merlini:
800 2703 1123 2745 idolatitiorum.

358 2774 399 2827 ξ’)
430 2773 539 2813 Edd.
570 2772 765 2814 Merlini:
799 2784 840 2814 et
871 2773 1031 2816 solidus
1064 2787 1140 2817 etc.

360 2844 402 2900 6)
433 2844 561 2885 Hebr.
595 2844 668 2894 VI,
700 2843 735 2887 1.
860 2844 901 2900 7)
932 2845 1087 2888 Ezech.
1118 2847 1234 2896 XVI,
1264 2844 1330 2889 30.
