1759 3134
190 123 292 170 326-
469 119 601 162 Ome.
633 128 678 160 m
710 116 844 160 CANT.
878 115 1060 159 CAN-nc.
1092 115 1344 159 Paonoeus.

195 233 459 280 abundantia.
503 233 562 274 Et
590 233 689 274 ideo
722 233 773 274 de
804 231 1015 289 praesenti
1046 230 1256 273 versiculo
1287 245 1365 272 nos
1400 245 1492 273 eam
1510 241 1626 274 tene-

195 331 289 358 mus
335 311 590 362 editionem,
635 326 761 368 quam
805 326 931 367 supra
970 308 1264 366 exposuimus,
1307 308 1489 350 maxime
1534 325 1630 352 cum

199 393 370 435 evidens
401 390 444 432 in
474 405 525 431 eo
556 389 757 431 habeatur
789 387 1025 438 distinctio,
1067 387 1141 428 ubi
1182 387 1262 429 ait:
1303 386 1565 438 „Canticum
1590 387 1631 443 ¹)

202 469 490 519 canticorum,
523 467 640 525 quod
671 477 733 508 est
763 465 844 522 ipsi
875 464 1140 508 Salomoni.“
1199 464 1247 506 Si
1286 465 1399 506 enim
1428 463 1632 506 voluisset

200 547 395 602 intelligi,
427 545 701 590 canticorum
732 543 975 586 Salomonis
1005 544 1085 584 hoc
1117 558 1204 584 esse
1238 542 1473 594 Canticum,
1505 543 1631 585 dixis-

203 638 264 668 set
303 625 471 682 utique:
512 623 734 667 Canticum
766 622 1062 672 Canticorum,
1106 638 1211 679 quae
1252 633 1348 664 sunt
1385 622 1623 665 Salomoni:

203 704 292 745 vel:
335 701 558 745 Canticum
593 718 640 743 ex
672 700 854 744 Canticis
885 700 1148 744 Salomonis:
1190 717 1302 742 nunc
1333 712 1494 751 autem,
1533 699 1629 757 quia

205 780 327 823 dixit:
360 781 506 837 „quod
522 780 565 836 ²)
599 792 659 821 est
680 779 960 822 Salomoni:“
991 778 1240 830 ostenditur,
1265 778 1378 821 istud
1396 779 1631 831 Canticum,

204 858 321 916 quod
352 869 414 900 est
441 858 484 900 in
513 858 725 910 manibus,
765 869 807 899 et
844 859 960 916 quod
991 868 1078 899 erat
1108 858 1146 899 ei
1178 858 1434 908 canendum,
1475 874 1562 900 esse
1587 858 1632 914 ³)

203 935 460 980 salomonis.
518 936 574 978 Et
605 936 687 978 hoc
718 937 770 978 de
801 935 1099 987 attitulatione,
1130 952 1256 992 quam
1285 935 1513 993 proposuit
1532 952 1632 979 con-

204 1014 350 1057 tinere.
409 1013 637 1057 Videamus
670 1030 767 1068 ergo
798 1013 882 1073 jam
912 1025 954 1056 et
983 1030 1090 1072 quae
1119 1025 1363 1072 sequuntur.

323 1173 365 1230 Ι)
396 1172 555 1216 Cantic.
585 1173 621 1223 Ι,
653 1172 689 1216 1.
809 1173 853 1229 ²)
887 1173 1045 1216 Cantic.
1078 1174 1114 1226 I,
1145 1173 1182 1218 1.

323 1244 367 1301 ³)
397 1244 506 1287 Edd.
537 1242 741 1287 Merlinit
768 1243 851 1287 hoc
886 1260 973 1287 esse
1003 1255 1082 1286 etc.
