1759 3134
240 125 324 172 324
535 127 756 171 Ontcrms
785 140 832 172 m
862 128 1045 172 Cmrrc.
1078 127 1382 172 Cmnconum

241 241 325 300 jam
357 242 546 284 tradetur
575 242 672 284 Deo
705 254 746 285 et
776 243 896 300 patri.
957 244 1043 287 Sed
1084 253 1124 284 et
1153 243 1235 285 hoc
1264 259 1352 285 non
1381 241 1527 292 lateat,
1563 255 1668 285 non-

239 321 382 361 nullos
438 320 767 363 attitulationern
821 321 959 362 libelli
1013 320 1135 381 hujus
1181 320 1353 363 Cantica
1398 318 1668 362 canticorum

240 399 445 451 scribere,
489 401 605 457 quod
633 417 720 442 non
751 412 864 442 recte
897 400 1103 443 scribitur.
1164 401 1260 441 Non
1292 398 1405 440 enim
1434 397 1670 455 pluraliter,

243 478 316 517 sed
356 477 622 532 singulariter
653 479 873 521 Canticum
911 480 980 521 hic
1022 478 1178 520 dicitur
1208 477 1495 522 Canticorum.
1553 476 1669 517 Haec

241 556 358 612 quasi
388 557 432 598 in
461 558 723 614 praefatione
756 559 868 600 dicta
897 568 991 599 sunt
1021 573 1044 598 a
1074 556 1197 597 nobis
1229 556 1281 597 de
1312 553 1668 613 superscriptione

238 633 348 690 ipsa,
391 635 461 676 vel
500 635 785 677 attitulatione
822 635 972 677 libelli.
1033 635 1130 676 Jam
1159 651 1271 676 nunc
1300 633 1492 675 Domino
1521 642 1668 673 nostro

237 727 317 753 nos
348 712 594 770 adjuvante,
625 713 755 771 ipsius
788 714 929 771 operis
959 713 1203 755 adoriamur
1234 712 1429 763 exordia,
1459 722 1501 752 et
1528 721 1670 751 tamen

237 805 291 830 ne
322 789 432 831 illud
465 791 637 848 quidem
667 804 880 834 remaneat
911 791 956 833 in
973 791 1096 833 nobis
1116 791 1332 843 omissum,
1365 789 1481 847 quod
1501 788 1670 845 quibus-

239 868 337 909 dam
374 869 678 926 requirendum
716 872 854 912 visum
895 882 957 911 est
995 870 1131 911 adhuc
1171 870 1223 910 de
1252 870 1343 926 ipsa
1373 866 1672 916 attitulatione,

239 963 287 988 ac
317 948 677 1005 superscriptione
710 949 833 999 libri,
874 964 979 1005 quae
1009 947 1068 989 ita
1096 948 1296 989 habetur:
1342 945 1603 999 „Canticum
1629 943 1670 1000 ¹)

238 1025 527 1078 canticorum,
559 1028 676 1083 quod
708 1038 770 1068 est
799 1025 881 1083 ipsi
901 1025 1169 1069 Salomoni.“
1215 1025 1286 1069 Sic
1310 1024 1423 1066 enim
1444 1022 1670 1079 accipiunt,

239 1104 357 1159 quasi
398 1104 621 1146 Canticum
663 1104 746 1145 hoc
788 1119 876 1145 csse
915 1104 1068 1145 dixerit
1107 1103 1381 1146 Canticorum
1412 1100 1670 1150 Salomonis,

237 1192 285 1221 ut
306 1181 350 1235 ²)
388 1197 437 1222 ex
475 1180 675 1238 plurimis
715 1180 798 1223 suis
842 1180 1013 1222 canticis
1044 1181 1126 1221 hoc
1156 1196 1289 1221 unum
1319 1195 1408 1221 esse
1437 1178 1670 1232 signaverit.

237 1259 325 1301 Sed
364 1275 441 1301 nos
481 1259 702 1317 quomodo
746 1258 1001 1316 recipiemus
1045 1256 1291 1315 hujusmodi
1333 1257 1671 1311 intelligentiam,

237 1354 334 1378 cum
374 1354 512 1395 neque
553 1338 729 1380 ccclesia
759 1338 845 1379 Dei
882 1338 973 1379 ulla
1021 1336 1274 1378 extrinsecus
1305 1336 1547 1378 Salomonis
1579 1351 1672 1377 can—

234 1414 319 1456 tica
358 1414 535 1469 legenda
574 1415 826 1473 susceperit:
864 1432 1003 1472 neque
1043 1416 1157 1472 apud
1186 1415 1427 1467 Hebraeos,
1466 1431 1488 1456 a
1519 1413 1669 1471 quibus

236 1493 407 1549 eloquia
436 1493 523 1535 Dei
553 1494 606 1535 ad
635 1510 713 1535 nos
743 1493 944 1535 videntur
973 1509 1060 1535 esse
1090 1492 1311 1544 translata,
1350 1493 1513 1550 aliquid
1550 1507 1672 1549 prac-

234 1581 302 1611 ter
317 1571 394 1612 hos
419 1583 506 1613 tres
536 1572 708 1613 libellos
729 1572 987 1623 Salomonis,
1023 1570 1097 1628 qui
1127 1583 1168 1613 et
1196 1572 1309 1628 apud
1337 1587 1416 1613 nos
1445 1582 1554 1622 sunt,
1585 1587 1670 1612 am-

234 1648 348 1704 plius
387 1648 593 1691 habeatur
622 1649 666 1690 in
697 1649 887 1692 canone?
944 1650 1110 1692 Volunt
1139 1661 1303 1701 tamen,
1348 1649 1422 1705 qui
1449 1649 1532 1691 hoc
1564 1665 1670 1691 asse-

234 1738 346 1779 runt,
377 1727 477 1769 inde
510 1728 762 1770 confirmare
780 1726 1045 1779 sententiam,
1077 1729 1194 1785 quod
1213 1727 1258 1769 in
1273 1728 1521 1781 Regnorum
1540 1727 1667 1769 tertio

234 1804 347 1847 libro
389 1806 595 1864 scriptum
635 1820 717 1860 est,
759 1806 895 1849 multa
932 1806 1060 1848 fuisse
1099 1805 1343 1848 Salomonis
1385 1805 1580 1858 Cantica,
1623 1816 1670 1846 ut

232 1898 367 1925 unum
397 1901 446 1925 ex
477 1885 624 1928 multis
657 1902 745 1929 esse
778 1885 1042 1928 confirment.
1103 1884 1200 1927 Hoc
1238 1884 1300 1927 ibi
1336 1900 1435 1938 ergo
1464 1885 1667 1926 refertur:

234 1973 316 2013 „et
338 1962 382 2017 ³)
424 1964 542 2006 Deus
582 1965 701 2007 dedit
739 1964 1012 2022 prudentiam
1050 1963 1294 2014 Salomoni,
1336 1975 1378 2005 et
1417 1962 1666 2019 sapientiam

233 2040 414 2082 multam
443 2042 589 2094 valde,
632 2055 674 2085 et
715 2043 986 2086 latitudinem
1021 2042 1160 2084 cordis
1191 2041 1299 2083 sicut
1330 2056 1520 2092 arenam,
1559 2056 1665 2097 quae

235 2129 298 2158 est
328 2119 382 2159 ad
413 2135 532 2162 oram
560 2122 701 2165 maris.
761 2122 818 2164 Et
858 2122 992 2163 factus
1024 2131 1085 2162 est
1114 2119 1277 2176 sapiens
1308 2118 1514 2161 Salomon
1544 2118 1668 2159 valde

232 2211 363 2253 super
398 2197 649 2254 sapientiam
689 2199 883 2241 omnium
921 2198 1217 2256 antiquorum,
1263 2208 1304 2239 et
1347 2212 1475 2254 super
1519 2212 1665 2238 omnes

231 2274 440 2330 sapientes
470 2277 678 2335 Aegypti,
713 2290 754 2319 et
782 2293 911 2334 super
939 2276 1079 2318 Ethan
1106 2274 1305 2318 Ezraiten
1334 2285 1376 2315 et
1398 2274 1441 2331 ⁴)
1470 2275 1665 2328 Hemam‚

231 2363 275 2393 et
307 2352 501 2406 Chalcal,
540 2366 582 2397 et
611 2355 763 2398 Dorda
801 2355 914 2398 filios
952 2355 1094 2408 Maul,
1133 2366 1175 2396 et
1213 2364 1302 2396 erat
1341 2352 1581 2397 nominatus
1618 2354 1661 2395 in

348 2573 387 2632 ¹)
422 2573 580 2617 cantic.
612 2572 646 2625 τ,
679 2573 717 2618 1.

344 2644 388 2701 2)
417 2644 527 2687 Edd.
566 2642 767 2687 Merlini:
808 2657 849 2687 et
886 2656 935 2689 ut
975 2662 1024 2688 ex
1059 2643 1256 2703 plurimis
1305 2666 1356 2675 -
1401 2660 1531 2688 unum
1570 2661 1657 2687 esse

226 2700 516 2755 designaverit.

343 2772 386 2829 3)
419 2772 506 2814 Cfr.
539 2773 704 2826 IRegg.
737 2773 815 2824 IV,
845 2773 1046 2818 29—32.

343 2842 386 2899 ⁴)
416 2841 526 2885 Edd.
558 2842 759 2889 Merlini:
788 2855 858 2897 „et
889 2845 1075 2888 Heman:
1108 2856 1149 2887 et
1180 2844 1372 2888 Calchan:
1408 2854 1450 2886 et
1478 2844 1655 2887 Dordan

226 2899 337 2941 filios
352 2906 377 2926 ‘⁴
407 2911 486 2941 etc.
