1738 3134
655 101 855 142 ΗοΜηιΑ
886 100 918 140 Ι.
1436 95 1493 140 23

64 213 163 254 sitas
195 212 426 264 figuraliter
464 212 506 252 in
540 212 852 254 Chaldaeorum
881 222 992 269 tte-rra
1021 208 1287 261 significatur.
1345 206 1422 257 „In
1449 207 1491 263 ¹)

62 301 172 330 terra
212 290 542 340 Chaldaeorum,
586 305 704 329 secus
747 288 904 328 flumen
937 287 1117 328 Chobar.
1185 285 1241 326 Et
1277 285 1387 324 faeta
1426 294 1488 323 est

59 365 150 406 illic
179 383 306 422 super
335 383 403 406 me
433 383 578 406 manus
608 365 829 406 Domini.“
887 364 942 405 Et
971 379 1109 404 sermo
1141 360 1321 402 Domini
1349 361 1484 401 factus

60 444 212 483 estad
249 444 522 499 prophetam,
566 454 608 483 et
644 458 813 491 manus,
862 452 907 481 ut
944 452 985 481 et
1021 439 1140 481 factis
1183 448 1402 478 ornaretur
1439 447 1482 476 et

58 519 206 561 verbis.
254 520 336 569 „Et
360 521 402 576 2)
429 520 515 560 vidi
540 520 762 560 visiones.“
806 518 961 573 Aliqua
990 515 1278 573 perstringam,
1310 525 1352 553 et
1381 513 1482 553 licet

54 612 132 650 pro
163 596 350 648 angustia
379 596 583 651 temporis
615 612 675 646 ea,
708 612 813 652 quae
845 594 944 645 «lixi,
973 593 1136 650 possint
1165 592 1382 640 sufficere,
1419 602 1480 631 ta-

52 688 148 712 men
181 672 306 712 etiam
337 674 388 713 de
411 684 505 713 toto
529 689 708 728 corpore
731 671 902 713 visionis
922 688 1085 712 summa
1110 685 1298 725 quaeque
1317 667 1478 707 libabo.

165 749 230 791 11.
261 749 344 799 „Et
367 749 408 803 ³)
440 749 549 799 vidi,
582 762 621 790 et
654 766 772 799 ecce,
802 748 973 804 spiritus
1003 763 1171 800 surgens
1202 745 1396 786 veniebat
1424 745 1477 784 ab

51 826 307 882 Aquilone.“
365 826 603 878 Diligenter
644 827 862 868 considera
901 842 1044 866 rerum
1081 840 1329 872 numerum,
1369 837 1476 876 quae

51 903 268 943 dicuntur:
313 902 483 958 spiritus
528 920 697 956 surgens
739 905 827 945 sive
871 904 1064 944 auferens
1095 903 1138 955 ⁴²)
1182 899 1376 940 veniebat
1420 899 1474 937 ab

48 980 273 1036 Aquilone.
331 980 465 1030 Ecce,
504 997 587 1021 una
625 998 704 1021 res.
763 982 846 1031 „Et
870 981 910 1036 ⁵)
954 981 1088 1020 nubes
1125 993 1273 1030 magna
1311 987 1398 1016 erat
1430 974 1472 1015 in

49 1063 159 1098 eo‘:“
190 1074 287 1097 ecce
321 1058 439 1099 duae.
500 1058 583 1108 „Et
606 1059 648 1114 6)
680 1059 885 1114 splendor
912 1057 956 1098 in
987 1056 1165 1097 circuitu
1197 1053 1344 1110 ejus:“
1374 1067 1470 1093 ecce

45 1146 141 1175 tres.
202 1134 285 1184 „Et
305 1134 347 1191 ⁷)
387 1135 492 1187 ignis
529 1136 802 1188 1·esulgens:“
845 1151 941 1175 ecce
981 1146 1174 1190 quatuor.
1235 1132 1317 1182 „Et
1346 1131 1390 1186 ⁸)
1427 1130 1469 1170 in

44 1211 188 1251 medio
222 1210 309 1268 ejus
339 1211 446 1252 sicut
476 1212 580 1251 visio
615 1211 761 1252 electri
792 1211 835 1251 in
864 1211 1007 1251 medio
1035 1210 1198 1262 ignis:“
1230 1224 1326 1248 ecce
1349 1206 1478 1262 quium.

45 1305 139 1343 que.
199 1288 281 1339 „Et
304 1290 346 1342 9)
380 1289 522 1328 lumen
561 1288 604 1328 in
646 1294 755 1328 eo:“
796 1304 892 1328 eece
922 1305 1003 1328 sex.
1062 1288 1167 1328 Post
1196 1286 1297 1326 haec
1327 1283 1468 1334 „simi-

43 1365 180 1404 litudo
208 1365 274 1417 ¹⁰)
309 1376 488 1420 quatuor
517 1364 804 1414 animalium,“
846 1377 887 1405 et
916 1365 1049 1414 „visio
1082 1368 1272 1412 eorum,“
1304 1372 1344 1401 et
1373 1377 1467 1401 nar·

39 1441 146 1481 ratio
179 1440 371 1480 visionis:
406 1457 502 1481 ecce
533 1453 709 1497 septem.
768 1441 850 1491 „Et
877 1441 944 1496 ¹¹)
977 1441 1017 1481 in
1047 1440 1190 1481 medio
1221 1437 1465 1479 animalium

40 1517 156 1573 quasi
187 1519 389 1558 carbones
419 1518 582 1570 ignis:“
615 1535 711 1559 eece
744 1530 856 1559 octo,
917 1517 1024 1571 Quis
1052 1527 1194 1572 potest
1223 1515 1299 1556 ista
1328 1515 1466 1555 minu-

36 1594 156 1634 tatim
187 1594 425 1650 exponere?
484 1594 592 1648 Quis
621 1594 679 1635 ita
710 1607 771 1635 est
802 1606 928 1650 capax
958 1594 1128 1649 spiritus
1158 1594 1255 1644 Dei,
1285 1604 1333 1633 ut
1360 1594 1462 1633 haec

34 1683 291 1711 sacramenta
331 1671 563 1712 dilucidet?
623 1671 861 1726 Oportebat
899 1682 1161 1711 accusatores
1191 1669 1389 1710 creatoris
1421 1681 1461 1709 et

33 1748 118 1787 Dei
162 1749 467 1803 prophetarum
511 1747 697 1802 primum
742 1747 1000 1799 intelligere,
1046 1763 1152 1802 quae
1198 1747 1395 1787 dicuntur
1437 1762 1461 1786 a

32 1824 275 1879 prophetis,
315 1836 356 1865 et
394 1836 542 1879 postea
583 1823 807 1867 criminari.
870 1824 957 1877 Qui
998 1824 1110 1863 enim
1149 1840 1246 1863 vere
1282 1834 1461 1872 accusat,

35 1917 80 1941 ea
114 1901 240 1941 debet
270 1917 475 1950 accusare,
508 1918 613 1956 quae
643 1901 775 1941 novit.
823 1901 869 1942 Si
900 1918 999 1941 vero
1032 1901 1230 1941 haeretici
1247 1917 1299 1941 ne
1321 1916 1457 1956 prope

35 1977 206 2032 quidem
249 1990 345 2018 sunt
387 1977 624 2017 intellectui
671 1977 838 2027 divino,
887 1979 1106 2033 quomodo
1152 1978 1459 2019 rationabiliter

30 2065 234 2103 accusant,
266 2054 380 2109 quod
417 2070 488 2094 eos
517 2054 678 2095 nescire
711 2055 1026 2097 convincimus?
1072 2054 1260 2107 Discant,
1293 2055 1385 2112 quis
1414 2055 1456 2096 in

30 2130 104 2170 hac
133 2130 294 2170 visione
326 2131 378 2171 sit
407 2148 562 2173 sensus,
621 2131 814 2172 Primum
845 2145 1019 2188 apparet
1047 2134 1219 2188 spiritus
1248 2135 1454 2174 auferens.

30 2207 225 2247 Secundo
256 2209 389 2248 nubes
419 2225 565 2260 magna
595 2208 636 2249 in
667 2209 817 2264 spiritu
848 2211 1075 2251 auferente.
1136 2211 1283 2252 Tertio
1315 2210 1456 2265 splen-

30 2285 109 2323 dor
138 2284 181 2324 in
213 2285 390 2325 circuitu
419 2286 589 2341 spiritus
620 2286 856 2328 auferentis,
901 2285 1065 2340 Quarto
1097 2288 1201 2340 ignis
1230 2288 1452 2339 refulgens.

31 2359 193 2413 Quinto
232 2361 274 2402 in
313 2362 456 2402 medio
501 2362 588 2420 ejus
627 2364 735 2404 sicut
773 2364 879 2404 visio
924 2366 1091 2415 electri,
1135 2365 1245 2406 haud
1276 2364 1452 2406 dubium

153 2544 191 2596 ¹)
224 2542 375 2583 Ezecln.
398 2547 431 2594 l,
462 2546 500 2587 3.
621 2548 662 2600 ²)
696 2547 844 2587 [zm-h.
874 2549 901 2595 ἶ,
940 2549 972 2589 l.
1101 2549 1143 2603 ³)
1175 2549 1325 2589 Ezecln.
1348 2549 1380 2598 l,
1411 2547 1449 2589 4.

155 2610 197 2668 ⁴)
228 2612 338 2654 Edd.
369 2614 566 2656 'Mox-lini:
599 2618 833 2657 csmscrens.
955 2619 995 2668 5)
1026 2617 1176 2656 lim-rh.
1200 2619 1232 2666 l,
1262 2617 1300 2658 4.

144 2683 186 2737 ⁶)
217 2682 368 2723 Ezccln.
393 2683 422 2731 l,
455 2684 492 2725 ll.
622 2688 662 2741 7)
693 2687 844 2727 lim-rh.
870 2687 900 2735 l,
932 2687 969 2727 -Ῑ,
1098 2688 1140 2737 ’3)
1175 2687 1322 2727 Ιὶκρςίι.
1349 2690 1378 2735 l,
1409 2687 1447 2726 4.

152 2751 194 2808 9)
221 2750 378 2792 Ezech.
400 2753 433 2801 l,
464 2753 504 2796 sl.
617 2756 683 2810 ¹⁰)
715 2755 868 2796 Ezech.
894 2757 926 2806 l,
959 2757 995 2798 5.
1028 2774 1139 2812 seqq.

119 2821 185 2876 ¹¹)
216 2821 368 2863 Ezech.
405 2821 442 2871 l,
475 2821 540 2866 13.
