1759 3134
688 108 885 150 HomrmA
916 109 948 147 Ι.
1444 107 1527 150 255

115 224 314 275 demergo
346 221 388 261 in
417 220 614 261 fluctibus
643 220 927 268 Pharaonem,
965 228 1006 258 et
1037 218 1226 259 cristatos
1255 217 1324 258 vel
1346 217 1390 273 ¹)
1420 219 1529 258 auri-

115 318 182 353 gas
213 300 321 357 ejus,
362 310 402 339 et
442 300 708 339 adscensores
749 295 835 352 ejus
874 306 915 334 et
955 311 1108 350 equos,
1154 307 1196 335 et
1234 311 1378 335 currus
1417 294 1525 351 ejus:

115 390 338 433 quantum,
377 375 572 431 inquam,
613 375 759 415 differt
795 372 1002 427 equitatus
1042 388 1160 412 meus
1191 374 1242 412 ab
1274 371 1390 428 equis
1420 372 1528 413 Pha-

114 455 273 503 raonis,
323 464 440 492 tanto
478 452 632 492 melior
668 467 708 491 es
748 450 942 490 omnibus
978 449 1145 489 filiabus
1181 461 1228 488 tu
1264 465 1434 504 sponsa,
1479 461 1527 489 tu

116 530 394 572 ecclesiastica
439 529 598 578 anima,
646 527 839 569 omnihus
878 528 1115 576 animabus,
1162 542 1267 581 quae
1308 543 1396 566 non
1432 539 1528 567 sunt

116 606 430 648 ecclesiasticae.
490 606 621 657 Igitur
658 605 691 646 si
731 603 1010 645 ecclesiastica
1048 604 1185 644 anima
1226 619 1288 652 es»,
1334 604 1526 644 omnibus

113 685 327 725 animabus
359 699 400 722 es
430 683 603 723 melior:
634 683 668 723 si
691 698 778 722 non
802 697 843 721 es
866 680 1032 729 melior,
1060 697 1145 720 non
1172 697 1213 720 es
1236 680 1526 721 ecclesiastica.

112 761 367 817 „Equitatui
389 761 435 811 2)
482 775 578 798 meo
624 758 667 798 in
716 758 903 798 curribus
945 758 1175 799 Pharaonis
1218 757 1443 798 assimilavi
1486 769 1527 798 te

111 839 303 894 proxima
331 842 465 877 mea.“
521 835 689 875 Deinde
719 835 1079 889 pulchritudinem
1109 852 1284 891 sponsae
1320 835 1529 890 spirituali

111 932 254 956 amore
295 913 503 954 describit.
564 912 743 962 „Genae
768 914 808 969 3)
848 925 944 953 tuae
982 925 1030 954 ut
1068 913 1284 954 turturis.“
1354 912 1529 953 Faciem

111 992 228 1032 illius
260 992 413 1039 laudat,
446 1001 486 1030 et
517 1006 716 1042 genarum
744 991 900 1030 rubore
930 990 1198 1030 succenditur
1217 989 1276 1046 ⁴).
1334 989 1529 1030 Pulchri-

110 1071 215 1110 tudo
248 1069 405 1124 quippe
435 1068 662 1108 mulierum
682 1067 735 1107 -in
765 1067 877 1120 genis
903 1067 1056 1108 dicitur
1087 1083 1173 1107 esse
1205 1066 1526 1122 quamplurima.

111 1149 175 1187 Ita
215 1158 256 1186 et
290 1162 366 1186 nos
405 1145 765 1200 pulchritudinem
804 1145 965 1184 animae
1002 1144 1284 1196 intelligamus
1317 1144 1361 1183 in
1401 1143 1527 1196 genis.

111 1223 240 1264 Labia
278 1237 377 1262 vero
420 1221 528 1279 ejus,
573 1233 613 1261 et
654 1221 839 1272 linguam
870 1220 1191 1274 intelligentiam
1222 1221 1525 1276 praedicemus.

111 1301 325 1351 „Collum
349 1299 390 1354 5)
432 1311 550 1338 tuum
590 1310 637 1338 ut
673 1298 846 1338 monile.
862 1305 886 1322 “
958 1298 1017 1339 Ut
1057 1310 1371 1347 ornamentum,
1411 1298 1528 1352 quod

110 1379 220 1418 solet
250 1376 454 1428 virginum
486 1376 601 1415 collo
632 1376 842 1430 pendere,
875 1387 915 1416 et
944 1386 1212 1429 nuncupatur
1238 1373 1454 1431 ὁρμίσκος
1469 1376 1527 1428 ⁶),

111 1455 169 1495 ita
207 1454 294 1494 sine
335 1453 415 1492 hoc
447 1452 600 1491 decore
632 1463 672 1492 et
701 1463 823 1491 tuum
851 1451 991 1507 ipsum
1023 1452 1185 1492 collum
1216 1463 1277 1492 est
1308 1467 1528 1491 ornamen-

108 1544 213 1575 tum.
284 1530 388 1570 Post
424 1529 525 1568 haec
553 1528 594 1585 ⁷)
641 1529 689 1568 fit
725 1545 903 1584 sponsus
940 1530 983 1569 in
1020 1529 1226 1570 recubitu.
1300 1527 1528 1583 Requievit

110 1620 157 1648 ut
187 1608 277 1657 leo,
315 1618 362 1646 ut
403 1606 564 1645 catulus
594 1606 730 1645 leonis
762 1607 1046 1656 obdormivit,
1088 1618 1136 1646 ut
1165 1605 1364 1660 deinceps
1393 1605 1528 1660 possit

111 1685 276 1726 audire:
308 1683 487 1739 ‚‚quis’³)
517 1682 732 1722 suscitabit
762 1683 925 1724 eum?“
972 1682 1071 1737 Quo
1096 1681 1267 1722 interim
1289 1682 1528 1722 dormiente

112 1773 314 1819 apparent
352 1775 528 1815 sponsae
567 1759 711 1814 sponsi
749 1760 913 1800 sodales
952 1760 1112 1812 angeli,
1153 1770 1193 1799 et
1227 1759 1290 1799 his
1322 1775 1414 1799 eam
1442 1775 1528 1799 ser-

110 1840 308 1880 monibus
353 1837 644 1877 consolantur:
687 1852 765 1876 nos
811 1837 891 1877 tibi
934 1854 1059 1878 aurea
1103 1848 1348 1877 ornamenta
1388 1837 1528 1877 facere

110 1933 196 1957 non
226 1929 470 1971 possumus:
508 1929 595 1953 non
638 1913 750 1953 enim
778 1925 865 1954 tam
896 1915 1046 1956 divites
1075 1932 1238 1965 sumus,
1273 1926 1322 1954 ut
1349 1930 1527 1969 sponsus

110 2005 226 2043 tuus,
265 1991 337 2047 qui
377 2005 551 2030 aureum
591 1989 670 2030 tibi
708 1991 871 2032 monile
902 1993 1109 2046 largiatur.
1167 1994 1256 2034 Nos
1286 1991 1529 2032 similitudi-

229 2235 269 2291 ¹)
302 2234 568 2276 Omittuntur
606 2237 750 2276 verba:
789 2237 893 2286 „vel
924 2236 1082 2290 aurigas
1094 2243 1138 2287 “,
1179 2235 1222 2276 in
1254 2235 1372 2277 libris
1404 2234 1525 2276 editis

113 2293 176 2348 (v.
205 2309 238 2332 c.
272 2293 366 2333 edd.
395 2292 495 2347 M),
524 2292 802 2333 restituuntur
831 2309 853 2333 e
881 2294 982 2335 Mss.
1027 2295 1207 2335 Ruaeus.

227 2362 275 2416 ²)
307 2361 463 2402 Cantic.
495 2364 528 2412 I,
560 2362 599 2405 9.
717 2364 763 2416 3)
795 2363 953 2405 Cantic.
986 2364 1018 2413 I,
1051 2363 1117 2405 10.

230 2431 270 2488 ⁴)
311 2432 417 2473 Cod.
459 2431 680 2472 Beccensis
719 2433 850 2487 (item
890 2434 984 2495 edd.
1024 2433 1126 2488 M.):
1173 2431 1524 2482 ‚,succenditur.“

113 2489 229 2530 Libri
261 2488 382 2528 editi:
415 2489 764 2543 „prosunditur.“
808 2490 864 2529 R.

230 2559 274 2611 ⁵)
306 2557 464 2599 Cantic.
495 2558 528 2606 I,
560 2558 625 2600 10.
657 2582 708 2588 —-
739 2558 871 2600 Deest
900 2567 1017 2610 „ut“
1049 2560 1092 2600 in
1125 2560 1218 2600 edd.
1251 2559 1311 2599 Μ.

229 2630 273 2681 ⁶)
305 2628 413 2668 Edd.
446 2626 639 2667 Merlini:
671 2628 854 2670 bormos.
915 2632 1061 2686 Itaque
1092 2629 1179 2670 sine
1211 2641 1287 2670 etc.

232 2699 271 2755 ⁷)
302 2698 410 2739 Edd.
441 2697 634 2738 isserlini:
666 2698 759 2745 hoc.

229 2769 273 2825 3)
304 2768 410 2809 Gen.
441 2768 594 2818 XLIX,
626 2767 664 2810 9.
698 2793 748 2801 ——
780 2769 912 2810 Deest
943 2771 1103 2827 ‚,quis“
1135 2762 1178 2811 in
1209 2770 1303 2811 edd.
1340 2769 1396 2809 M.
