1738 3134
636 145 839 187 HonnmA
871 144 902 183 Ι.
1431 146 1482 188 15

63 262 134 303 alii
176 258 409 301 corruerint
450 258 493 297 in
534 255 718 297 malitiae
758 256 1030 310 profundum.
1099 255 1167 296 Tu
1199 272 1299 296 vero
1338 258 1484 307 homo,

65 354 191 394 quare
230 353 318 377 non
355 335 415 375 vis
456 333 627 376 arbitrio
667 344 708 372 te
746 344 820 373 tuo
853 332 1135 373 derelictum?
1194 332 1336 387 Quare
1367 350 1487 386 aegre

64 416 147 455 fers
193 413 292 464 niti,
337 413 549 461 laborare,
595 410 871 459 contendere,
914 421 956 449 et
1001 425 1077 464 per
1119 411 1231 451 bona
1273 427 1401 466 opera
1445 423 1486 451 te

65 492 204 547 ipsum
246 506 411 531 causam
446 499 541 528 tuae
577 486 670 526 fieri
707 485 879 527 salutis?
934 487 1002 526 An
1031 486 1160 538 magis
1189 498 1231 526 tc
1262 487 1489 528 delectabit

65 568 372 617 dormientem,
414 576 455 605 et
491 564 534 604 in
575 563 663 603 otio
710 563 984 603 constitutum
1012 574 1180 603 aeterna
1209 564 1489 619 prosperitate

66 643 356 702 requiescere?
413 642 567 692 „Pater
592 641 629 696 ¹)
660 657 792 690 meus,
822 640 959 696 inquit
986 639 1197 680 Dominus
1225 641 1345 680 Jesus
1371 641 1490 682 Chri-

68 735 178 772 stus,
216 737 348 777 usque
376 719 507 760 modo
541 729 762 773 operatur,
793 729 834 757 et
865 733 940 769 ego
974 723 1190 773 operor:“
1229 728 1271 757 et
1300 717 1376 758 tibi
1408 718 1489 758 dis-

68 799 200 854 plicet
237 797 423 853 operari,
478 796 550 851 qui
588 796 641 836 ad
680 810 809 851 opera
851 806 970 835 natus
1011 794 1081 835 es?
1145 795 1243 835 Non
1282 794 1342 834 vis
1383 811 1489 850 opus

67 888 188 915 tuum
229 873 321 914 fieri
364 872 585 930 justitiam,
636 871 905 928 sapientiam,
953 870 1218 913 castitatem?
1286 872 1382 911 Non
1429 871 1489 912 vis

66 964 186 991 tuum
218 967 324 1006 opus
355 966 442 991 esse
473 949 790 999 fortitudinem,
821 949 1005 1004 aliasque
1040 947 1243 990 virtutes?
1286 948 1420 1000 Igitur
1448 949 1491 988 in

67 1027 352 1084 captivitatem
393 1028 624 1077 ducuntur,
665 1027 736 1082 qui
776 1037 954 1082 propter
979 1025 1022 1082 ²)
1061 1037 1235 1081 peccata
1263 1042 1336 1066 sua
1364 1025 1491 1066 servi-

66 1105 166 1150 tutis
204 1120 396 1145 meruere
435 1103 656 1159 supplicia.
716 1103 772 1143 Et
809 1103 923 1143 venit
952 1104 1071 1144 Jesus
1105 1103 1290 1144 Christus
1326 1103 1493 1158 praedi—

67 1197 160 1221 care
200 1180 373 1236 captivis
410 1181 724 1231 remissionem,
765 1192 806 1220 et
847 1179 974 1220 caesis
1011 1180 1159 1220 visum.
1220 1181 1303 1219 Iste
1343 1180 1493 1220 clamat

71 1257 134 1307 iis,
167 1257 239 1312 qui
269 1268 365 1297 sunt
391 1257 435 1297 in
467 1257 661 1297 vinculis:
694 1255 1027 1308 „egredimini:“
1067 1267 1107 1296 et
1137 1256 1200 1305 iis,
1233 1255 1303 1311 qui
1331 1272 1494 1296 versan-

71 1346 139 1374 tur
170 1333 211 1374 in
242 1333 446 1375 tenebris:
478 1333 688 1384 ‚‚videte.“
738 1333 793 1373 Et
821 1350 898 1373 nos
928 1333 1084 1373 fuimus
1116 1332 1159 1372 in
1189 1331 1365 1372 vinculis
1395 1349 1495 1387 pec·

70 1422 291 1460 catorum,
315 1421 356 1451 et
384 1427 461 1451 nos
491 1410 718 1466 aliquando
750 1411 1018 1450 versabamur
1048 1410 1092 1449 in
1121 1408 1318 1458 tenebris,
1350 1410 1495 1449 adver-

69 1504 164 1528 sum
191 1498 376 1528 rectores
406 1488 675 1528 tenebrarum
702 1486 851 1527 mundi
880 1486 998 1527 istius
1030 1496 1338 1527 concertantes:
1382 1486 1495 1526 venit

68 1565 189 1608 Jesus
226 1564 417 1605 omnium
460 1564 766 1620 prophetarum
804 1564 978 1604 vocibus
1021 1562 1307 1619 praedicatus,
1354 1563 1494 1603 dicens

73 1641 224 1695 ligatis:
256 1641 466 1692 „exite:“,
484 1652 527 1682 et
558 1640 794 1681 constitutis
824 1640 867 1682 in
897 1640 1105 1682 tenebris:
1136 1639 1408 1695 „adspicite.“

182 1718 221 1761 4.
253 1718 300 1760 Si
329 1730 468 1759 autem
499 1718 559 1758 vis
590 1717 734 1758 audire
765 1716 1034 1757 Ezechielem
1072 1717 1209 1756 filium
1239 1716 1422 1756 hominis
1451 1717 1494 1756 in

73 1793 313 1849 captivitate
330 1794 658 1849 praedicantem,
683 1805 724 1833 et
745 1793 822 1834 iste
842 1805 965 1852 tHJus
985 1805 1071 1834 erat
1090 1792 1256 1835 Christi.
1297 1793 1429 1842 „Ideo
1452 1794 1495 1849 ³)

73 1872 232 1911 sactum
262 1882 344 1921 est,
383 1870 461 1920 ait,
500 1870 543 1910 in
572 1869 787 1922 trigesimo
820 1887 952 1920 anno,
994 1870 1038 1910 in
1069 1881 1216 1926 quarto
1248 1886 1412 1919 mense,
1454 1870 1495 1910 in

74 1946 220 2003 quinta
255 1946 428 1998 mensis,
473 1959 515 1988 et
552 1963 628 1999 ego
668 1963 782 1987 eram
822 1947 864 1987 in
902 1947 1045 1988 medio
1089 1946 1338 2001 captivitatis
1378 1963 1495 1987 secus

74 2023 233 2064 flumen
255 2024 436 2074 chobar,
467 2035 508 2064 et
538 2023 673 2080 aperti
701 2035 797 2064 sunt
827 2023 979 2064 coeli.“
1030 2024 1160 2065 Secus
1190 2023 1366 2063 fluvium
1397 2040 1495 2076 ergo

76 2099 246 2142 Chobar
260 2099 473 2150 Ezechiel,
505 2117 601 2141 cum
629 2099 798 2153 triginta
823 2112 929 2141 esset
950 2116 1168 2152 annorum,
1199 2113 1366 2156 apertos
1391 2100 1498 2141 vidit

76 2176 233 2218 coelos.
290 2176 347 2218 Et
374 2177 586 2218 Dominus
622 2177 743 2219 Jesus
784 2177 970 2219 Christus
1010 2177 1214 2233 incipiens
1253 2190 1340 2219 erat
1382 2178 1497 2234 quasi

75 2251 245 2305 triginta
273 2269 480 2295 annorum
509 2271 626 2295 secus
654 2254 832 2295 fluvium
860 2255 1114 2305 Jordanem,
1153 2267 1194 2295 et
1232 2255 1365 2311 aperti
1403 2267 1498 2296 sunt

81 2328 202 2370 coeli.
240 2329 296 2371 Et
316 2347 394 2386 per
418 2347 589 2372 omnem
612 2331 883 2387 prophetiam
902 2332 1118 2373 Ezechieli
1142 2332 1315 2373 dicitur:
1347 2332 1436 2383 „fili
1457 2333 1501 2388 ⁴)

79 2403 302 2447 hominis.“
362 2406 468 2461 Quis
499 2419 640 2449 autem
668 2408 780 2448 filius
810 2408 1015 2459 hominis,
1055 2421 1102 2449 ut
1130 2408 1342 2450 Dominus
1381 2425 1498 2448 nicus

80 2480 201 2522 Jesus
233 2481 449 2528 Christus?
504 2485 805 2541 Respondeant
841 2485 945 2527 mihi
984 2485 1204 2536 haeretici,
1246 2487 1315 2542 qui
1351 2486 1498 2527 nativi-

202 2661 242 2716 ¹)
271 2661 347 2701 Ev.
379 2663 528 2706 Joann.
560 2666 610 2715 V,
642 2666 706 2709 17.

198 2731 242 2786 ²)
275 2731 360 2772 Cfr.
391 2733 492 2773 Luc.
526 2735 593 2784 IV,
629 2735 693 2778 18.
734 2737 830 2777 coll.
861 2737 983 2777 Jesai.
1015 2737 1126 2787 LXI,
1159 2738 1193 2779 1.

197 2799 241 2855 3)
269 2799 419 2842 Ezech.
452 2803 485 2851 I,
525 2803 559 2844 1.

200 2868 241 2923 4)
272 2870 356 2913 Csr.
389 2871 539 2912 Ezech.
573 2872 628 2922 Il,
663 2873 698 2917 1.
730 2875 767 2919 3.
798 2877 837 2919 6.
868 2875 909 2919 8.
941 2877 1038 2917 coll.
1074 2892 1190 2932 capp.
1224 2892 1334 2930 seqq-
