1738 3134
676 129 874 171 HoivnuA
905 129 959 168 II.
1473 130 1537 174 35

102 243 145 283 in
171 241 572 283 condemnationem
591 255 740 281 meam.
787 240 836 280 In
862 238 1204 297 justificationem
1231 239 1403 295 quidem
1418 241 1523 282 mihi

102 331 238 370 erunt,
269 337 374 376 quae
404 321 513 360 bene
546 318 656 359 dicta
685 328 800 356 sunt:
831 315 875 356 in
902 317 1299 358 condemnationem
1328 333 1428 358 vero
1462 325 1521 369 ea,

100 413 205 452 quae
236 414 366 445 secus,
398 413 523 453 quam
552 394 700 435 veritas
729 392 881 448 poscit,
913 392 1153 447 explanata:
1179 411 1268 444 „ex
1290 395 1337 451 ⁴¹)
1362 411 1521 436 sermo-

98 475 232 524 nibus,
263 474 412 529 inquit,
442 472 523 513 tuis
553 468 856 529 justificaberis,
888 480 929 508 et
955 484 1003 508 ex
1028 469 1291 511 sermonibus
1313 472 1396 512 tuis
1421 489 1520 513 con-

99 550 420 591 demnaberis:“
453 548 568 605 quasi
598 546 767 587 habenti
793 562 881 586 non
913 562 1057 587 omnes
1086 563 1314 598 sermones,
1346 551 1398 589 de
1429 550 1520 606 qui-

95 629 173 668 hus
203 626 517 685 justificaretur,
548 639 684 679 neque
714 640 878 663 rursum
910 639 1055 664 omnes
1086 640 1314 674 sermones,
1345 626 1397 666 de
1429 627 1519 682 qui-

96 706 172 744 bus
215 704 575 744 condemnaretur.
649 700 696 742 Si
737 699 886 755 aliquis
926 716 947 740 a
986 701 1250 741 sermonibus
1285 717 1418 757 purus
1457 714 1518 743 est

93 780 262 830 alienis,
294 791 335 820 et
362 779 436 828 iis,
473 777 544 834 qui
576 777 738 833 possint
765 778 1033 832 reprebendi,
1065 794 1112 818 ex
1141 778 1403 819 sermonibus
1433 779 1515 820 suis

90 855 405 913 justificabitur,
450 866 489 895 et
518 872 604 895 non
638 855 1000 897 condemnabitur.
1059 855 1106 896 Si
1134 866 1274 896 autem
1300 872 1516 912 nunquam

89 945 202 973 recte
233 933 399 973 locutus
432 944 514 982 est,
546 933 620 972 sed
648 948 814 988 semper
843 931 1024 988 protulit
1052 948 1202 987 prava,
1233 948 1282 972 ex
1310 934 1514 973 sermoni-

92 1011 169 1050 bus
199 1010 282 1051 suis
315 1009 675 1059 condemnabitur,
708 1021 749 1050 et
772 1026 859 1050 non
879 1009 1183 1067 justificabitur.
1229 1011 1388 1051 Verum
1418 1010 1514 1067 quia

87 1103 178 1136 nos,
210 1086 282 1142 qui
309 1103 396 1127 non
425 1103 566 1127 sumus
599 1103 647 1127 ex
678 1087 794 1128 omni
822 1099 940 1143 parte
969 1086 1164 1142 perfecti,
1193 1103 1331 1143 neque
1360 1087 1420 1128 sic
1449 1088 1511 1128 di-

91 1162 243 1211 cimus,
281 1174 329 1203 ut
358 1180 525 1219 semper
554 1163 849 1220 justificemur,
887 1179 1024 1218 neque
1061 1163 1120 1203 sic
1150 1179 1172 1203 e
1203 1164 1413 1205 contrario
1443 1181 1510 1204 su-

89 1255 180 1278 mus
219 1251 484 1293 peccatores,
527 1253 574 1280 ut
620 1257 786 1296 semper
829 1240 1179 1281 condemnemur:
1227 1252 1268 1281 et
1308 1241 1508 1281 habemus

88 1315 168 1356 alia
197 1317 335 1365 verba,
369 1333 416 1356 ex
447 1317 596 1372 quibus
628 1318 914 1374 justificemur,
948 1328 988 1357 et
1018 1317 1112 1367 aIia,
1144 1334 1193 1358 ex
1225 1318 1375 1374 quibus
1407 1334 1507 1358 con—

87 1393 353 1433 demnemur:
399 1394 515 1435 Deus
561 1410 688 1450 super
731 1405 926 1434 stateram
969 1410 1086 1433 sunm
1129 1406 1304 1449 utraque
1345 1410 1506 1449 ponens

86 1469 284 1525 expendit
309 1469 548 1527 diligenter,
581 1483 622 1512 et
650 1470 822 1529 judicat,
851 1470 893 1510 in
926 1470 1076 1525 quibus
1104 1469 1236 1528 justus
1267 1470 1360 1521 sim,
1392 1482 1432 1511 et
1463 1469 1504 1510 in

85 1546 234 1602 quibus
273 1547 538 1588 sermonibus
581 1549 937 1589 condemnandus.
999 1546 1130 1602 Quod
1167 1559 1308 1589 autem
1339 1546 1389 1587 in
1423 1563 1506 1588 ser·

82 1624 277 1664 monibus
319 1623 444 1674 facit,
485 1625 566 1665 hoe
605 1625 720 1666 idem
758 1625 859 1665 facit
897 1624 1010 1665 etin
1040 1625 1175 1677 gestis.
1234 1626 1414 1666 Necesse
1440 1634 1506 1664 vest

84 1700 218 1750 enim,
256 1712 304 1740 ut
342 1700 425 1741 sint
463 1701 545 1741 alia
573 1703 702 1752 faeta,
744 1702 787 1741 in
818 1701 968 1756 quibus
996 1701 1295 1758 justificemur,
1340 1711 1381 1740 et
1409 1700 1504 1750 alia,

80 1777 125 1816 in
156 1776 306 1832 quibus
338 1778 680 1819 condemnemur.
737 1779 886 1833 Neque
927 1778 1038 1818 enim
1067 1778 1125 1819 sic
1154 1780 1367 1834 perfectus
1396 1795 1502 1829 sum,

81 1866 128 1894 ut
159 1853 300 1894 omnia
328 1854 439 1894 facta
466 1854 665 1904 habeam,
694 1855 737 1895 in
769 1856 919 1911 quibus
947 1856 1079 1915 justus
1110 1854 1320 1895 exsistam:
1363 1871 1500 1910 neque

81 1931 139 1971 sic
168 1942 380 1986 peccator,
409 1942 458 1971 ut
485 1931 585 1971 talia
617 1943 763 1973 cuncta
792 1933 980 1982 fecerim,
1011 1948 1115 1988 quae
1146 1948 1214 1971 me
1237 1948 1286 1972 ex
1309 1932 1352 1987 2)
1384 1930 1501 1972 omni

80 2019 197 2063 parte
229 2009 523 2049 condemnent.
570 2008 671 2048 Esse
700 2019 842 2049 autem
873 2021 915 2050 et
946 2009 1026 2050 alia
1046 2011 1088 2065 3)
1119 2010 1229 2049 facta
1246 2008 1500 2058 istiusmodi,

81 2096 122 2125 et
150 2085 232 2126 alia
260 2085 520 2135 istiusmodi,
567 2101 615 2126 ex
644 2086 729 2126 ‘hoc
759 2086 1029 2127 manifestum
1058 2098 1139 2137 est,
1181 2087 1298 2141 quod
1326 2085 1500 2127 dicitur:

81 2163 399 2218 „quorumdam
421 2163 462 2219 ⁴)
493 2162 715 2203 hominum
744 2175 916 2219 peccata
944 2164 1166 2204 manifesta
1193 2174 1302 2213 sunt,
1326 2179 1499 2218 praece-

78 2238 217 2279 dentia
253 2240 306 2280 ad
341 2239 569 2296 judicium3
610 2241 891 2296 quorumdam
927 2253 1069 2282 autem
1107 2251 1148 2281 et
1176 2241 1499 2296 subsequuntur.

79 2314 286 2357 Similiter
330 2328 470 2358 autem
515 2329 556 2358 et
594 2319 705 2358 bona
747 2318 857 2358 facta
892 2317 1112 2359 manifesta
1149 2328 1266 2369 sunt3
1311 2329 1352 2358 et
1393 2334 1498 2373 quae

78 2391 201 2432 aliter
234 2393 464 2444 habentur,
507 2395 637 2435 latere
674 2411 761 2435 non
798 2400 1016 2450 possunt.“
1072 2395 1220 2450 Aeque
1251 2395 1303 2434 de
1330 2394 1499 2434 intelle-

79 2468 225 2510 ctibus.
283 2470 467 2526 Propter
504 2472 620 2527 quod
661 2483 703 2512 et
739 2472 849 2512 inter
888 2488 930 2512 se
973 2471 1154 2512 invicem
1195 2470 1498 2523 cogitationum

76 2546 380 2596 accusantium,
421 2548 507 2589 sive
545 2548 909 2598 satisfacientium,
946 2547 1152 2604 judicium
1188 2564 1257 2588 me
1284 2559 1498 2603 exspectat

77 2622 128 2662 de
160 2623 377 2673 omnibus,
420 2640 524 2680 quae
553 2625 685 2676 facio,
727 2642 832 2682 quae
862 2624 1078 2677 intelligo,
1110 2641 1214 2681 quae
1245 2625 1424 2682 loquor,
1452 2636 1497 2665 et

192 2789 232 2841 ¹)
266 2789 414 2830 Matth.
445 2790 544 2840 ΧΠ,
575 2790 642 2834 37.
705 2792 747 2848 ²·)
777 2793 886 2834 Edd.
905 2791 1102 2834 Merlini:
1136 2792 1254 2832 omni
1285 2809 1332 2833 ex
1362 2803 1492 2847 parte.

190 2857 232 2912 3)
262 2858 370 2899 Edd.
395 2859 592 2900 Merlini:
622 2861 732 2901 tal-ia.
796 2863 839 2917 ⁴)
869 2861 1014 2905 ITim.
1048 2863 1095 2910 V,
1126 2860 1193 2903 24.
1224 2861 1292 2904 25.

1103 2943 1165 2986 3*
