1759 3134
682 137 823 178 Lmssn
856 136 909 178 II.
1417 136 1499 180 367

83 253 237 308 pissam
268 249 440 306 duxit¹)
470 263 655 290 uxorem.
714 249 835 289 Nunc
865 248 916 287 de
949 262 998 287 eo
1032 246 1205 298 dicitur,
1239 246 1335 303 quia
1365 247 1501 298 „Mo-

86 346 147 371 ses
163 330 205 386 ²)
234 329 364 369 homo
407 336 643 366 mansuetus
674 324 795 365 valde
837 341 963 381 super
1001 337 1146 366 omnes
1175 324 1386 375 homines,
1426 326 1497 382 qui

87 418 183 447 sunt
212 420 337 461 super
365 410 559 444 terram.“
616 403 737 444 Nunc
768 414 809 442 et
839 401 947 442 illud
978 402 1029 443 de
1061 418 1111 442 eo
1144 402 1246 443 dicit
1274 402 1499 454 Dominus,

87 484 183 540 quia
213 482 286 533 „si
302 481 343 538 ³)
375 479 502 521 fuerit
532 479 575 520 in
605 478 723 520 vobis
753 479 980 536 propheta,
1019 479 1062 519 in
1092 479 1322 521 visionibus
1352 481 1503 538 loquar

89 561 148 612 ei,
180 571 249 602 aut
278 559 321 599 in
352 557 545 608 somniis,
575 556 718 613 non4)
752 557 832 607 ita,
862 569 910 598 ut
940 557 1100 599 famulo
1130 573 1227 597 meo
1260 557 1395 608 Mosi,
1429 558 1499 614 qui

88 639 131 679 in
162 635 276 678 omni
307 636 436 676 domo
469 651 563 676 mea
589 634 726 676 fidelis
754 645 825 675 est.
876 634 936 676 Os
968 635 1021 676 ad
1052 651 1097 676 os
1128 634 1280 691 loquar
1309 636 1361 676 ad
1392 651 1501 686 eum,

88 715 131 756 in
159 714 314 771 specie,
345 725 385 754 et
414 729 501 755 non
533 713 577 754 in
606 712 850 765 aenigmate,
881 712 1059 766 gloriam
1090 712 1252 754 domini
1281 713 1399 756 vidit.
1445 713 1502 754 Et

87 807 161 832 cur
188 807 275 833 non
304 790 501 833 timuistis
533 790 748 832 detrahere
779 790 1000 846 famulo⁵)
1032 806 1129 832 meo
1161 790 1339 833 Mosi?“
1386 791 1501 833 Haec

88 869 229 911 omnia
257 885 336 926 pro
383 867 576 926 conjugio
608 868 898 925 Aethiopissae
928 868 1072 910 Moses
1112 869 1255 910 audire
1295 869 1451 911 meruit
1480 886 1504 911 a

85 947 289 989 Domino.
341 948 500 990 Verum
531 947 581 988 de
610 946 672 988 his
701 947 867 1004 plenius
897 947 940 988 in
970 947 1081 988 libro
1098 948 1383 989 Numerorum
1404 963 1505 1005 pro-

88 1026 220 1068 secuti
249 1042 413 1067 sumus:
461 1041 565 1082 quae
596 1024 631 1066 si
661 1024 752 1082 quis
785 1026 956 1079 dignum
989 1024 1148 1084 judicat
1186 1041 1384 1077 noscere,
1430 1025 1503 1066 illa

87 1104 315 1161 perquirat.
374 1104 497 1145 Nunc
527 1114 667 1145 autem
705 1103 884 1146 sufficiat
913 1104 1147 1161 approbare
1179 1119 1226 1145 ex
1257 1103 1342 1155 his,
1387 1103 1504 1160 quod

89 1181 177 1238 ipsa
209 1193 268 1222 est
297 1180 434 1234 nigra,
483 1193 524 1221 et
552 1181 762 1232 formosa,
800 1192 840 1222 et
856 1181 898 1238 ⁶)
928 1181 1214 1238 Aeffiiopissa,
1254 1197 1378 1238 quam
1407 1181 1504 1223 Mo-

89 1276 174 1310 ses,
205 1259 249 1300 id
281 1270 362 1310 est,
392 1259 458 1299 lex
487 1257 736 1315 spiritualis,
775 1275 880 1316 quae
920 1258 1007 1300 sine
1042 1259 1172 1301 dubio
1203 1261 1394 1303 Verbum
1419 1258 1503 1300 Dei

92 1350 132 1378 et
163 1337 349 1380 Christus
381 1347 465 1387 est,
509 1336 553 1376 in
592 1336 832 1393 conjugium
871 1355 993 1378 suum
1031 1337 1242 1388 adsciscit,
1288 1337 1389 1378 licet
1430 1338 1506 1378 ob-

91 1427 271 1458 trectent
300 1427 342 1456 et
372 1415 574 1467 derogent
604 1413 715 1454 filiae
745 1414 1033 1466 Hierusalem,
1071 1415 1192 1471 plebs
1230 1414 1392 1456 scilicet
1431 1413 1506 1455 ista

90 1511 184 1535 cum
215 1492 499 1535 sacerdotibus
529 1490 624 1533 suis.
683 1491 910 1533 Videamus
942 1504 1082 1534 autem
1124 1503 1165 1533 et
1206 1508 1273 1544 ea,
1320 1508 1425 1549 quae
1457 1507 1506 1533 ex

88 1573 214 1614 tertio
232 1573 477 1626 Regnorum
506 1569 617 1611 libro
648 1569 904 1626 protulimus
936 1571 987 1611 de
1017 1570 1159 1623 regina
1186 1570 1318 1619 Saba,
1348 1581 1388 1610 et
1417 1568 1507 1626 ipsa

87 1649 361 1690 nihilominus
393 1647 679 1704 Aethiopissa,
712 1647 778 1687 cui
808 1648 1096 1689 testimonium
1129 1649 1198 1688 dat
1221 1647 1432 1688 Dominus
1462 1646 1505 1687 in

89 1726 399 1782 Evangeliis7)‚
431 1726 545 1782 quod
574 1725 618 1766 in
649 1725 716 1765 die
747 1725 892 1782 judicii
922 1725 1061 1766 veniat
1092 1742 1187 1767 cum
1211 1724 1308 1765 viris
1339 1740 1506 1777 genera-

89 1805 215 1846 tionis
245 1803 487 1846 incredulae
527 1815 568 1844 et
599 1803 852 1845 condemnet
898 1819 967 1844 cos
984 1803 1052 1860 Β),
1093 1801 1188 1859 quia
1219 1801 1331 1843 venit
1362 1818 1386 1843 a
1414 1800 1507 1842 fini-

88 1883 165 1924 bus
194 1894 329 1924 terrae
371 1881 514 1923 audire
553 1881 799 1938 sapientiam
830 1879 1094 1931 Salomonis,
1144 1892 1184 1921 et
1228 1880 1367 1930 addit,
1409 1879 1506 1936 quia

93 1960 281 2016 „plus⁹)
314 1961 544 2002 Salomone
574 1959 699 2001 hic:“
731 1960 886 2001 docens
916 1974 995 2015 per
1022 1958 1126 2008 hoc,
1157 1958 1252 2014 plus
1285 1973 1371 1999 esse
1400 1956 1508 1998 veri-

93 2047 244 2087 tatem,
275 2053 398 2093 quam
422 2037 607 2079 veritatis
624 2037 788 2090 figuras.
833 2036 959 2078 Venit
991 2052 1087 2089 ergo
1119 2048 1160 2077 et
1189 2037 1304 2087 haec,
1334 2035 1421 2076 imo
1442 2034 1510 2091 ¹⁰)

97 2115 326 2156 secundum
355 2115 530 2168 figuram
569 2113 657 2173 ejus
688 2113 862 2156 ecclesia
890 2113 1005 2155 venit
1036 2130 1083 2155 ex
1113 2113 1322 2167 gentibus,
1367 2112 1510 2155 audire

215 2325 255 2380 ¹)
285 2324 393 2366 Edd.
425 2325 488 2367 M.
519 2324 719 2376 „ducit.“
837 2326 879 2384 ²)
910 2327 1036 2368 Num.
1066 2326 1166 2376 XII,
1196 2324 1235 2370 3.

213 2396 256 2450 ³)
290 2395 376 2437 Cfr.
406 2396 532 2437 Num.
563 2396 662 2447 XII,
692 2395 831 2440 6-8.

215 2466 258 2522 ⁴)
287 2465 397 2507 Edd.
429 2467 489 2507 M.
522 2483 636 2518 „non
663 2478 711 2506 ut
741 2467 901 2507 famulo
931 2482 1028 2507 meo
1048 2465 1176 2518 Mosi,
1207 2466 1303 2523 quia
1332 2466 1402 2507 in“
1434 2477 1510 2507 etc.

214 2536 255 2591 ⁵)
285 2535 394 2577 Edd.
424 2537 485 2577 M.
517 2537 607 2587 „de
638 2536 799 2577 famulo
831 2554 927 2579 meo
957 2538 1131 2580 Mose.“

213 2604 255 2662 ⁶)
286 2605 451 2647 Desunt
484 2607 628 2648 verba:
660 2618 737 2657 „et
767 2607 1052 2666 Aethiopissa,
1083 2609 1127 2650 in
1158 2607 1251 2650 edd.
1283 2606 1343 2648 M.

215 2675 258 2732 ⁷)
290 2676 376 2718 Cfr.
407 2677 557 2718 Matth.
587 2677 686 2728 XII,
716 2677 784 2721 42.

215 2746 258 2800 ⁸)
289 2745 397 2787 Edd.
431 2747 491 2789 M.
523 2764 612 2798 „eo
645 2747 741 2805 quia
770 2747 921 2789 venit“
951 2760 1028 2790 etc.

217 2815 259 2872 ⁹)
279 2816 378 2863 >Cfr.
410 2816 559 2860 Matth.
590 2819 688 2869 XII,
718 2819 784 2862 42.

192 2886 258 2942 ¹⁰)
289 2886 397 2927 Edd.
431 2887 491 2928 M.
523 2887 647 2939 „imo
679 2901 719 2930 et
751 2890 1017 2930 secundum“
1049 2901 1125 2930 etc.
