<?xml version="1.0" encoding="UTF-8"?>
<!DOCTYPE html PUBLIC "-//W3C//DTD XHTML 1.0 Transitional//EN"
    "http://www.w3.org/TR/xhtml1/DTD/xhtml1-transitional.dtd">
<html xmlns="http://www.w3.org/1999/xhtml" xml:lang="en" lang="en">
 <head>
  <title>
</title>
<meta http-equiv="Content-Type" content="text/html;charset=utf-8" />
  <meta name='ocr-system' content='tesseract 3.04.00' />
  <meta name='ocr-capabilities' content='ocr_page ocr_carea ocr_par ocr_line ocrx_word'/>
</head>
<body>
  <div class='ocr_page' id='page_1' title='image "./operaomniaquaegr14orig_0257.png"; bbox 0 0 1759 3134; ppageno 0'>
   <div class='ocr_carea' id='block_1_1' title="bbox 675 122 1511 165">
    <p class='ocr_par' dir='ltr' id='par_1_1' title="bbox 675 122 1511 165">
     <span class='ocr_line' id='line_1_1' title="bbox 675 122 1511 165; baseline 0.004 -3"><span class='ocrx_word' id='word_1_1' title='bbox 675 122 875 162; x_wconf 72' lang='lat' dir='ltr'>HomiuA</span> <span class='ocrx_word' id='word_1_2' title='bbox 908 122 937 160; x_wconf 93' lang='grc' dir='ltr'>Ι.</span> <span class='ocrx_word' id='word_1_3' title='bbox 1433 123 1511 165; x_wconf 67' lang='lat'>241</span> 
     </span>
    </p>
   </div>
   <div class='ocr_carea' id='block_1_2' title="bbox 96 232 1525 2295">
    <p class='ocr_par' dir='ltr' id='par_1_2' title="bbox 96 232 1525 2295">
     <span class='ocr_line' id='line_1_2' title="bbox 103 232 1512 289; baseline 0.001 -16"><span class='ocrx_word' id='word_1_4' title='bbox 103 234 143 273; x_wconf 87' lang='lat' dir='ltr'>in</span> <span class='ocrx_word' id='word_1_5' title='bbox 180 249 262 289; x_wconf 88' lang='lat' dir='ltr'>quo</span> <span class='ocrx_word' id='word_1_6' title='bbox 295 232 468 274; x_wconf 88' lang='lat' dir='ltr'>dicitur:</span> <span class='ocrx_word' id='word_1_7' title='bbox 500 234 671 283; x_wconf 84' lang='lat' dir='ltr'>„adhuc</span> <span class='ocrx_word' id='word_1_8' title='bbox 702 246 742 274; x_wconf 88' lang='lat' dir='ltr'>te</span> <span class='ocrx_word' id='word_1_9' title='bbox 773 234 971 289; x_wconf 82' lang='lat' dir='ltr'><strong>loquente</strong></span> <span class='ocrx_word' id='word_1_10' title='bbox 1004 233 1154 283; x_wconf 86' lang='lat' dir='ltr'>dicam,</span> <span class='ocrx_word' id='word_1_11' title='bbox 1187 248 1281 273; x_wconf 88' lang='lat' dir='ltr'>ecce</span> <span class='ocrx_word' id='word_1_12' title='bbox 1312 233 1512 274; x_wconf 87' lang='lat' dir='ltr'>adsum:“</span> 
     </span>
     <span class='ocr_line' id='line_1_3' title="bbox 103 308 1516 366; baseline 0.001 -16"><span class='ocrx_word' id='word_1_13' title='bbox 103 327 297 366; x_wconf 79' lang='lat' dir='ltr'>sponsam</span> <span class='ocrx_word' id='word_1_14' title='bbox 335 311 478 366; x_wconf 79' lang='lat' dir='ltr'>sponsi</span> <span class='ocrx_word' id='word_1_15' title='bbox 519 323 638 366; x_wconf 87' lang='lat' dir='ltr'>pater</span> <span class='ocrx_word' id='word_1_16' title='bbox 676 309 861 358; x_wconf 82' lang='lat' dir='ltr'><strong>exaudit,</strong></span> <span class='ocrx_word' id='word_1_17' title='bbox 901 308 1033 349; x_wconf 87' lang='lat' dir='ltr'>mittit</span> <span class='ocrx_word' id='word_1_18' title='bbox 1067 310 1208 350; x_wconf 74' lang='lat' dir='ltr'>filium</span> <span class='ocrx_word' id='word_1_19' title='bbox 1249 328 1383 351; x_wconf 90' lang='lat' dir='ltr'>suum.</span> <span class='ocrx_word' id='word_1_20' title='bbox 1443 312 1516 351; x_wconf 80' lang='lat' dir='ltr'>Vi-</span> 
     </span>
     <span class='ocr_line' id='line_1_4' title="bbox 104 386 1515 443; baseline 0.002 -17"><span class='ocrx_word' id='word_1_21' title='bbox 104 388 204 427; x_wconf 84' lang='lat' dir='ltr'>‹lens</span> <span class='ocrx_word' id='word_1_22' title='bbox 234 388 307 428; x_wconf 86' lang='lat' dir='ltr'>illa</span> <span class='ocrx_word' id='word_1_23' title='bbox 339 402 457 436; x_wconf 88' lang='lat' dir='ltr'>eum,</span> <span class='ocrx_word' id='word_1_24' title='bbox 498 386 613 443; x_wconf 85' lang='lat' dir='ltr'>cujus</span> <span class='ocrx_word' id='word_1_25' title='bbox 653 387 955 442; x_wconf 82' lang='lat' dir='ltr'><strong>deprecabatur</strong></span> <span class='ocrx_word' id='word_1_26' title='bbox 994 387 1242 436; x_wconf 86' lang='lat' dir='ltr'>adventum,</span> <span class='ocrx_word' id='word_1_27' title='bbox 1285 404 1403 429; x_wconf 90' lang='lat' dir='ltr'>orare</span> <span class='ocrx_word' id='word_1_28' title='bbox 1444 389 1515 428; x_wconf 90' lang='lat' dir='ltr'>de-</span> 
     </span>
     <span class='ocr_line' id='line_1_5' title="bbox 103 463 1514 522; baseline 0.002 -18"><span class='ocrx_word' id='word_1_29' title='bbox 103 464 227 514; x_wconf 81' lang='lat' dir='ltr'>stitit,</span> <span class='ocrx_word' id='word_1_30' title='bbox 267 475 307 504; x_wconf 91' lang='lat' dir='ltr'>et</span> <span class='ocrx_word' id='word_1_31' title='bbox 346 465 398 504; x_wconf 90' lang='lat' dir='ltr'>ad</span> <span class='ocrx_word' id='word_1_32' title='bbox 439 481 534 504; x_wconf 84' lang='lat' dir='ltr'>eum</span> <span class='ocrx_word' id='word_1_33' title='bbox 577 463 765 504; x_wconf 86' lang='lat' dir='ltr'>cominus</span> <span class='ocrx_word' id='word_1_34' title='bbox 807 463 1017 519; x_wconf 89' lang='lat' dir='ltr'>loquitur:</span> <span class='ocrx_word' id='word_1_35' title='bbox 1058 464 1295 518; x_wconf 87' lang='lat' dir='ltr'>„quoniam</span> <span class='ocrx_word' id='word_1_36' title='bbox 1323 466 1363 522; x_wconf 91' lang='lat'>¹)</span> <span class='ocrx_word' id='word_1_37' title='bbox 1402 468 1514 507; x_wconf 87' lang='lat' dir='ltr'>bona</span> 
     </span>
     <span class='ocr_line' id='line_1_6' title="bbox 102 541 1514 596; baseline 0.002 -15"><span class='ocrx_word' id='word_1_38' title='bbox 102 543 230 581; x_wconf 85' lang='lat' dir='ltr'>ubera</span> <span class='ocrx_word' id='word_1_39' title='bbox 268 551 338 580; x_wconf 81' lang='lat' dir='ltr'>tua</span> <span class='ocrx_word' id='word_1_40' title='bbox 374 557 500 596; x_wconf 89' lang='lat' dir='ltr'>super</span> <span class='ocrx_word' id='word_1_41' title='bbox 537 541 701 590; x_wconf 88' lang='lat' dir='ltr'>vinum,</span> <span class='ocrx_word' id='word_1_42' title='bbox 752 553 792 581; x_wconf 90' lang='lat' dir='ltr'>et</span> <span class='ocrx_word' id='word_1_43' title='bbox 838 541 948 580; x_wconf 89' lang='lat' dir='ltr'>odor</span> <span class='ocrx_word' id='word_1_44' title='bbox 991 552 1303 593; x_wconf 79' lang='lat' dir='ltr'>unguentorum</span> <span class='ocrx_word' id='word_1_45' title='bbox 1342 554 1514 584; x_wconf 84' lang='lat' dir='ltr'>tuorum</span> 
     </span>
     <span class='ocr_line' id='line_1_7' title="bbox 101 616 1515 673; baseline 0.002 -16"><span class='ocrx_word' id='word_1_46' title='bbox 101 634 227 673; x_wconf 88' lang='lat' dir='ltr'>super</span> <span class='ocrx_word' id='word_1_47' title='bbox 268 617 408 658; x_wconf 86' lang='lat' dir='ltr'>omnia</span> <span class='ocrx_word' id='word_1_48' title='bbox 448 623 673 661; x_wconf 86' lang='lat' dir='ltr'>aromata.“</span> <span class='ocrx_word' id='word_1_49' title='bbox 744 617 933 672; x_wconf 90' lang='lat' dir='ltr'>Sponsus</span> <span class='ocrx_word' id='word_1_50' title='bbox 975 616 1102 669; x_wconf 85' lang='lat' dir='ltr'>igitur</span> <span class='ocrx_word' id='word_1_51' title='bbox 1141 618 1329 659; x_wconf 82' lang='lat' dir='ltr'>Christus</span> <span class='ocrx_word' id='word_1_52' title='bbox 1369 621 1515 660; x_wconf 88' lang='lat' dir='ltr'>missus</span> 
     </span>
     <span class='ocr_line' id='line_1_8' title="bbox 100 694 1519 750; baseline 0.003 -16"><span class='ocrx_word' id='word_1_53' title='bbox 100 710 122 734; x_wconf 86' lang='lat' dir='ltr'>a</span> <span class='ocrx_word' id='word_1_54' title='bbox 151 704 269 749; x_wconf 85' lang='lat' dir='ltr'>patre</span> <span class='ocrx_word' id='word_1_55' title='bbox 305 695 419 734; x_wconf 80' lang='lat' dir='ltr'>venit</span> <span class='ocrx_word' id='word_1_56' title='bbox 450 707 598 735; x_wconf 85' lang='lat' dir='ltr'>unctus</span> <span class='ocrx_word' id='word_1_57' title='bbox 629 696 680 735; x_wconf 87' lang='lat' dir='ltr'>ad</span> <span class='ocrx_word' id='word_1_58' title='bbox 709 710 928 750; x_wconf 83' lang='lat' dir='ltr'>sponsam,</span> <span class='ocrx_word' id='word_1_59' title='bbox 967 706 1007 735; x_wconf 89' lang='lat' dir='ltr'>et</span> <span class='ocrx_word' id='word_1_60' title='bbox 1046 694 1200 735; x_wconf 87' lang='lat' dir='ltr'>dicitur</span> <span class='ocrx_word' id='word_1_61' title='bbox 1220 696 1266 750; x_wconf 81' lang='lat'>²)</span> <span class='ocrx_word' id='word_1_62' title='bbox 1309 698 1360 737; x_wconf 88' lang='lat' dir='ltr'>ad</span> <span class='ocrx_word' id='word_1_63' title='bbox 1398 713 1519 738; x_wconf 86' lang='lat' dir='ltr'>eum:</span> 
     </span>
     <span class='ocr_line' id='line_1_9' title="bbox 102 770 1519 829; baseline 0.004 -19"><span class='ocrx_word' id='word_1_64' title='bbox 102 770 311 820; x_wconf 83' lang='lat' dir='ltr'>„dilexisti</span> <span class='ocrx_word' id='word_1_65' title='bbox 331 771 374 825; x_wconf 82' lang='lat'>3)</span> <span class='ocrx_word' id='word_1_66' title='bbox 406 771 620 829; x_wconf 82' lang='lat' dir='ltr'>justitiam,</span> <span class='ocrx_word' id='word_1_67' title='bbox 653 783 693 812; x_wconf 90' lang='lat' dir='ltr'>et</span> <span class='ocrx_word' id='word_1_68' title='bbox 724 771 850 812; x_wconf 89' lang='lat' dir='ltr'>odisti</span> <span class='ocrx_word' id='word_1_69' title='bbox 879 771 1156 828; x_wconf 81' lang='lat' dir='ltr'>iniquitatem,</span> <span class='ocrx_word' id='word_1_70' title='bbox 1187 785 1414 829; x_wconf 86' lang='lat' dir='ltr'>propterea</span> <span class='ocrx_word' id='word_1_71' title='bbox 1443 793 1519 816; x_wconf 86' lang='lat' dir='ltr'>un-</span> 
     </span>
     <span class='ocr_line' id='line_1_10' title="bbox 99 847 1519 909; baseline 0.004 -22"><span class='ocrx_word' id='word_1_72' title='bbox 99 847 157 888; x_wconf 79' lang='lat' dir='ltr'>xit</span> <span class='ocrx_word' id='word_1_73' title='bbox 195 859 236 888; x_wconf 91' lang='lat' dir='ltr'>te</span> <span class='ocrx_word' id='word_1_74' title='bbox 266 849 404 898; x_wconf 91' lang='lat' dir='ltr'>Deus,</span> <span class='ocrx_word' id='word_1_75' title='bbox 442 849 559 889; x_wconf 89' lang='lat' dir='ltr'>Deus</span> <span class='ocrx_word' id='word_1_76' title='bbox 598 861 692 890; x_wconf 85' lang='lat' dir='ltr'>tuus</span> <span class='ocrx_word' id='word_1_77' title='bbox 725 849 824 889; x_wconf 84' lang='lat' dir='ltr'>oleo</span> <span class='ocrx_word' id='word_1_78' title='bbox 857 849 1142 890; x_wconf 83' lang='lat' dir='ltr'>exsultationis</span> <span class='ocrx_word' id='word_1_79' title='bbox 1173 867 1273 905; x_wconf 87' lang='lat' dir='ltr'>prae</span> <span class='ocrx_word' id='word_1_80' title='bbox 1304 852 1519 909; x_wconf 86' lang='lat' dir='ltr'>participi-</span> 
     </span>
     <span class='ocr_line' id='line_1_11' title="bbox 99 925 1517 982; baseline 0.005 -17"><span class='ocrx_word' id='word_1_81' title='bbox 99 927 174 965; x_wconf 90' lang='lat' dir='ltr'>bus</span> <span class='ocrx_word' id='word_1_82' title='bbox 205 925 328 966; x_wconf 67' lang='lat' dir='ltr'>tuisf‘</span> <span class='ocrx_word' id='word_1_83' title='bbox 387 925 433 966; x_wconf 86' lang='lat' dir='ltr'>Si</span> <span class='ocrx_word' id='word_1_84' title='bbox 471 942 540 966; x_wconf 90' lang='lat' dir='ltr'>me</span> <span class='ocrx_word' id='word_1_85' title='bbox 578 926 763 979; x_wconf 84' lang='lat' dir='ltr'>tetigerit</span> <span class='ocrx_word' id='word_1_86' title='bbox 800 943 1000 982; x_wconf 87' lang='lat' dir='ltr'>sponsus,</span> <span class='ocrx_word' id='word_1_87' title='bbox 1042 938 1082 966; x_wconf 89' lang='lat' dir='ltr'>et</span> <span class='ocrx_word' id='word_1_88' title='bbox 1122 942 1198 978; x_wconf 84' lang='lat' dir='ltr'>ego</span> <span class='ocrx_word' id='word_1_89' title='bbox 1239 929 1343 969; x_wconf 84' lang='lat' dir='ltr'>boni</span> <span class='ocrx_word' id='word_1_90' title='bbox 1375 931 1517 972; x_wconf 89' lang='lat' dir='ltr'>odoris</span> 
     </span>
     <span class='ocr_line' id='line_1_12' title="bbox 100 1002 1517 1064; baseline 0.004 -22"><span class='ocrx_word' id='word_1_91' title='bbox 100 1019 195 1052; x_wconf 92' lang='lat' dir='ltr'>ero,</span> <span class='ocrx_word' id='word_1_92' title='bbox 235 1014 275 1042; x_wconf 91' lang='lat' dir='ltr'>et</span> <span class='ocrx_word' id='word_1_93' title='bbox 313 1018 389 1054; x_wconf 81' lang='lat' dir='ltr'>ego</span> <span class='ocrx_word' id='word_1_94' title='bbox 429 1002 551 1043; x_wconf 88' lang='lat' dir='ltr'>liniar</span> <span class='ocrx_word' id='word_1_95' title='bbox 593 1003 833 1056; x_wconf 81' lang='lat' dir='ltr'>unguentis,</span> <span class='ocrx_word' id='word_1_96' title='bbox 875 1015 914 1043; x_wconf 77' lang='lat' dir='ltr'>et</span> <span class='ocrx_word' id='word_1_97' title='bbox 954 1004 1006 1043; x_wconf 91' lang='lat' dir='ltr'>ad</span> <span class='ocrx_word' id='word_1_98' title='bbox 1045 1020 1111 1044; x_wconf 88' lang='lat' dir='ltr'>me</span> <span class='ocrx_word' id='word_1_99' title='bbox 1151 1021 1282 1061; x_wconf 89' lang='lat' dir='ltr'>usque</span> <span class='ocrx_word' id='word_1_100' title='bbox 1323 1006 1409 1064; x_wconf 87' lang='lat' dir='ltr'>ejus</span> <span class='ocrx_word' id='word_1_101' title='bbox 1440 1025 1517 1048; x_wconf 91' lang='lat' dir='ltr'>un-</span> 
     </span>
     <span class='ocr_line' id='line_1_13' title="bbox 98 1080 1518 1136; baseline 0.004 -16"><span class='ocrx_word' id='word_1_102' title='bbox 98 1091 248 1131; x_wconf 84' lang='lat' dir='ltr'>guenta</span> <span class='ocrx_word' id='word_1_103' title='bbox 275 1080 536 1135; x_wconf 82' lang='lat' dir='ltr'>pervenient,</span> <span class='ocrx_word' id='word_1_104' title='bbox 565 1093 612 1121; x_wconf 92' lang='lat' dir='ltr'>ut</span> <span class='ocrx_word' id='word_1_105' title='bbox 642 1081 802 1136; x_wconf 88' lang='lat' dir='ltr'>possim</span> <span class='ocrx_word' id='word_1_106' title='bbox 835 1097 929 1121; x_wconf 85' lang='lat' dir='ltr'>cum</span> <span class='ocrx_word' id='word_1_107' title='bbox 953 1081 1151 1136; x_wconf 86' lang='lat' dir='ltr'>apostolo</span> <span class='ocrx_word' id='word_1_108' title='bbox 1175 1081 1336 1123; x_wconf 88' lang='lat' dir='ltr'>dicere:</span> <span class='ocrx_word' id='word_1_109' title='bbox 1368 1084 1518 1133; x_wconf 82' lang='lat' dir='ltr'>„Chri-</span> 
     </span>
     <span class='ocr_line' id='line_1_14' title="bbox 100 1157 1516 1213; baseline 0.005 -16"><span class='ocrx_word' id='word_1_110' title='bbox 100 1157 207 1213; x_wconf 70' lang='lat' dir='ltr'>sti4)</span> <span class='ocrx_word' id='word_1_111' title='bbox 236 1159 372 1198; x_wconf 89' lang='lat' dir='ltr'>bonus</span> <span class='ocrx_word' id='word_1_112' title='bbox 404 1158 514 1198; x_wconf 87' lang='lat' dir='ltr'>odor</span> <span class='ocrx_word' id='word_1_113' title='bbox 542 1174 684 1198; x_wconf 87' lang='lat' dir='ltr'>sumus</span> <span class='ocrx_word' id='word_1_114' title='bbox 715 1158 757 1197; x_wconf 90' lang='lat' dir='ltr'>in</span> <span class='ocrx_word' id='word_1_115' title='bbox 790 1157 903 1197; x_wconf 90' lang='lat' dir='ltr'>omni</span> <span class='ocrx_word' id='word_1_116' title='bbox 930 1158 1072 1198; x_wconf 85' lang='lat' dir='ltr'>loco.“</span> <span class='ocrx_word' id='word_1_117' title='bbox 1116 1160 1204 1199; x_wconf 74' lang='lat' dir='ltr'>Nos</span> <span class='ocrx_word' id='word_1_118' title='bbox 1235 1172 1388 1211; x_wconf 88' lang='lat' dir='ltr'>autem,</span> <span class='ocrx_word' id='word_1_119' title='bbox 1422 1179 1516 1203; x_wconf 91' lang='lat' dir='ltr'>cum</span> 
     </span>
     <span class='ocr_line' id='line_1_15' title="bbox 100 1233 1518 1290; baseline 0.006 -17"><span class='ocrx_word' id='word_1_120' title='bbox 100 1235 200 1275; x_wconf 84' lang='lat' dir='ltr'>haec</span> <span class='ocrx_word' id='word_1_121' title='bbox 239 1234 496 1283; x_wconf 81' lang='lat' dir='ltr'>audivimus,</span> <span class='ocrx_word' id='word_1_122' title='bbox 547 1235 682 1275; x_wconf 86' lang='lat' dir='ltr'>adhuc</span> <span class='ocrx_word' id='word_1_123' title='bbox 722 1233 902 1289; x_wconf 87' lang='lat' dir='ltr'>peccatis</span> <span class='ocrx_word' id='word_1_124' title='bbox 947 1234 1140 1290; x_wconf 81' lang='lat' dir='ltr'>vitiisque</span> <span class='ocrx_word' id='word_1_125' title='bbox 1186 1237 1417 1289; x_wconf 84' lang='lat' dir='ltr'>foetemus,</span> <span class='ocrx_word' id='word_1_126' title='bbox 1467 1242 1518 1281; x_wconf 74' lang='lat' dir='ltr'>de</span> 
     </span>
     <span class='ocr_line' id='line_1_16' title="bbox 100 1311 1519 1371; baseline 0.005 -21"><span class='ocrx_word' id='word_1_127' title='bbox 100 1312 249 1366; x_wconf 85' lang='lat' dir='ltr'>quibus</span> <span class='ocrx_word' id='word_1_128' title='bbox 287 1313 495 1367; x_wconf 85' lang='lat' dir='ltr'>propheta</span> <span class='ocrx_word' id='word_1_129' title='bbox 533 1311 755 1367; x_wconf 88' lang='lat' dir='ltr'>poenitens</span> <span class='ocrx_word' id='word_1_130' title='bbox 807 1311 1017 1367; x_wconf 86' lang='lat' dir='ltr'>loquitur:</span> <span class='ocrx_word' id='word_1_131' title='bbox 1067 1324 1358 1367; x_wconf 84' lang='lat' dir='ltr'>„putruerunt</span> <span class='ocrx_word' id='word_1_132' title='bbox 1383 1319 1425 1371; x_wconf 87' lang='lat'>⁵)</span> <span class='ocrx_word' id='word_1_133' title='bbox 1480 1332 1519 1359; x_wconf 81' lang='lat' dir='ltr'>et</span> 
     </span>
     <span class='ocr_line' id='line_1_17' title="bbox 100 1387 1518 1444; baseline 0.006 -16"><span class='ocrx_word' id='word_1_134' title='bbox 100 1399 322 1443; x_wconf 80' lang='lat' dir='ltr'>corruptae</span> <span class='ocrx_word' id='word_1_135' title='bbox 353 1400 447 1429; x_wconf 89' lang='lat' dir='ltr'>sunt</span> <span class='ocrx_word' id='word_1_136' title='bbox 479 1388 692 1428; x_wconf 81' lang='lat' dir='ltr'>cicatrices</span> <span class='ocrx_word' id='word_1_137' title='bbox 722 1404 841 1428; x_wconf 89' lang='lat' dir='ltr'>meae</span> <span class='ocrx_word' id='word_1_138' title='bbox 872 1404 894 1428; x_wconf 90' lang='lat' dir='ltr'>a</span> <span class='ocrx_word' id='word_1_139' title='bbox 924 1388 1030 1428; x_wconf 89' lang='lat' dir='ltr'>facie</span> <span class='ocrx_word' id='word_1_140' title='bbox 1062 1387 1326 1444; x_wconf 82' lang='lat' dir='ltr'>insipientiae</span> <span class='ocrx_word' id='word_1_141' title='bbox 1357 1403 1518 1436; x_wconf 84' lang='lat' dir='ltr'>meae.“</span> 
     </span>
     <span class='ocr_line' id='line_1_18' title="bbox 97 1463 1518 1522; baseline 0.006 -17"><span class='ocrx_word' id='word_1_142' title='bbox 97 1465 322 1506; x_wconf 82' lang='lat' dir='ltr'>Peccatum</span> <span class='ocrx_word' id='word_1_143' title='bbox 363 1463 505 1505; x_wconf 87' lang='lat' dir='ltr'>odoris</span> <span class='ocrx_word' id='word_1_144' title='bbox 546 1476 606 1504; x_wconf 90' lang='lat' dir='ltr'>est</span> <span class='ocrx_word' id='word_1_145' title='bbox 651 1464 789 1519; x_wconf 84' lang='lat' dir='ltr'>putidi</span> <span class='ocrx_word' id='word_1_146' title='bbox 820 1465 884 1519; x_wconf 76' lang='lat'>6),</span> <span class='ocrx_word' id='word_1_147' title='bbox 936 1464 1065 1512; x_wconf 55' lang='lat' dir='ltr'>virtus</span> <span class='ocrx_word' id='word_1_148' title='bbox 1116 1466 1247 1521; x_wconf 82' lang='lat' dir='ltr'>spirat</span> <span class='ocrx_word' id='word_1_149' title='bbox 1294 1484 1518 1522; x_wconf 85' lang='lat' dir='ltr'>unguenta,</span> 
     </span>
     <span class='ocr_line' id='line_1_19' title="bbox 98 1541 1521 1602; baseline 0.005 -20"><span class='ocrx_word' id='word_1_150' title='bbox 98 1558 280 1598; x_wconf 87' lang='lat' dir='ltr'>quorum</span> <span class='ocrx_word' id='word_1_151' title='bbox 320 1553 443 1600; x_wconf 67' lang='lat' dir='ltr'>typos</span> <span class='ocrx_word' id='word_1_152' title='bbox 486 1541 670 1596; x_wconf 87' lang='lat' dir='ltr'>reperies</span> <span class='ocrx_word' id='word_1_153' title='bbox 710 1541 752 1581; x_wconf 90' lang='lat' dir='ltr'>in</span> <span class='ocrx_word' id='word_1_154' title='bbox 790 1541 956 1582; x_wconf 84' lang='lat' dir='ltr'>Exodo.</span> <span class='ocrx_word' id='word_1_155' title='bbox 1018 1543 1211 1584; x_wconf 73' lang='lat' dir='ltr'>Invenies</span> <span class='ocrx_word' id='word_1_156' title='bbox 1251 1562 1420 1602; x_wconf 89' lang='lat' dir='ltr'>quoque</span> <span class='ocrx_word' id='word_1_157' title='bbox 1462 1549 1521 1589; x_wconf 88' lang='lat' dir='ltr'>ibi</span> 
     </span>
     <span class='ocr_line' id='line_1_20' title="bbox 98 1618 1519 1678; baseline 0.005 -18"><span class='ocrx_word' id='word_1_158' title='bbox 98 1630 280 1667; x_wconf 89' lang='lat' dir='ltr'>stacten,</span> <span class='ocrx_word' id='word_1_159' title='bbox 313 1618 495 1675; x_wconf 74' lang='lat' dir='ltr'>onycha,</span> <span class='ocrx_word' id='word_1_160' title='bbox 526 1618 773 1670; x_wconf 85' lang='lat' dir='ltr'>galbanum,</span> <span class='ocrx_word' id='word_1_161' title='bbox 811 1630 851 1658; x_wconf 92' lang='lat' dir='ltr'>et</span> <span class='ocrx_word' id='word_1_162' title='bbox 880 1618 1056 1674; x_wconf 85' lang='lat' dir='ltr'>reliqua.</span> <span class='ocrx_word' id='word_1_163' title='bbox 1116 1620 1233 1661; x_wconf 87' lang='lat' dir='ltr'>Haec</span> <span class='ocrx_word' id='word_1_164' title='bbox 1265 1623 1438 1678; x_wconf 86' lang='lat' dir='ltr'>quidem</span> <span class='ocrx_word' id='word_1_165' title='bbox 1468 1630 1519 1667; x_wconf 85' lang='lat' dir='ltr'>ad</span> 
     </span>
     <span class='ocr_line' id='line_1_21' title="bbox 96 1695 1521 1749; baseline 0.005 -13"><span class='ocrx_word' id='word_1_166' title='bbox 96 1696 334 1736; x_wconf 85' lang='lat' dir='ltr'>incensum:</span> <span class='ocrx_word' id='word_1_167' title='bbox 368 1695 519 1735; x_wconf 87' lang='lat' dir='ltr'>deinde</span> <span class='ocrx_word' id='word_1_168' title='bbox 550 1695 603 1734; x_wconf 89' lang='lat' dir='ltr'>ad</span> <span class='ocrx_word' id='word_1_169' title='bbox 635 1711 742 1749; x_wconf 91' lang='lat' dir='ltr'>opus</span> <span class='ocrx_word' id='word_1_170' title='bbox 771 1695 1035 1747; x_wconf 85' lang='lat' dir='ltr'>unguentarii</span> <span class='ocrx_word' id='word_1_171' title='bbox 1062 1696 1174 1737; x_wconf 80' lang='lat' dir='ltr'>varia</span> <span class='ocrx_word' id='word_1_172' title='bbox 1194 1711 1417 1741; x_wconf 89' lang='lat' dir='ltr'>sumuntur</span> <span class='ocrx_word' id='word_1_173' title='bbox 1443 1719 1521 1743; x_wconf 85' lang='lat' dir='ltr'>un-</span> 
     </span>
     <span class='ocr_line' id='line_1_22' title="bbox 97 1767 1521 1833; baseline 0.006 -22"><span class='ocrx_word' id='word_1_174' title='bbox 97 1784 262 1824; x_wconf 82' lang='lat' dir='ltr'>guenta,</span> <span class='ocrx_word' id='word_1_175' title='bbox 292 1772 334 1812; x_wconf 90' lang='lat' dir='ltr'>in</span> <span class='ocrx_word' id='word_1_176' title='bbox 365 1772 515 1828; x_wconf 89' lang='lat' dir='ltr'>quibus</span> <span class='ocrx_word' id='word_1_177' title='bbox 547 1783 608 1811; x_wconf 89' lang='lat' dir='ltr'>est</span> <span class='ocrx_word' id='word_1_178' title='bbox 636 1772 789 1812; x_wconf 88' lang='lat' dir='ltr'>nardus</span> <span class='ocrx_word' id='word_1_179' title='bbox 821 1767 868 1812; x_wconf 62' lang='lat' dir='ltr'>et&#39;</span> <span class='ocrx_word' id='word_1_180' title='bbox 886 1770 1027 1813; x_wconf 85' lang='lat' dir='ltr'>stacte.</span> <span class='ocrx_word' id='word_1_181' title='bbox 1073 1773 1130 1814; x_wconf 90' lang='lat' dir='ltr'>Et</span> <span class='ocrx_word' id='word_1_182' title='bbox 1157 1774 1287 1825; x_wconf 81' lang='lat' dir='ltr'>Deus,</span> <span class='ocrx_word' id='word_1_183' title='bbox 1324 1777 1396 1833; x_wconf 88' lang='lat' dir='ltr'>qui</span> <span class='ocrx_word' id='word_1_184' title='bbox 1421 1779 1521 1820; x_wconf 89' lang='lat' dir='ltr'>fecit</span> 
     </span>
     <span class='ocr_line' id='line_1_23' title="bbox 99 1848 1516 1908; baseline 0.005 -19"><span class='ocrx_word' id='word_1_185' title='bbox 99 1849 267 1890; x_wconf 87' lang='lat' dir='ltr'>coelum</span> <span class='ocrx_word' id='word_1_186' title='bbox 306 1860 346 1889; x_wconf 89' lang='lat' dir='ltr'>et</span> <span class='ocrx_word' id='word_1_187' title='bbox 385 1860 561 1898; x_wconf 88' lang='lat' dir='ltr'>terram,</span> <span class='ocrx_word' id='word_1_188' title='bbox 603 1848 792 1904; x_wconf 89' lang='lat' dir='ltr'>loquitur</span> <span class='ocrx_word' id='word_1_189' title='bbox 821 1850 873 1890; x_wconf 87' lang='lat' dir='ltr'>ad</span> <span class='ocrx_word' id='word_1_190' title='bbox 904 1851 1078 1900; x_wconf 86' lang='lat' dir='ltr'>Mosen,</span> <span class='ocrx_word' id='word_1_191' title='bbox 1129 1852 1292 1893; x_wconf 82' lang='lat' dir='ltr'>dicens:</span> <span class='ocrx_word' id='word_1_192' title='bbox 1334 1871 1448 1908; x_wconf 83' lang='lat' dir='ltr'>„ego</span> <span class='ocrx_word' id='word_1_193' title='bbox 1474 1856 1516 1907; x_wconf 80' lang='lat'>⁷)</span> 
     </span>
     <span class='ocr_line' id='line_1_24' title="bbox 97 1925 1521 1982; baseline 0.005 -15"><span class='ocrx_word' id='word_1_194' title='bbox 97 1926 276 1982; x_wconf 86' lang='lat' dir='ltr'>implevi</span> <span class='ocrx_word' id='word_1_195' title='bbox 315 1942 387 1966; x_wconf 89' lang='lat' dir='ltr'>eos</span> <span class='ocrx_word' id='word_1_196' title='bbox 426 1925 578 1981; x_wconf 85' lang='lat' dir='ltr'>spiritu</span> <span class='ocrx_word' id='word_1_197' title='bbox 619 1925 848 1982; x_wconf 83' lang='lat' dir='ltr'>sapientiae</span> <span class='ocrx_word' id='word_1_198' title='bbox 893 1939 932 1967; x_wconf 91' lang='lat' dir='ltr'>et</span> <span class='ocrx_word' id='word_1_199' title='bbox 972 1927 1237 1979; x_wconf 88' lang='lat' dir='ltr'>intellectus,</span> <span class='ocrx_word' id='word_1_200' title='bbox 1282 1943 1328 1971; x_wconf 90' lang='lat' dir='ltr'>ut</span> <span class='ocrx_word' id='word_1_201' title='bbox 1366 1932 1521 1974; x_wconf 83' lang='lat' dir='ltr'>saciant</span> 
     </span>
     <span class='ocr_line' id='line_1_25' title="bbox 98 2003 1523 2060; baseline 0.006 -16"><span class='ocrx_word' id='word_1_202' title='bbox 98 2020 228 2060; x_wconf 90' lang='lat' dir='ltr'>opera</span> <span class='ocrx_word' id='word_1_203' title='bbox 265 2003 363 2044; x_wconf 89' lang='lat' dir='ltr'>artis</span> <span class='ocrx_word' id='word_1_204' title='bbox 402 2003 759 2056; x_wconf 86' lang='lat' dir='ltr'>unguentariae:“</span> <span class='ocrx_word' id='word_1_205' title='bbox 809 2015 849 2044; x_wconf 94' lang='lat' dir='ltr'>et</span> <span class='ocrx_word' id='word_1_206' title='bbox 888 2006 1186 2057; x_wconf 83' lang='lat' dir='ltr'>unguentarios</span> <span class='ocrx_word' id='word_1_207' title='bbox 1226 2007 1342 2048; x_wconf 88' lang='lat' dir='ltr'>Deus</span> <span class='ocrx_word' id='word_1_208' title='bbox 1385 2010 1523 2052; x_wconf 77' lang='lat' dir='ltr'>docet.</span> 
     </span>
     <span class='ocr_line' id='line_1_26' title="bbox 98 2079 1525 2136; baseline 0.005 -14"><span class='ocrx_word' id='word_1_209' title='bbox 98 2081 213 2122; x_wconf 87' lang='lat' dir='ltr'>Haec</span> <span class='ocrx_word' id='word_1_210' title='bbox 242 2080 322 2121; x_wconf 89' lang='lat' dir='ltr'>nisi</span> <span class='ocrx_word' id='word_1_211' title='bbox 351 2079 628 2136; x_wconf 85' lang='lat' dir='ltr'>spiritualiter</span> <span class='ocrx_word' id='word_1_212' title='bbox 657 2080 971 2134; x_wconf 87' lang='lat' dir='ltr'>intelligantur,</span> <span class='ocrx_word' id='word_1_213' title='bbox 1012 2099 1152 2123; x_wconf 91' lang='lat' dir='ltr'>nonne</span> <span class='ocrx_word' id='word_1_214' title='bbox 1192 2084 1360 2126; x_wconf 83' lang='lat' dir='ltr'>fabulae</span> <span class='ocrx_word' id='word_1_215' title='bbox 1401 2090 1525 2129; x_wconf 79' lang='lat' dir='ltr'>sunt?</span> 
     </span>
     <span class='ocr_line' id='line_1_27' title="bbox 98 2157 1525 2214; baseline 0.005 -15"><span class='ocrx_word' id='word_1_216' title='bbox 98 2157 190 2199; x_wconf 78' lang='lat' dir='ltr'>Nisi</span> <span class='ocrx_word' id='word_1_217' title='bbox 228 2157 388 2214; x_wconf 83' lang='lat' dir='ltr'>aliquid</span> <span class='ocrx_word' id='word_1_218' title='bbox 426 2157 606 2198; x_wconf 89' lang='lat' dir='ltr'>habeant</span> <span class='ocrx_word' id='word_1_219' title='bbox 643 2159 816 2208; x_wconf 83' lang='lat' dir='ltr'>secreti,</span> <span class='ocrx_word' id='word_1_220' title='bbox 863 2175 1003 2200; x_wconf 88' lang='lat' dir='ltr'>nonne</span> <span class='ocrx_word' id='word_1_221' title='bbox 1049 2160 1218 2213; x_wconf 83' lang='lat' dir='ltr'>indigna</span> <span class='ocrx_word' id='word_1_222' title='bbox 1267 2175 1361 2203; x_wconf 89' lang='lat' dir='ltr'>sunt</span> <span class='ocrx_word' id='word_1_223' title='bbox 1398 2164 1525 2207; x_wconf 69' lang='lat' dir='ltr'>Deo?</span> 
     </span>
     <span class='ocr_line' id='line_1_28' title="bbox 98 2234 1522 2295; baseline 0.006 -21"><span class='ocrx_word' id='word_1_224' title='bbox 98 2235 279 2275; x_wconf 86' lang='lat' dir='ltr'>Necesse</span> <span class='ocrx_word' id='word_1_225' title='bbox 311 2246 371 2275; x_wconf 91' lang='lat' dir='ltr'>est</span> <span class='ocrx_word' id='word_1_226' title='bbox 400 2234 538 2287; x_wconf 85' lang='lat' dir='ltr'>igitur,</span> <span class='ocrx_word' id='word_1_227' title='bbox 572 2251 681 2285; x_wconf 89' lang='lat' dir='ltr'>eum,</span> <span class='ocrx_word' id='word_1_228' title='bbox 714 2235 786 2291; x_wconf 86' lang='lat' dir='ltr'>qui</span> <span class='ocrx_word' id='word_1_229' title='bbox 817 2235 960 2276; x_wconf 88' lang='lat' dir='ltr'>audire</span> <span class='ocrx_word' id='word_1_230' title='bbox 979 2237 1216 2293; x_wconf 84' lang='lat' dir='ltr'>Scripturas</span> <span class='ocrx_word' id='word_1_231' title='bbox 1247 2239 1522 2295; x_wconf 87' lang='lat' dir='ltr'>spiritualiter</span> 
     </span>
    </p>
   </div>
   <div class='ocr_carea' id='block_1_3' title="bbox 100 2310 1519 2367">
    <p class='ocr_par' dir='ltr' id='par_1_3' title="bbox 100 2310 1519 2367">
     <span class='ocr_line' id='line_1_29' title="bbox 100 2310 1519 2367; baseline 0.006 -16"><span class='ocrx_word' id='word_1_232' title='bbox 100 2310 239 2362; x_wconf 84' lang='lat' dir='ltr'>novit,</span> <span class='ocrx_word' id='word_1_233' title='bbox 270 2323 340 2352; x_wconf 87' lang='lat' dir='ltr'>aut</span> <span class='ocrx_word' id='word_1_234' title='bbox 371 2312 443 2367; x_wconf 90' lang='lat' dir='ltr'>qui</span> <span class='ocrx_word' id='word_1_235' title='bbox 474 2325 584 2354; x_wconf 83' lang='lat' dir='ltr'>certe</span> <span class='ocrx_word' id='word_1_236' title='bbox 615 2329 700 2353; x_wconf 89' lang='lat' dir='ltr'>non</span> <span class='ocrx_word' id='word_1_237' title='bbox 733 2313 877 2363; x_wconf 83' lang='lat' dir='ltr'>novit,</span> <span class='ocrx_word' id='word_1_238' title='bbox 912 2325 951 2354; x_wconf 89' lang='lat' dir='ltr'>et</span> <span class='ocrx_word' id='word_1_239' title='bbox 984 2314 1193 2357; x_wconf 84' lang='lat' dir='ltr'>desiderat</span> <span class='ocrx_word' id='word_1_240' title='bbox 1224 2333 1371 2367; x_wconf 89' lang='lat' dir='ltr'>nosse,</span> <span class='ocrx_word' id='word_1_241' title='bbox 1405 2321 1519 2359; x_wconf 88' lang='lat' dir='ltr'>omni</span> 
     </span>
    </p>
   </div>
   <div class='ocr_carea' id='block_1_4' title="bbox 177 2433 425 2437">
    <p class='ocr_par' dir='ltr' id='par_1_4' title="bbox 177 2433 425 2437">
     <span class='ocr_line' id='line_1_30' title="bbox 177 2433 425 2437; baseline 0 0"><span class='ocrx_word' id='word_1_242' title='bbox 177 2433 425 2437; x_wconf 95' lang='lat' dir='ltr'> </span> 
     </span>
    </p>
   </div>
   <div class='ocr_carea' id='block_1_5' title="bbox 110 2501 1334 2972">
    <p class='ocr_par' dir='ltr' id='par_1_5' title="bbox 221 2501 1334 2560">
     <span class='ocr_line' id='line_1_31' title="bbox 221 2501 1334 2560; baseline 0.006 -19"><span class='ocrx_word' id='word_1_243' title='bbox 221 2501 260 2555; x_wconf 86' lang='lat'>¹)</span> <span class='ocrx_word' id='word_1_244' title='bbox 293 2501 449 2542; x_wconf 81' lang='lat' dir='ltr'>Cantic.</span> <span class='ocrx_word' id='word_1_245' title='bbox 482 2503 516 2552; x_wconf 91' lang='lat' dir='ltr'>I,</span> <span class='ocrx_word' id='word_1_246' title='bbox 549 2503 587 2545; x_wconf 81' lang='grc'>2.</span> <span class='ocrx_word' id='word_1_247' title='bbox 620 2503 659 2546; x_wconf 84' lang='grc'>3.</span> <span class='ocrx_word' id='word_1_248' title='bbox 779 2503 822 2560; x_wconf 88' lang='grc'>2)</span> <span class='ocrx_word' id='word_1_249' title='bbox 851 2504 960 2545; x_wconf 90' lang='lat' dir='ltr'>Edd.</span> <span class='ocrx_word' id='word_1_250' title='bbox 991 2505 1187 2546; x_wconf 74' lang='lat' dir='ltr'>&#39;Merlinix</span> <span class='ocrx_word' id='word_1_251' title='bbox 1221 2506 1334 2548; x_wconf 76' lang='lat' dir='ltr'>dicit.</span> 
     </span>
    </p>

    <p class='ocr_par' dir='ltr' id='par_1_6' title="bbox 216 2571 900 2629">
     <span class='ocr_line' id='line_1_32' title="bbox 216 2571 900 2629; baseline 0.004 -18"><span class='ocrx_word' id='word_1_252' title='bbox 216 2571 258 2626; x_wconf 82' lang='lat'>³)</span> <span class='ocrx_word' id='word_1_253' title='bbox 289 2571 444 2612; x_wconf 87' lang='lat' dir='ltr'>Psalm.</span> <span class='ocrx_word' id='word_1_254' title='bbox 475 2571 604 2622; x_wconf 88' lang='lat' dir='ltr'>XLV,</span> <span class='ocrx_word' id='word_1_255' title='bbox 637 2572 674 2614; x_wconf 83' lang='lat'>7.</span> <span class='ocrx_word' id='word_1_256' title='bbox 707 2574 900 2629; x_wconf 85' lang='lat' dir='ltr'>(XLIV.)</span> 
     </span>
    </p>

    <p class='ocr_par' dir='ltr' id='par_1_7' title="bbox 216 2641 760 2696">
     <span class='ocr_line' id='line_1_33' title="bbox 216 2641 760 2696; baseline 0 -13"><span class='ocrx_word' id='word_1_257' title='bbox 216 2642 258 2696; x_wconf 76' lang='lat'>⁴)</span> <span class='ocrx_word' id='word_1_258' title='bbox 291 2641 379 2683; x_wconf 88' lang='lat' dir='ltr'>Cfr.</span> <span class='ocrx_word' id='word_1_259' title='bbox 411 2642 454 2681; x_wconf 90' lang='grc' dir='ltr'>ΙΙ</span> <span class='ocrx_word' id='word_1_260' title='bbox 477 2641 574 2682; x_wconf 86' lang='lat' dir='ltr'>Cor.</span> <span class='ocrx_word' id='word_1_261' title='bbox 607 2643 663 2692; x_wconf 90' lang='lat' dir='ltr'>II,</span> <span class='ocrx_word' id='word_1_262' title='bbox 696 2643 760 2685; x_wconf 82' lang='lat'>15.</span> 
     </span>
    </p>

    <p class='ocr_par' dir='ltr' id='par_1_8' title="bbox 218 2711 1089 2771">
     <span class='ocr_line' id='line_1_34' title="bbox 218 2711 1089 2771; baseline 0.006 -20"><span class='ocrx_word' id='word_1_263' title='bbox 218 2713 259 2767; x_wconf 85' lang='lat'>⁵)</span> <span class='ocrx_word' id='word_1_264' title='bbox 290 2711 444 2752; x_wconf 85' lang='lat' dir='ltr'>Psalm.</span> <span class='ocrx_word' id='word_1_265' title='bbox 475 2712 722 2762; x_wconf 77' lang='lat' dir='ltr'>XXXVIII,</span> <span class='ocrx_word' id='word_1_266' title='bbox 753 2713 791 2755; x_wconf 87' lang='grc'>5.</span> <span class='ocrx_word' id='word_1_267' title='bbox 824 2714 1089 2771; x_wconf 89' lang='lat' dir='ltr'>(XXXVII.)</span> 
     </span>
    </p>

    <p class='ocr_par' dir='ltr' id='par_1_9' title="bbox 217 2781 1323 2840">
     <span class='ocr_line' id='line_1_35' title="bbox 217 2781 1323 2840; baseline 0.004 -19"><span class='ocrx_word' id='word_1_268' title='bbox 217 2781 259 2837; x_wconf 75' lang='grc'>6)</span> <span class='ocrx_word' id='word_1_269' title='bbox 289 2781 399 2822; x_wconf 88' lang='lat' dir='ltr'>Edd.</span> <span class='ocrx_word' id='word_1_270' title='bbox 430 2781 630 2822; x_wconf 87' lang='lat' dir='ltr'>Merlini:</span> <span class='ocrx_word' id='word_1_271' title='bbox 662 2782 845 2838; x_wconf 88' lang='lat' dir='ltr'>putridi,</span> <span class='ocrx_word' id='word_1_272' title='bbox 878 2783 1007 2825; x_wconf 85' lang='lat' dir='ltr'>virtus</span> <span class='ocrx_word' id='word_1_273' title='bbox 1041 2785 1213 2840; x_wconf 85' lang='lat' dir='ltr'>inspirat</span> <span class='ocrx_word' id='word_1_274' title='bbox 1247 2797 1323 2826; x_wconf 75' lang='lat' dir='ltr'>ete.</span> 
     </span>
    </p>

    <p class='ocr_par' dir='ltr' id='par_1_10' title="bbox 110 2841 1292 2972">
     <span class='ocr_line' id='line_1_36' title="bbox 225 2841 1292 2909; baseline 0.004 -17"><span class='ocrx_word' id='word_1_275' title='bbox 225 2852 267 2906; x_wconf 83' lang='grc'>7)</span> <span class='ocrx_word' id='word_1_276' title='bbox 298 2851 432 2893; x_wconf 71' lang='lat' dir='ltr'>Exod.</span> <span class='ocrx_word' id='word_1_277' title='bbox 464 2851 624 2901; x_wconf 84' lang='lat' dir='ltr'>XXXI,</span> <span class='ocrx_word' id='word_1_278' title='bbox 657 2851 696 2895; x_wconf 87' lang='lat'>3.</span> <span class='ocrx_word' id='word_1_279' title='bbox 731 2853 828 2894; x_wconf 67' lang='lat'>0011.</span> <span class='ocrx_word' id='word_1_280' title='bbox 860 2869 970 2909; x_wconf 68' lang='lat' dir='ltr'>seqq.</span> <span class='ocrx_word' id='word_1_281' title='bbox 1290 2841 1292 2843; x_wconf 80' lang='grc'><strong>’</strong></span> 
     </span>
     <span class='ocr_line' id='line_1_37' title="bbox 110 2929 1278 2972; baseline 0.002 -2"><span class='ocrx_word' id='word_1_282' title='bbox 110 2929 327 2972; x_wconf 70' lang='grc' dir='ltr'><strong>ΟΜῦΕΝιε</strong></span> <span class='ocrx_word' id='word_1_283' title='bbox 359 2929 528 2972; x_wconf 78' lang='lat' dir='ltr'><strong>OPERA.</strong></span> <span class='ocrx_word' id='word_1_284' title='bbox 562 2929 680 2971; x_wconf 79' lang='lat' dir='ltr'>Tom.</span> <span class='ocrx_word' id='word_1_285' title='bbox 707 2930 823 2971; x_wconf 87' lang='lat' dir='ltr'>XIV.</span> <span class='ocrx_word' id='word_1_286' title='bbox 1228 2931 1278 2972; x_wconf 68' lang='lat'>10</span> 
     </span>
    </p>
   </div>
  </div>
 </body>
</html>
