1759 3134
225 153 308 196 396
517 155 738 195 Onmmws
771 166 812 194 m
847 153 1028 195 CAN-mc.
1063 152 1365 195 Cawricomm

226 278 380 308 aestus:
427 266 650 307 meridiem
691 267 907 322 appellans
959 266 1028 305 illa
1081 265 1241 306 scilicet
1293 267 1431 307 cordis
1479 281 1649 319 secreta,

226 345 376 401 quibus
408 344 630 386 clariorem
661 343 857 386 scientiae
890 345 1029 385 lucem
1060 360 1081 384 a
1113 345 1244 385 verbo
1270 344 1354 385 Dei
1383 344 1519 386 anima
1551 363 1649 387 con—

223 422 422 478 sequitur.
474 423 570 464 Hoc
602 422 713 464 enim
741 434 908 479 tempus
941 433 1014 471 est,
1046 437 1130 478 quo
1163 421 1229 462 sol
1261 422 1534 465 excelsiorem
1571 424 1648 465 cir-

225 498 360 540 cuitus
395 499 458 540 sui
496 501 696 542 verticem
736 512 862 542 tenet.
922 499 968 542 Si
1009 500 1176 556 quando
1220 515 1317 552 ergo
1360 500 1425 541 sol
1466 499 1648 558 justitiae

224 576 413 619 Christus
444 578 645 620 ecclesiae
676 595 772 620 suae
805 579 965 619 excelsa
997 589 1038 618 et
1069 577 1197 618 ardua
1238 576 1444 619 virtutum
1483 595 1649 621 suarum

222 666 380 697 secreta
418 658 676 707 manifestat,
723 672 899 697 amoena
931 672 1022 697 eam
1041 656 1079 711 ¹)
1109 671 1262 712 pascua
1293 655 1533 714 cubiliaque
1561 674 1649 698 me-

221 732 380 776 ridiana
411 733 623 775 videbitur
661 734 853 775 edocere.
912 734 1020 775 Nam
1053 749 1182 789 quum
1213 732 1348 774 adhuc
1378 733 1496 776 initia
1524 735 1650 776 habet

221 812 432 862 discendi,
474 822 514 852 et
543 811 701 868 prima,
729 823 777 853 ut
806 811 863 853 ita
895 811 1052 861 dicam,
1083 811 1134 852 ab
1167 826 1217 852 eo
1250 809 1448 852 scientiae
1477 812 1651 869 suscipit

220 891 473 940 rudimenta,
502 901 602 930 tunc
629 889 732 931 dicit
755 889 983 946 propheta:
1017 888 1150 944 ,‚et²)
1181 887 1397 946 adjuvabit
1414 905 1504 931 eam
1527 907 1649 933 mane

220 969 425 1011 diluculo.
441 974 465 993 “
524 968 648 1009 Nunc
690 983 788 1021 ergo
829 967 926 1024 quia
963 966 1218 1023 perfectiora
1257 965 1341 1024 jam
1380 967 1564 1024 quaerit,
1608 981 1650 1011 et

219 1047 449 1091 excelsiora
481 1045 703 1096 desiderat,
733 1045 1017 1087 meridianum
1045 1044 1244 1086 scientiae
1276 1044 1420 1087 lumen
1448 1047 1648 1103 exposcit.

219 1126 331 1168 Hinc
360 1136 466 1181 puto
500 1134 539 1164 et
562 1122 749 1163 Abrahae
776 1133 874 1177 post
903 1122 1057 1163 multas
1090 1121 1364 1174 eruditiones,
1396 1124 1547 1180 quibus
1577 1142 1650 1182 ap-

218 1219 369 1261 parens
401 1201 440 1244 ei
469 1201 588 1242 Deus
619 1199 773 1241 imbuit
816 1215 913 1240 eum
953 1199 1005 1240 de
1046 1198 1218 1252 singulis
1257 1210 1297 1241 et
1341 1201 1508 1253 docuit,
1552 1214 1652 1258 post

216 1282 420 1330 refertur,
467 1278 564 1336 quia
594 1277 704 1319 visus
735 1276 787 1318 sit
827 1276 864 1317 ei
894 1277 1012 1318 Deus
1043 1277 1096 1318 ad
1127 1292 1330 1334 quercum
1361 1278 1555 1321 Mambre
1588 1297 1652 1321 se-

218 1358 334 1402 denti
377 1359 430 1400 ad
470 1356 627 1398 ostium
664 1355 925 1397 tabernaculi
964 1354 1028 1396 sui
1066 1354 1258 1398 meridie.
1320 1356 1411 1407 „Et
1437 1357 1480 1413 3)
1519 1357 1650 1414 respi-

219 1438 352 1488 ciens,
382 1435 539 1493 inquit,
573 1433 707 1475 oculis
737 1433 821 1475 suis
852 1433 982 1474 vidit:
1029 1445 1069 1474 et
1100 1449 1221 1485 ecce,
1264 1445 1347 1475 tres
1379 1433 1457 1475 viri
1487 1437 1650 1477 stabant

218 1532 345 1573 super
376 1519 520 1555 eum.“
584 1511 715 1566 Quod
755 1511 787 1552 si
829 1511 1036 1553 credimus
1078 1512 1181 1553 haec
1211 1528 1289 1568 per
1320 1511 1526 1568 Spiritum
1559 1530 1650 1555 san-

220 1606 334 1636 ctum
365 1592 541 1648 scripta,
581 1606 668 1632 non
707 1600 813 1646 puto
854 1589 1008 1631 frustra
1038 1589 1244 1646 placuisse
1278 1589 1422 1632 divino
1455 1591 1648 1649 Spiritui,

216 1684 264 1713 ut
296 1671 423 1713 etiam
452 1681 620 1724 tempus
664 1678 704 1707 et
732 1667 838 1709 hora
867 1666 1040 1709 visionis
1071 1666 1314 1723 Scripturae
1345 1668 1504 1724 paginis
1534 1687 1651 1711 man-

218 1750 400 1799 daretur,
431 1747 510 1789 nisi
541 1757 581 1788 et
611 1745 740 1787 horae
770 1744 902 1795 istius,
935 1755 975 1785 et
1002 1744 1207 1801 temporis
1232 1744 1340 1786 ratio
1367 1745 1527 1803 aliquid
1552 1764 1651 1789 con-

217 1829 346 1869 ferret
394 1826 447 1868 ad
498 1823 715 1866 scientiam
760 1823 860 1865 filiis
900 1822 1114 1873 Abrahae,
1166 1822 1316 1880 quibus
1355 1822 1503 1882 utique
1543 1824 1649 1866 sicut

217 1922 347 1963 opera
364 1904 557 1946 Abrahae
588 1902 803 1954 facienda,
834 1901 892 1944 ita
925 1912 966 1942 et
995 1900 1254 1942 visitationes
1283 1901 1388 1943 istae
1419 1904 1647 1959 sperandae

215 1995 321 2025 sunt.
385 1981 473 2037 Qui
503 1981 616 2023 enim
654 1992 797 2037 potest
836 1981 1002 2024 dicere:
1049 1980 1232 2036 ,‚nox⁴)
1264 1980 1513 2038 praecessit,
1561 1981 1650 2023 dies

214 2074 355 2103 autem
394 2058 775 2117 appropinquavit:
819 2059 926 2102 sicut
963 2059 1007 2101 in
1048 2059 1115 2101 die
1154 2058 1329 2101 honeste
1369 2059 1648 2110 ambulemus,

216 2156 303 2181 non
334 2138 378 2179 in
411 2137 789 2179 comessationibus
822 2149 864 2178 ct
895 2137 1191 2188 ebrietatibus,
1235 2154 1319 2179 non
1361 2137 1403 2179 in
1437 2137 1647 2179 cubilibus

216 2229 257 2258 et
288 2215 578 2272 impudicitiis,
608 2232 694 2256 non
726 2215 770 2256 in
803 2215 1074 2257 contentione
1106 2227 1148 2256 et
1168 2216 1511 2257 aemulatione:“
1543 2217 1645 2271 et⁵)

216 2310 346 2352 quum
377 2295 477 2335 haec
509 2294 649 2334 omnia
678 2293 908 2345 transierit,
940 2310 1228 2350 supergressus
1247 2293 1460 2336 videbitur
1475 2306 1643 2352 tempus

215 2373 311 2425 hoc,
343 2373 458 2430 quod
487 2387 571 2413 nox
601 2371 840 2428 praecessit,
871 2384 913 2414 et
943 2371 1030 2414 dies
1055 2372 1427 2431 appropinquavit,
1458 2384 1500 2415 et
1527 2372 1643 2415 festi-

334 2577 375 2635 l)
405 2578 539 2619 Deest
567 2582 731 2628 „eam“
762 2577 805 2618 in
838 2579 934 2623 edd.
964 2579 1027 2624 M.

332 2649 375 2706 ²)
409 2650 495 2692 Cfr.
525 2649 681 2694 Psalm.
711 2649 863 2701 XLVI,
895 2651 933 2694 5.

330 2720 372 2777 ³)
403 2720 513 2762 Edd.
547 2719 740 2762 Merlini:
778 2722 901 2770 „Sed
930 2720 1182 2778 respiciens,
1212 2721 1361 2780 inquit,
1393 2722 1526 2766 oculis
1555 2722 1639 2766 suis

213 2777 381 2820 videt.“
416 2802 470 2809 —
503 2776 589 2820 Cfr.
622 2776 728 2818 Gen.
759 2777 920 2830 XVIII,
951 2778 990 2821 2.

331 2848 374 2904 ⁴)
408 2848 494 2892 Cfr.
524 2848 649 2890 Rom.
679 2847 802 2899 XIII,
834 2848 899 2892 12.
931 2849 996 2894 13.

333 2917 377 2975 ⁵)
405 2917 537 2959 Deest
567 2924 683 2970 „et“
713 2917 757 2960 in
788 2919 882 2961 edd.
913 2920 975 2962 M.
