1759 3134
221 132 305 177 428
511 132 730 172 Oaffisssis
761 144 802 172 m
836 130 1018 173 Cema-ic.
1056 131 1358 176 CANncofmm

223 246 347 287 etiam
378 243 501 285 tertia
533 242 796 299 expositione
828 244 880 284 ad
911 259 1250 302 unamquamque
1282 246 1461 287 animam
1500 248 1646 288 referri

222 338 346 380 posse
379 319 605 369 videbitur,
636 320 752 376 quod
782 319 860 361 ait:
899 321 1235 370 „similitudines
1256 324 1296 379 ¹)
1327 324 1416 366 auri
1446 323 1647 365 faciemus

222 399 299 441 tibi
333 415 428 440 cum
460 395 799 439 distinctionibus
831 398 1011 450 argenti,
1054 400 1188 442 donec
1205 401 1246 457 ²)
1277 417 1348 442 rex
1375 400 1428 442 sit
1457 400 1498 442 in
1530 417 1648 442 recu-

220 476 312 518 bitu
342 481 468 517 suo.“

337 552 593 609 ‚,Nardus³)
624 568 718 594 mea
752 553 871 595 dedit
903 555 1082 596 odorem
1111 561 1269 597 suum“
1313 555 1398 597 sive
1431 556 1647 606 „odorem

221 630 358 690 ejus.“
418 631 468 672 In
498 630 639 686 specie
671 630 869 672 dramatis
902 631 1068 674 videtur
1091 633 1173 674 hoc
1200 634 1378 684 ostendi,
1408 634 1524 690 quod
1550 645 1648 690 post

220 710 322 751 haec
353 708 479 750 verba
509 706 689 761 ingressa
732 707 785 749 sit
815 724 966 765 sponsa
997 711 1050 752 ad
1079 727 1317 767 sponsum,·
1346 722 1388 752 et
1424 711 1646 764 unguentis

220 786 303 828 suis
333 784 498 826 unxerit
529 801 648 836 eum,
685 801 733 827 ac
763 785 872 827 miro
906 788 1090 843 quodam
1121 804 1296 842 genere,
1337 787 1453 845 quasi
1482 789 1649 837 nardus,

221 880 325 921 quae
355 862 472 920 prius
504 863 682 904 odorem
709 879 795 905 non
828 864 1021 917 dederat,
1069 883 1200 923 quum
1232 876 1338 907 esset
1368 865 1482 922 apud
1522 881 1650 921 spon-

218 930 328 991 sam,
370 952 473 982 tunc
515 940 680 982 dederit
726 942 906 983 odorem
945 958 1090 993 suum,
1138 958 1235 984 cum
1275 958 1427 999 corpus
1473 940 1651 994 contigit

217 1019 383 1078 sponsi,
422 1030 470 1060 ut
499 1035 585 1060 non
615 1030 703 1060 tam
731 1018 806 1059 ille
845 1035 893 1060 ex
932 1020 1064 1060 nardo
1097 1020 1297 1069 odorem,
1341 1035 1466 1076 quam
1495 1019 1648 1060 nardus

219 1115 266 1140 ex
298 1097 391 1154 ipso
424 1095 619 1137 sumsisse
649 1095 854 1137 videatur.
915 1096 962 1138 Si
996 1112 1094 1137 vero
1126 1098 1357 1138 secundum
1387 1098 1491 1138 hanc
1525 1096 1649 1137 diffe-

218 1174 422 1225 rentiam,
469 1188 574 1230 quae
613 1172 656 1213 in
698 1172 790 1214 aliis
830 1173 1043 1215 invenitur
1073 1175 1404 1231 exemplaribus,
1452 1173 1648 1226 legimus:

220 1251 465 1306 ‚‚nar‹lus⁴)
496 1267 589 1292 mea
621 1250 739 1293 dedit
770 1251 950 1293 odorem
982 1250 1124 1309 ejus:“
1165 1251 1379 1293 invenitur
1409 1251 1544 1293 adhuc
1575 1251 1651 1292 ali-

217 1329 322 1387 quid
354 1328 557 1371 divinius:
602 1329 704 1383 ut⁵)
738 1328 938 1371 videlicet
967 1341 1227 1383 unguentum
1258 1331 1339 1372 hoc
1377 1329 1535 1380 nardi,⁴
1565 1346 1647 1385 quo

217 1420 367 1450 unctus
399 1419 460 1449 est
488 1423 687 1464 sponsus,
731 1423 820 1448 non
850 1419 1012 1449 tantum
1043 1425 1188 1459 suum,
1230 1408 1303 1465 qui
1342 1409 1474 1449 nardo
1515 1407 1647 1448 inesse

216 1486 464 1529 naturaliter
503 1485 637 1534 solet,
684 1486 757 1526 sed
806 1485 935 1541 ipsius
974 1486 1118 1543 sponsi
1161 1487 1339 1528 odorem
1383 1485 1564 1542 ceperit,
1610 1497 1649 1526 et

218 1564 347 1621 ipsius
380 1565 559 1605 odorem
589 1564 642 1604 ad
671 1579 870 1619 sponsam
901 1564 1183 1620 reportaverit
1210 1565 1386 1606 nardus:
1432 1574 1478 1604 ut
1510 1562 1551 1603 in
1585 1579 1650 1613 eo,

219 1659 302 1699 quo
335 1642 452 1684 unxit
483 1659 594 1694 eum,
629 1642 808 1682 odorem
839 1640 983 1697 sponsi
1012 1658 1091 1697 per
1106 1641 1147 1697 6)
1179 1640 1310 1697 ipsius
1332 1640 1533 1694 unguenti
1558 1657 1651 1681 mu-

219 1738 296 1762 nus
326 1719 558 1777 acceperit,
592 1731 634 1760 et
664 1719 745 1759 hoc
776 1717 842 1769 sit,
878 1719 994 1775 quod
1025 1718 1165 1760 dicere
1194 1718 1405 1761 videatur:
1437 1719 1651 1775 nardus7)

339 1903 379 1960 ¹)
412 1903 571 1945 Cantic.
604 1903 637 1952 I,
673 1902 738 1945 11.
773 1901 838 1945 12.

335 1975 377 2032 ²)
408 1975 518 2016 Edd.
551 1975 612 2016 M.
645 1974 827 2030 „quoad
856 1988 988 2030 usque
1018 1989 1091 2013 rex
1120 1972 1208 2014 sit“
1240 1985 1317 2014 etc.

331 2045 376 2102 ³)
410 2045 568 2088 Cantic.
602 2046 635 2094 1,
669 2044 734 2089 12.
855 2045 898 2100 4)
930 2043 1090 2087 cantic.
1123 2044 1156 2095 I,
1189 2044 1255 2088 12.

337 2118 378 2173 ⁵)
410 2118 521 2158 Edd.
553 2117 613 2158 Μ.
647 2127 730 2167 „ut
761 2115 954 2157 videatur
984 2116 1101 2172 quod
1129 2122 1426 2169 unguentum“
1458 2127 1534 2156 etc.

333 2187 376 2242 6)
410 2188 544 2228 Deest
576 2193 723 2242 ,',per“
754 2187 796 2227 in
829 2188 924 2228 edd.
956 2187 1016 2228 M.

336 2258 378 2313 ⁷)
410 2258 506 2300 Huc
536 2256 735 2310 videntur
763 2257 984 2299 referenda
1013 2272 1172 2309 graeca,
1203 2273 1309 2314 quae
1338 2258 1452 2314 apud
1484 2258 1645 2300 Proco-

216 2330 336 2388 pium
375 2328 434 2370 sic
466 2327 779 2384 exprimuntur:
826 2326 921 2381 Τὴν
959 2326 1046 2385 γὰρ
1087 2330 1166 2371 τοῦ
1212 2332 1440 2386 νυμφίου,
1484 2331 1642 2386 φησὶν,

218 2400 367 2459 ὀσμὴν
398 2398 422 2454 ἡ
457 2397 541 2454 ἐμὴ
575 2396 765 2456 νάρδος,
801 2398 849 2441 ἐν
882 2390 905 2457 ᾖ
939 2397 1079 2444 αὐτὸν
1110 2395 1291 2456 ἤλειψα,
1326 2400 1511 2443 δέδωκε.
1580 2404 1643 2460 Τῇ

215 2470 304 2530 γὰρ
330 2472 489 2525 ἑαυτῆς
521 2467 674 2526 νάρδῳ
705 2468 805 2520 τοὺς
833 2468 980 2519 πόδας
1012 2470 1240 2527 ἀλείψασα
1272 2473 1348 2514 τοῦ
1377 2469 1537 2525 Ἰησοῦ,
1568 2474 1644 2514 καὶ

215 2549 312 2592 ταῖς
343 2544 495 2600 θριξὶν
525 2540 823 2598 ἀπομάξασα,
854 2546 1286 2599 μὲιαπεποιημένην
1317 2543 1365 2585 ἐκ
1397 2544 1471 2596 τῆς
1505 2542 1645 2598 ὀσμῆς

216 2616 295 2657 τοῦ
324 2616 529 2670 νυμφίου
567 2609 731 2667 ταύτην
766 2611 1007 2668 ἀνέλαβεν·
1042 2603 1092 2667 ἧς
1123 2616 1450 2669 αἰσθανομένη,
1485 2617 1640 2669 φησὶν,

216 2686 294 2728 ἐπὶ
332 2681 414 2738 τὴν
450 2680 656 2740 κεφαλὴν
697 2678 916 2737 ἐλθούσης
963 2681 988 2737 ἡ
1031 2681 1116 2738 ἐμὴ
1170 2682 1337 2743 νάρδος
1377 2684 1522 2727 ἔδωκε’
1561 2701 1637 2739 μοι

216 2752 299 2809 τὴν
327 2757 408 2797 τοῦ
451 2756 658 2810 νυμφίου
701 2750 869 2809 ὀσμήν·
910 2752 1071 2813 διόπερ
1107 2752 1166 2804 ὠς
1204 2752 1295 2797 ἀπὸ
1333 2756 1425 2798 τῶν
1447 2756 1641 2812 χρωτῶν

212 2824 357 2879 Ἰησοῦ
389 2822 469 2878 τὴν
494 2827 644 2867 οἲκίαν
677 2822 784 2878 ὃλην
816 2823 1047 2884 ἐπλήρωσε
1081 2827 1156 2880 τῆς
1184 2829 1441 2885 μαθητρίας
1469 2824 1518 2869 τὸ
1549 2822 1641 2879 μύ-

219 2911 313 2955 ρον.
373 2895 554 2935 Ruaeus.
1270 2937 1308 2972 ·
