1759 3134
196 108 280 153 310
494 108 715 149 ORJGENIS
745 118 789 147 m
823 103 1005 146 CANTm.
1041 102 1343 146 CANTmonum

199 220 405 280 justitiam
437 235 578 261 veram
608 236 631 260 a
662 218 894 260 directione
925 215 1096 274 judicii:
1139 217 1214 257 sed
1253 227 1296 257 et
1337 214 1531 257 astutiam
1559 233 1634 258 no-

198 300 331 342 minat
359 298 569 355 quandam
596 297 673 348 his,
705 314 810 354 quos
831 295 997 345 imbuit,
1028 293 1318 345 necessariam,
1348 294 1467 335 illam
1490 295 1632 345 credo,

198 395 279 440 per
309 392 436 432 quarn
466 375 771 432 sophismatum
801 372 983 426 intelligi
1017 389 1064 414 ac
1085 371 1288 414 declinari
1307 371 1441 429 possit
1463 370 1634 424 argutia.

200 456 258 497 Et
287 454 387 495 ideo
421 453 548 504 dicit,
586 453 882 495 innocentibus
923 468 1001 508 per
1030 450 1277 507 sapientiam
1308 449 1398 490 dari
1428 448 1637 500 astutiam,

203 532 292 574 sine
324 531 471 583 dubio,
501 547 554 573 ne
585 531 627 572 in
657 532 788 572 verbo
807 530 892 571 Dei
923 529 1188 586 decipiantur
1217 528 1366 569 fraude
1396 527 1635 583 sophistica.

202 611 290 652 Sed
321 609 364 651 in
395 610 477 650 hoc
511 607 615 649 mihi
646 607 813 648 videtur
843 607 1059 649 rationalis
1096 606 1343 663 disciplinae
1381 605 1638 656 meminisse,

201 704 281 745 per
322 703 449 744 quam
489 685 683 728 doctrina
720 687 971 734 verborum,
1014 684 1311 741 dictorumque
1340 683 1638 738 significantiae

203 766 520 816 discernuntur,
564 775 605 805 et
641 761 969 821 uniuscujusque
1010 762 1216 804 sermonis
1258 761 1495 819 proprietas
1527 773 1640 803 certa

206 860 303 886 cum
342 842 506 884 ratione
547 840 829 894 distinguitur.
889 841 938 882 In
982 858 1061 898 qua
1091 840 1319 898 praecipue
1352 841 1508 882 erudin'
1541 857 1641 883 con·

205 920 322 963 venit
350 935 520 978 pueros.
581 919 677 960 Hoc
711 918 822 960 enim
853 920 1069 970 hortatur,
1102 936 1199 961 cum
1230 919 1353 960 dicit:
1385 930 1470 970 „ut
1496 919 1538 973 Ι)
1570 920 1642 960 det

202 1015 339 1057 puero
371 997 530 1058 juniori
560 1013 728 1038 sensum
757 1008 799 1038 et
831 997 1173 1051 cogitationem.“
1230 997 1286 1038 Et
1326 996 1445 1053 quia,
1486 997 1557 1054 qui
1597 997 1640 1038 in

202 1077 270 1118 his
302 1075 507 1126 eruditur,
538 1073 771 1116 necessario
804 1074 1114 1116 rationabiliter
1142 1090 1220 1131 per
1251 1089 1310 1124 ea,
1343 1091 1448 1130 quae
1479 1074 1640 1126 didicit,

206 1165 342 1196 semet
371 1153 511 1208 ipsum
541 1152 768 1204 gubernat,
808 1162 850 1192 et
888 1151 1020 1192 vitam
1059 1167 1177 1192 suam
1211 1151 1472 1192 moderatius
1502 1151 1641 1203 librat,

204 1242 437 1289 propterea
456 1229 578 1271 dicit:
606 1227 874 1281 „intelligens
890 1229 936 1281 ²)
951 1239 1092 1270 autem
1112 1228 1395 1282 gubernacula
1413 1229 1642 1286 acquiret.“

157 1304 162 1309 “
204 1310 313 1351 Post
341 1309 443 1350 haec
475 1323 576 1349 vero
610 1322 867 1360 cognoscens
897 1306 941 1348 in
979 1307 1117 1348 verbis
1156 1306 1334 1358 divinis,
1373 1307 1525 1363 quibus
1563 1325 1643 1365 per

209 1387 440 1445 prophetas
471 1386 656 1427 humano
688 1385 831 1439 generi
860 1384 1036 1427 traditus
1069 1397 1129 1426 est
1161 1386 1267 1427 ordo
1290 1384 1475 1436 vivendi,
1507 1386 1644 1428 diver-

209 1482 277 1507 sos
317 1481 404 1507 esse
448 1464 609 1521 eloquii
658 1475 831 1519 tropos,
881 1473 922 1504 et
968 1461 1101 1504 varias
1152 1462 1322 1504 dicendi
1366 1464 1549 1520 species:
1594 1483 1642 1508 ac

208 1543 356 1594 sciens,
388 1541 534 1584 haberi
567 1541 609 1581 in
639 1540 689 1581 iis
721 1541 906 1597 aliquam
930 1541 1119 1593 figuram,
1152 1557 1256 1598 quae
1276 1543 1478 1598 parabola
1497 1545 1643 1601 appel-

210 1623 324 1663 letur
348 1621 417 1677 ³),
450 1631 491 1660 et
521 1618 666 1669 aliam,
708 1634 813 1675 quae
846 1620 1023 1659 obscura
1054 1617 1185 1659 dictio
1216 1631 1395 1661 vocetur
1417 1621 1485 1677 ⁴),
1524 1622 1645 1664 alias-

212 1717 316 1757 que,
357 1715 462 1755 quae
492 1697 723 1751 aenigmata
754 1697 1045 1747 nominentur,
1079 1708 1121 1738 et
1150 1696 1274 1748 alias,
1304 1714 1409 1756 quae
1441 1698 1553 1741 dicta
1583 1717 1646 1742 sa-

210 1779 404 1835 pientum
428 1778 471 1834 ⁵)
505 1776 720 1826 dicantur,
756 1774 922 1817 scribit:
962 1774 1209 1828 „intelliges
1232 1776 1274 1833 ⁶)
1316 1793 1485 1835 quoque
1524 1794 1644 1835 para-

210 1857 357 1898 bolam
402 1868 444 1897 et
489 1856 719 1897 obscurum
762 1864 1025 1904 sermonem,
1080 1853 1275 1911 dictaque
1320 1855 1558 1912 sapientum
1603 1870 1645 1900 et

475 1939 499 1957 ‘6

215 1935 460 1989 aenigmata.
572 1933 656 1974 Per
700 1933 803 1974 haec
848 1949 947 1986 ergo
993 1932 1155 1987 singula
1201 1924 1470 1975 rationalem'
1498 1936 1643 1977 locum

213 2013 436 2055 manifeste
468 2023 510 2053 et
539 2011 756 2053 evidenter
787 2011 982 2068 exponit,
1022 2027 1068 2052 ac
1109 2027 1230 2052 more
1260 2024 1452 2054 veterum
1480 2013 1642 2055 succin-

213 2091 290 2133 ctis
328 2090 611 2146 brevibusque
649 2089 865 2131 sententiis
903 2089 1090 2143 ingentes
1132 2099 1174 2129 et
1209 2090 1423 2145 perfectos
1460 2090 1641 2148 explicat

213 2185 369 2211 sensus.
430 2167 552 2224 Quae
576 2167 622 2225 ⁷)
661 2168 697 2209 si
737 2167 828 2224 quis
867 2166 912 2208 in
950 2167 1042 2220 lege
1080 2166 1261 2209 Domini
1298 2169 1528 2211 meditetur
1568 2169 1637 2212 die

213 2263 261 2289 ac
289 2258 438 2299 nocte,
481 2258 523 2288 et
555 2245 589 2287 si
619 2245 710 2303 quis
741 2256 822 2297 est,
864 2245 970 2287 sicut
999 2244 1098 2302 justi
1140 2263 1211 2298 os,
1253 2248 1370 2305 quod
1409 2248 1637 2292 meditatur

335 2460 376 2517 ¹)
407 2460 534 2501 Prov.
566 2459 600 2508 I,
631 2457 673 2500 4.
795 2458 837 2513 2)
870 2457 998 2500 Prov.
1030 2460 1064 2510 l,
1099 2459 1137 2502 5.

331 2531 375 2585 ³)
406 2531 515 2571 Edd.
547 2528 742 2571 Merlini:
773 2529 1024 2584 appelletur.

334 2601 380 2656 4)
410 2601 519 2642 Edd.
550 2598 743 2642 Merlini:
785 2612 975 2642 vocetur.

334 2671 375 2728 ⁵)
404 2672 515 2713 Edd.
545 2671 607 2714 M.
641 2682 894 2713 constanter:
926 2672 1191 2731 sapientium.

333 2741 376 2798 ⁶)
406 2741 534 2784 Prov.
566 2743 601 2792 I,
631 2741 669 2786 6.

251 2870 260 2880 ι
333 2812 375 2869 ⁷)
404 2812 512 2877 Edd.
546 2811 739 2856 Merlini:
786 2815 907 2870 Quae
936 2816 971 2861 si
1001 2816 1093 2876 quis
1124 2830 1209 2872 est,
1251 2817 1323 2876 qui
1353 2816 1396 2861 in
1429 2818 1520 2873 lege
1549 2834 1636 2862 me-

220 2871 377 2913 ditetur
408 2870 475 2913 die
507 2880 583 2912 etc.
1186 2894 1194 2902 -
