1759 3134
715 127 853 168 Lfflmz
884 127 938 167 Π.
1453 126 1532 171 381

121 254 210 278 sum
241 254 326 279 non
358 237 618 287 omittamus,
661 238 757 293 quia
787 239 851 278 sol
883 238 1061 294 duplicis
1093 239 1260 280 videtur
1289 253 1375 278 esse
1407 238 1536 279 virtu-

119 315 196 366 tis,
237 315 380 366 unius,
419 331 500 370 qua
528 314 757 365 illuminat,
794 315 987 366 alterius,
1025 332 1105 371 qua
1134 316 1282 357 adurit.
1344 315 1428 357 Sed
1456 331 1534 371 pro

121 394 244 434 rebus
283 404 353 433 aut
398 392 580 433 materiis
603 375 965 448 ⁴snbjacenfibus,
1011 405 1081 434 aut
1126 393 1338 434 illuminat
1375 392 1535 448 aliquid

120 470 238 521 luce,
276 482 346 511 aut
375 469 554 511 infuscat
584 481 625 510 et
656 469 835 510 obdurat
864 469 1025 525 aliquid
1068 471 1231 511 ardore.
1292 471 1536 513 Secundum

120 548 220 589 haec
242 548 278 605 ¹)
323 563 418 600 ergo
459 547 643 588 fortassis
684 558 725 588 et
754 547 965 588 indurasse.
997 546 1149 588 dicitur
1179 548 1295 588 Deus
1328 564 1402 589 cor
1429 548 1537 589 Pha-

120 606 280 676 mobis,
329 625 444 681 quod
461 626 502 680 ²)
533 625 626 665 talis
666 625 801 665 fuerat
840 624 1013 665 materia
1053 624 1190 666 cordis
1234 625 1385 681 ipsius,
1432 641 1536 681 quae

119 702 396 757 praesentiam
433 701 533 743 solis
572 701 753 760 justitiae
792 718 881 743 non
919 718 966 743 ea
1005 713 1147 758 parte,
1192 718 1272 759 qua
1312 701 1537 753 illuminat,

120 780 194 820 sed
229 780 356 837 ea³)‚
395 795 476 836 qua
506 779 643 820 adurit
674 791 715 820 et
757 779 938 830 indurat,
971 779 1202 836 exceperit:
1248 792 1427 836 propter
1456 780 1538 820 hoc

119 857 206 898 sine
239 857 393 908 dubio,
433 857 549 913 quod
581 869 621 898 et
650 857 740 914 ipse
770 857 980 910 affligebat
1009 859 1305 899 Hebraeorum
1336 857 1464 898 vitam
1496 857 1538 897 in

121 935 319 991 operibus
362 934 496 986 duris,
532 937 584 976 'et
625 936 738 992 quod
780 935 870 977 luto
916 947 957 976 et
995 935 1124 976 latere
1165 935 1414 976 conficiebat
1452 950 1535 976 eos.

120 1012 177 1054 Et
207 1025 294 1054 erat
322 1012 467 1070 utique
500 1029 573 1054 cor
603 1012 690 1071 ejus
720 1013 951 1054 secundum
985 1029 1054 1064 ea,
1086 1029 1191 1070 quae
1224 1012 1444 1066 cogitabat,
1475 1012 1539 1052 lu-

120 1102 235 1131 teum
267 1102 307 1132 et
338 1090 549 1133 limosum.
608 1091 664 1132 Et
707 1091 814 1132 sicut
850 1089 1067 1131 materiam
1107 1090 1187 1131 luti
1225 1091 1290 1132 sol
1327 1091 1404 1131 iste
1443 1089 1539 1130 visi-

119 1168 217 1210 bilis
248 1168 411 1222 stringit
454 1181 495 1211 et
524 1169 704 1220 indurat,
734 1168 792 1209 ita
821 1168 886 1209 sol
915 1167 1097 1226 justitiae
1128 1167 1189 1209 his
1220 1168 1370 1210 iisdem
1400 1167 1540 1217 radiis,

121 1410 207 1449 ται,
242 1391 381 1443 οὕτως
411 1391 497 1437 ὑπὸ
531 1394 619 1436 τῶν
650 1391 806 1449 αὐγῶν
844 1395 921 1435 τοῦ
957 1394 1064 1436 θεοῦ
1097 1392 1448 1435 ἓπισκοπουσῶν
1476 1393 1538 1447 τῷ

116 1463 291 1523 Ἰσραὴλ
324 1460 620 1520 ἐσκληρὺνθη.
661 1460 755 1505 ’Ότι
791 1463 841 1506 δὲ
873 1460 1056 1506 τοιαῦτά
1085 1463 1206 1505 ἔστιν
1232 1462 1281 1505 ἐν
1311 1466 1402 1510 τοῖς
1425 1459 1537 1504 κατὰ

120 1532 287 1590 τόπον,
338 1538 412 1578 καὶ
444 1533 526 1590 οὐχ
557 1536 762 1591 ἱστορίαν
792 1532 934 1589 ψιλὴν
963 1530 1197 1590 πρόκειται
1229 1530 1537 1589 α’ναγράᾳειν,

122 1608 264 1660 δῆλον
301 1607 420 1649 ἔσται
463 1607 524 1660 τῷ
564 1607 814 1660 συνορῶντι
830 1603 903 1658 ᾗ),
953 1602 1019 1646 ὅτι
1050 1602 1182 1657 ἡνίκα
1213 1606 1540 1652 κατεστέναξαν

123 1679 166 1720 οἱ
212 1679 304 1720 υἱοὶ
329 1673 521 1732 Ἰσραὴλ,
566 1670 663 1718 οὕτε
696 1673 789 1717 ἀπὸ
823 1677 898 1727 τῆς
927 1677 1177 1728 πλινθείας,
1212 1670 1311 1717 οὔτε
1335 1671 1429 1717 ἀπὸ
1460 1675 1538 1716 τοῦ

122 1750 291 1802 πηλοῦ,
339 1742 437 1790 οὔτε
468 1742 561 1788 ἀπὸ
593 1747 682 1787 τῶν
710 1742 896 1801 εἷχὺρων
934 1747 1281 1799 κατεστέναξαν,
1322 1743 1411 1786 ἀλλ’
1447 1741 1539 1786 ἀπὸ

124 1820 214 1860 τῶν
253 1818 422 1874 ἔργων’
469 1818 546 1859 καὶ
577 1814 711 1871 ἀνέβη
754 1812 777 1868 ἡ
819 1813 900 1869 βοὴ
944 1813 1091 1858 αὐτῶν
1127 1813 1242 1873 πρὸς
1277 1813 1412 1870 θεὸν,
1459 1813 1541 1859 οὐκ

125 1887 216 1932 ἀπὸ
247 1890 407 1943 πηλοῦ,
442 1885 553 1930 ἀλλὰ
585 1883 726 1929 πάλιν
758 1883 945 1941 (hoff)
983 1887 1072 1928 τῶν
1114 1886 1276 1942 ἔργων.
1336 1884 1421 1928 Διὸ
1464 1887 1541 1928 καὶ

125 1956 359 2013 εἷσήκουσε
391 1955 653 2014 κὺριοςΗὌ
684 1958 773 1999 τῶν
805 1958 1074 2012 στεναγμῶν
1105 1955 1274 1999 αὐτῶν·
1311 1954 1393 2009 οὐκ
1423 1957 1542 2000 εἷσα-

124 2026 276 2073 κούων
315 2028 571 2085 στεναγμοῦ
609 2030 700 2071 τῶν
741 2025 822 2070 οὐκ
862 2024 952 2069 ἀπὸ
990 2026 1138 2083 ἔργων
1178 2023 1393 2082 βοώντων
1431 2024 1544 2083 πρὸς

125 2099 278 2155 αὐτὸν,
312 2097 423 2142 ἀλλὰ
456 2097 546 2142 ἀπὸ
586 2101 731 2153 πηλοῦ
774 2100 850 2140 καὶ
889 2099 978 2139 τῶν
1020 2096 1191 2153 γηΐνων
1227 2095 1448 2155 πράξεων.
1489 2119 1541 2126 -

126 2172 211 2214 Cfr.
256 2170 350 2212 edd.
380 2169 590 2215 Philocal.
620 2185 708 2225 cap.
727 2168 884 2210 XXVI.
924 2167 1023 2209 coll.
1064 2168 1158 2209 edd.
1198 2167 1324 2210 Huet.
1365 2168 1541 2210 Tom.1.

124 2243 199 2283 fol.
216 2241 282 2285 52.

244 2313 284 2369 ¹)
314 2312 422 2353 Edd.
452 2310 646 2353 hlerlini:
680 2310 849 2361 „hoc.“
880 2338 933 2347 —
966 2310 1051 2352 Csr.
1083 2309 1218 2351 Exod.
1249 2309 1324 2352 IX.

243 2383 285 2438 2)
314 2382 425 2424 Edd.
455 2380 652 2422 Merlini:
684 2381 828 2436 „quod
856 2380 1020 2422 scilieet
1048 2381 1142 2422 talis
1156 2387 1181 2406 “
1215 2392 1291 2422 etc.

243 2453 286 2509 3)
317 2452 449 2493 Deest
478 2457 600 2502 ‚,ea“
631 2450 672 2491 in
706 2451 800 2493 edd.
830 2452 892 2492 M.

183 2593 230 2650 ἦ)
261 2592 370 2634 Edd.
401 2589 607 2632 Philocal.
639 2589 782 2647 itemq.
816 2591 911 2632 edd.
942 2590 1115 2633 Huetii:
1149 2591 1400 2647 ἕπιορῶντι.

158 2664 232 2722 Η)
261 2662 371 2704 Edd.
391 2660 598 2703 Philocal.
629 2661 772 2717 itemq.
806 2661 899 2702 edd.
919 2660 972 2702 H.
1003 2661 1046 2702 in
1075 2672 1211 2701 textu:
1243 2658 1370 2718 „5715
1401 2660 1543 2704 τῶν.“

268 2733 377 2774 Edd.
409 2743 548 2773 tamen
576 2732 701 2773 Huet.
735 2731 786 2772 ad
815 2731 1064 2783 marginem:
1105 2730 1253 2782 ‚,scrib.
1285 2728 1376 2774 ἀπὸ
1406 2730 1543 2773 τῶν.“

128 2803 228 2860 —x-H)
258 2801 586 2853 Edd.Philocal.
618 2803 761 2858 itemq.
797 2802 890 2842 edd.
908 2801 959 2844 H.
990 2803 1032 2842 in
1062 2813 1198 2842 textu:
1231 2799 1376 2855 „mz‘to'c
1406 2801 1544 2843 τῶν.“

269 2872 376 2913 Edd.
410 2885 547 2913 tamen
579 2873 631 2915 H.
664 2872 706 2913 in
737 2871 941 2924 margine:
975 2871 1131 2923 ‚‚scrib.
1164 2870 1315 2931 κύριος
1344 2871 1486 2914 wir-‘⁶
