1759 3134
704 107 902 149 HomnA
932 107 966 145 I.
1460 105 1541 150 251

125 217 261 275 major
290 229 363 259 est.
421 218 584 270 „Nigra
609 217 649 274 ¹)
680 234 773 258 sum
803 228 844 257 et
872 215 1083 270 speciosa,
1122 215 1234 255 filiae
1265 215 1543 269 Hierusalem,

125 295 241 346 nigra
270 295 385 334 velut
411 296 681 336 tabernacusa
701 282 859 343 cedar,
888 292 1079 348 speciosa
1106 304 1154 332 ut
1182 292 1318 348 pelles
1349 294 1546 335 Salomo-

125 372 230 412 nis.“
286 372 382 426 Ipsa
422 388 590 427 quoque
627 371 800 412 nomina
838 375 934 410 cum
971 385 1148 424 sponsae
1189 370 1345 411 decore
1391 388 1544 412 conve-

125 449 258 489 niunt.
309 447 440 487 Aiunt
461 449 656 498 Hebraei,
689 448 825 489 Cedar
852 445 1120 501 interpretari
1151 448 1356 488 tenebras.
1415 449 1543 501 Nigra

124 542 217 565 sum
246 540 364 576 erg0‚
403 535 451 564 ut
480 523 747 564 tabernacula
777 522 934 572 Cedar,
965 534 1013 563 ut
1042 522 1297 578 Aethiopes:
1338 526 1541 579 speciosa,

124 613 172 641 ut
201 601 335 656 pelles
366 601 630 651 Salomonis,
672 616 771 656 quas
803 616 853 640 eo
883 611 1078 655 tempore
1111 599 1154 640 in
1182 601 1445 641 tabernaculi
1476 619 1545 642 or-

126 689 324 718 namento
360 678 619 733 composuit,
661 678 826 738 quando
865 677 1077 732 templum
1118 693 1284 717 summo
1323 678 1464 718 studio
1506 692 1547 720 et

126 754 271 795 labore
303 755 527 795 fabricatus
558 766 630 795 est.
687 754 818 794 Dives
852 754 1008 810 quippe
1036 754 1255 804 Salomon,
1288 767 1328 796 et
1356 755 1401 796 in
1432 758 1547 797 omni

126 832 331 887 sapientia
359 831 475 872 illius
504 846 631 870 nemo
663 831 888 885 praecessit
917 831 1053 872 illum.
1112 832 1273 884 „Nigra
1293 834 1335 888 2)
1373 850 1466 874 sum
1508 847 1549 875 ct

125 909 328 965 speciosa,
358 908 469 948 filiae
494 907 772 958 Hierusalem,
802 920 851 948 ut
872 908 1141 948 tabernacula
1160 908 1307 959 Cedar,
1337 922 1385 951 ut
1413 913 1548 967 pelles

127 986 381 1029 Salomonis.
439 985 504 1024 Ne
534 983 779 1025 intueamini
810 1002 904 1035 me,
937 985 1032 1041 quia
1064 1002 1140 1038 ego
1173 1003 1265 1026 sum
1296 987 1548 1040 denigrata.“

129 1063 342 1105 Satisfecit
372 1063 423 1102 de
452 1061 619 1113 nigrore
649 1078 740 1111 suo,
772 1074 813 1103 et
842 1079 921 1118 per
949 1062 1257 1118 poenitentiam
1289 1065 1341 1104 ad
1370 1066 1549 1107 meliora

131 1156 330 1181 conversa
359 1140 594 1187 annuntiat,
625 1155 667 1178 se
697 1139 862 1180 filiabus
894 1140 1023 1179 Israel
1054 1139 1213 1191 nigram
1245 1140 1417 1195 quidem
1448 1159 1549 1193 esse,

130 1219 204 1258 sed
241 1217 483 1272 pulchram,
524 1216 753 1256 secundum
792 1217 908 1271 quod
947 1216 1137 1271 superius
1177 1217 1468 1272 exposuimus,
1510 1233 1552 1261 et

133 1295 256 1335 dicit:
295 1310 382 1343 „ne
407 1295 452 1349 3)
490 1292 737 1333 intueamini
776 1309 866 1342 me,
908 1293 1005 1348 quia
1044 1309 1119 1345 ego
1159 1311 1251 1334 sum
1290 1296 1512 1348 denigrata.
1527 1304 1552 1322 “

132 1373 210 1421 Ne,
240 1371 390 1426 inquit,
421 1369 700 1419 admiremini,
732 1369 887 1410 coloris
921 1386 1007 1410 esse
1039 1386 1108 1409 me
1138 1370 1249 1420 tetri,
1279 1372 1346 1411 sol
1364 1373 1554 1429 despexit

134 1464 215 1488 me.
263 1447 398 1487 Pleno
426 1446 583 1502 quippe
614 1445 733 1486 radio
766 1445 809 1486 in
839 1462 907 1486 me
939 1445 1108 1486 luminis
1138 1447 1202 1487 sui
1231 1448 1373 1500 fulgor
1401 1449 1554 1502 illuxit,

132 1537 180 1565 ut
210 1523 297 1582 ejus
327 1524 407 1564 sim
438 1524 578 1564 calore
607 1524 779 1564 fuscata.
838 1524 986 1579 Neque
1018 1523 1150 1573 enim,
1180 1536 1228 1565 ut
1258 1526 1478 1578 decuerat,
1507 1540 1556 1569 ut

129 1602 232 1643 solis
273 1601 448 1654 dignitas
489 1602 730 1656 expetebat,
779 1600 894 1641 illius
932 1600 976 1640 in
1020 1617 1090 1641 me
1135 1601 1280 1642 lumen
1321 1605 1468 1659 excepi
1490 1606 1555 1661 ⁴²):

134 1680 328 1730 „delicto
358 1678 401 1733 ⁵)
439 1693 588 1718 eorum
624 1678 733 1717 salus
773 1677 964 1729 gentibus
1004 1677 1115 1717 facta
1145 1689 1227 1718 est:
1277 1691 1318 1719 et
1366 1697 1554 1723 rursum:

136 1755 467 1806 „incredulitate
493 1754 538 1806 6)
575 1753 764 1807 gentium
792 1753 966 1794 scientia
995 1755 1168 1796 Israel.“
1226 1757 1366 1798 Habes
1394 1769 1559 1800 utrum-

139 1839 218 1889 que
249 1833 361 1888 apud
391 1832 664 1887 Apostolum.

252 1910 290 1952 7.
334 1908 465 1959 „Filii
482 1909 525 1963 7)
556 1907 699 1948 matris
728 1924 848 1948 meae
877 1921 1168 1963 pugnaverunt
1196 1911 1418 1953 adversum
1449 1920 1559 1955 me.“

139 1986 525 2036 Considerandum,
566 1986 785 2041 quomodo
826 2002 980 2040 sponsa
1019 1986 1149 2028 dicat:
1196 1989 1309 2038 „filii
1333 1990 1375 2044 8)
1415 1992 1559 2033 matris

139 2079 257 2103 meae
292 2074 584 2119 pugnaverunt
620 2063 842 2103 adversum
881 2069 1009 2102 me:“
1056 2075 1099 2104 et
1148 2067 1316 2120 quando
1362 2069 1559 2111 adversus

142 2158 233 2181 eam
263 2142 441 2181 fratrum
470 2156 608 2196 pugna
636 2140 825 2181 surrexit.
884 2140 992 2181 Vide
1022 2141 1203 2182 Paulum
1234 2144 1435 2185 ecclesiae
1463 2163 1561 2202 per-

141 2229 401 2267 secutorem,
441 2229 483 2258 et
511 2216 743 2268 intelliges,
783 2219 1002 2273 quomodo
1042 2218 1154 2260 filius
1190 2221 1333 2261 matris
1365 2221 1452 2279 ejus
1482 2240 1560 2279 pu-

143 2295 329 2346 gnaverit
370 2295 591 2335 adversum
629 2311 734 2335 eam.
806 2295 1104 2335 Persecutores
1149 2296 1349 2340 ecclesiae
1389 2313 1561 2353 egerunt

264 2503 302 2557 ¹)
335 2501 492 2543 Cantic.
523 2503 557 2552 I,
589 2503 627 2544 5.
744 2503 789 2559 ²)
821 2503 979 2546 Cantic.
1011 2505 1045 2555 I,
1075 2505 1114 2547 5.
1145 2505 1184 2547 6.

263 2573 305 2627 ³)
338 2570 498 2612 Cantic.
529 2573 562 2621 I,
592 2570 630 2614 6.

151 2714 195 2739 CC
230 2640 307 2738 ἰᾗ)
338 2641 438 2737 ³35⁵·
472 2641 700 2697 „excepi.“
756 2641 873 2683 Libri
897 2642 1006 2693 *editi
1036 2644 1093 2700 (e.
1126 2661 1159 2686 c.
1192 2646 1289 2691 edd.
1316 2646 1422 2702 Μ.);
1464 2664 1564 2698 „at--

198 2715 225 2754 P
266 2767 309 2823 ⁵)
340 2768 465 2807 Rom.
496 2767 574 2817 XI,
605 2766 669 2811 11.
748 2814 752 2818 .
790 2767 834 2823 ὃ)
866 2769 952 2811 Cfr.
983 2771 1109 2812 Rom.
1140 2772 1217 2824 XI,
1248 2773 1314 2819 31.

262 2837 305 2892 7)
337 2836 495 2878 Cantic.
527 2838 560 2888 I,
591 2837 629 2881 6.
751 2838 796 2892 8)
829 2838 988 2882 Cantic.
1020 2843 1052 2892 I,
1085 2842 1122 2886 6.
