1738 3134
260 150 316 197 18
660 150 881 192 Oamams
910 162 955 191 m
986 150 1283 194 Ezncnnzmm

259 261 490 306 salvatoris
519 261 653 303 nostri
681 278 805 304 voces
835 263 878 304 in
908 263 1142 319 prophetis,
1173 263 1438 316 indignantis,
1471 264 1567 320 quia
1597 281 1683 305 non

258 340 458 383 faciamus
487 339 680 382 homines
710 340 832 394 digna
862 340 1173 396 dispensatione
1199 340 1301 398 ejus,
1332 353 1373 382 et
1395 341 1574 382 maxime
1594 359 1685 392 ηοε,

258 418 330 474 qui
368 417 411 458 in
450 433 547 458 eum
585 430 785 473 putamur
823 419 1007 459 credere.
1074 418 1194 459 Dicit
1234 419 1391 475 quippe
1432 420 1485 460 ad
1522 431 1687 475 patrem

256 511 400 536 suum:
432 511 565 551 „quae
594 495 632 551 ¹)
657 495 815 536 utilitas
834 495 875 535 in
904 495 1101 548 sanguine
1131 512 1243 545 men,
1275 497 1375 536 dum
1407 497 1616 537 descendo
1643 496 1686 536 in

256 571 603 628 corruptionem?
662 572 880 629 Numquid
913 573 1184 613 confitebitur
1214 573 1290 613 tibi
1322 574 1482 629 pulvis,
1514 585 1585 614 aut
1614 589 1684 613 an-

252 649 463 690 nuntiabit
509 648 729 691 veritatem
775 649 953 691 ῖιιῑιιιιΡιι
1033 650 1208 691 Invenio
1255 667 1426 707 quoque
1476 662 1516 691 et
1560 649 1683 690 aliam

252 726 491 768 istiusmodi
521 743 692 778 vocem,
731 743 835 783 quae
868 743 915 767 ex
947 728 1176 769 salvatoris
1207 728 1340 769 nostri
1370 744 1551 783 persona
1581 727 1683 767 dici-

250 816 320 845 tur
355 821 433 860 per
468 804 745 860 prophetam,
793 816 1064 860 quaerentem
1102 806 1259 846 animas
1300 805 1444 860 plenas
1485 803 1681 861 justitiae,

248 882 395 936 plenas
422 897 618 921 sensuum
645 880 901 931 divinorum,
931 882 1076 937 plenas
1107 894 1348 923 sanctorum
1378 883 1607 931 fmctuum,
1640 893 1679 921 et

249 970 521 1014 quaerentem
552 958 593 1015 ²)
645 957 830 998 veritatis
875 974 996 999 veros
1041 961 1214 1009 botros,
1266 961 1340 1000 sed
1391 959 1679 1000 invenientem

245 1035 455 1091 plurimos
494 1046 738 1091 peccatores
777 1047 819 1076 et
856 1035 1058 1077 inferaces
1097 1038 1333 1087 bonorum,
1379 1048 1419 1077 et
1450 1036 1585 1077 idciro
1618 1036 1679 1075 ‹li-

246 1124 434 1154 centem:
473 1112 592 1163 „heu
618 1111 660 1167 ³)
692 1111 819 1162 mihi,
862 1112 960 1168 quia
989 1115 1122 1155 factus
1154 1132 1247 1155 sum
1277 1103 1384 1155 sicut
1412 1114 1485 1170 qui
1515 1113 1679 1165 colligit

243 1189 445 1245 stipulam
474 1189 517 1229 in
546 1205 695 1239 messe,
728 1201 768 1229 et
797 1189 905 1230 sicut
935 1208 1124 1232 racemos
1152 1192 1194 1232 in
1221 1192 1446 1241 vindemia,
1477 1193 1528 1232 ad
1552 1207 1677 1246 quam

242 1282 329 1307 non
360 1266 542 1323 supersit
570 1267 720 1306 botrus
742 1267 795 1306 ad
812 1268 1151 1308 manducandum
1170 1269 1442 1325 primitiva!“
1489 1269 1614 1318 „Heu
1635 1267 1675 1323 ⁴²)

242 1344 407 1386 mihi!“
467 1343 600 1398 Quod
640 1343 815 1385 dicitur:
865 1344 985 1394 „heu
1010 1346 1049 1397 ⁵)
1087 1345 1248 1388 mihi!“
1287 1363 1375 1387 non
1416 1357 1478 1386 est
1514 1344 1676 1401 primo-

240 1421 371 1475 geniti
399 1420 530 1462 totius
562 1432 787 1470 creaturae,
817 1437 904 1461 non
935 1433 998 1462 est
1029 1421 1259 1463 divinitatis
1290 1439 1385 1472 vox,
1425 1424 1499 1463 sed
1529 1423 1675 1461 huma-

239 1515 318 1539 nae
356 1496 541 1548 animae,
579 1514 705 1554 quam
735 1498 933 1555 suscepit.
994 1497 1118 1539 Unde
1151 1498 1298 1539 insert:
1339 1499 1458 1549 „heu
1487 1499 1528 1555 ⁶)
1567 1498 1673 1538 mihi

237 1575 377 1616 anima
405 1591 513 1626 mea,
545 1574 643 1630 quia
669 1575 798 1631 periit
826 1587 1039 1616 revertens
1070 1592 1093 1617 a
1123 1587 1258 1626 terra,
1290 1588 1356 1627 et,
1387 1576 1459 1633 qui
1491 1576 1671 1628 corrigat

238 1651 348 1693 inter
377 1651 591 1701 homines,
629 1668 716 1692 non
757 1653 840 1694 est!
901 1653 1060 1694 Omnes
1099 1653 1141 1694 in
1181 1654 1378 1707 sanguine
1417 1654 1669 1712 judicantur,

235 1728 524 1785 unusquisque
562 1728 806 1784 proximum
835 1746 957 1770 suum
990 1730 1208 1772 tribulat.“
1267 1732 1382 1773 Haec
1414 1731 1548 1772 idciro
1579 1748 1668 1772 rne-

234 1818 399 1847 morata
427 1817 537 1856 sunt,
571 1806 667 1862 quia
698 1806 754 1847 ait
778 1807 1030 1863 prophetes:
1064 1819 1135 1858 „et
1156 1809 1196 1864 ⁷)
1229 1825 1306 1861 ego
1328 1825 1441 1849 eram
1460 1808 1501 1848 in
1522 1809 1664 1850 medio

234 1882 486 1940 captivitatis
506 1881 619 1940 juxta
637 1884 797 1924 flumen
816 1884 1006 1925 Chobar:
1022 1891 1047 1909 “
1078 1886 1194 1940 quod
1219 1886 1521 1940 interpretatur
1550 1901 1666 1937 „gra-

232 1961 426 2002 vitudo.“
485 1959 634 2000 Gravis
665 1971 805 2000 autem
837 1972 899 2000 est
928 1960 1050 2018 hujus
1080 1962 1238 2002 saeculi
1269 1962 1443 2012 fluvius,
1483 1962 1591 2002 sicut
1623 1973 1663 2001 et

230 2037 332 2079 alibi
361 2048 518 2079 sacrate
550 2036 717 2078 dicitur.
777 2036 833 2077 Et
870 2036 984 2094 juxta
1012 2038 1227 2094 simplices
1259 2056 1428 2095 quoque
1458 2039 1501 2094 8)
1532 2039 1662 2079 histo-

228 2115 337 2156 riam
366 2114 570 2170 explicat:
609 2113 724 2171 juxta
755 2131 827 2155 eos
858 2131 985 2166 vero,
1016 2115 1088 2171 qui
1108 2116 1394 2172 ‚spiritualiter
1423 2115 1661 2170 Scripturas

228 2192 428 2243 audiunt,
459 2182 511 2232 de
542 2190 680 2232 anima
709 2191 934 2245 significat,
968 2209 1072 2248 quae
1103 2193 1145 2233 in
1176 2193 1285 2235 vitae
1315 2192 1434 2234 istius
1464 2191 1659 2233 inciderit

225 2269 428 2311 turbines.
487 2268 666 2324 „Super
695 2267 737 2325 9)
784 2269 960 2311 flumina
996 2269 1227 2327 Babylonis
1277 2270 1337 2311 ibi
1382 2269 1565 2310 sedimus
1617 2279 1657 2308 et

345 2460 386 2516 ¹)
417 2459 572 2501 Psalm.
595 2459 733 2509 XXX,
764 2459 802 2502 9.
836 2460 1038 2515 (XXIX.)

341 2530 385 2586 ²)
414 2530 493 2570 Ed.
523 2528 657 2570 Buaei
688 2529 797 2569 sola:
840 2541 1096 2584 quaerentes.

338 2600 381 2655 ³)
412 2599 660 2647 Mich.V11‚
692 2598 730 2641 1.
759 2594 766 2599 ’
851 2599 893 2654 ⁴)
926 2598 1012 2640 Csr.
1044 2598 1174 2640 Mich.
1194 2601 1290 2648 VH,
1324 2600 1358 2642 1.

337 2669 380 2725 ⁵)
412 2669 498 2711 Csr.
531 2667 662 2710 Mich.
683 2669 780 2718 VII,
810 2668 845 2711 1.
966 2670 1008 2724 6)
1040 2669 1169 2710 Mich.
1195 2670 1290 2719 Vll,
1322 2669 1359 2711 2.

334 2740 376 2796 ⁷)
407 2738 558 2780 Ezech.
590 2739 622 2788 Ῑ,
656 2738 692 2781 1.

331 2810 376 2865 ὃ)
408 2809 517 2850 Edd.
548 2806 741 2848 Moruni:
786 2823 974 2864 quosque
1004 2808 1221 2849 historiam
1253 2809 1440 2864 replicat.

329 2879 374 2936 ⁹)
403 2866 564 2922 Psalmq
590 2877 850 2930 cxxxvn,
891 2878 928 2922 1.
956 2879 997 2922 2.
1029 2878 1068 2924 3⁴
1102 2879 1383 2938 (CXXXVI.)
