1759 3134
237 153 320 197 412
527 153 750 193 Omoemus
780 163 826 193 m
858 151 1042 194 CAN‘rtc.
1074 152 1378 195 CANnconum

235 280 324 309 tum
357 278 415 315 tu,
447 281 552 321 quae
582 265 758 320 pulchra
791 281 832 305 es
863 264 906 305 in
937 263 1198 314 mulieribus,
1229 266 1451 321 praecellis
1484 279 1524 307 et
1555 269 1667 310 evin-

237 346 293 386 cis
325 360 470 385 omnes
499 342 682 399 reliquas
712 342 890 391 animas,
937 358 1042 398 quae
1084 342 1219 383 adhuc
1260 342 1403 400 jugum
1436 345 1665 387 Pharaonis

233 432 416 479 portant,
448 431 489 461 et
518 436 699 461 sessores
730 419 817 478 ejus
847 420 1082 476 patiuntur:
1114 418 1182 459 vel
1206 431 1315 461 certe
1348 421 1520 477 quod¹)
1553 422 1669 477 equi-

234 511 342 541 tatus
379 498 447 539 hic
488 513 630 548 meus,
681 496 753 554 qui
793 497 959 538 lavacro
999 512 1130 553 aquae
1168 498 1414 549 mundatus,
1467 515 1596 554 purus
1629 511 1668 540 et

234 575 434 618 candidus
463 576 596 617 factus
629 586 712 624 est,
753 585 795 615 et
824 575 998 616 verbum
1030 574 1115 616 Dei
1155 574 1310 616 meruit
1350 575 1503 616 habere
1535 592 1666 617 sesso-

233 670 344 704 rem,
390 669 438 695 ex
487 652 677 694 curribus
731 664 935 694 assumtus
987 664 1048 694 est
1091 652 1334 695 Pharaonis.
1403 654 1507 694 Inde
1554 654 1666 695 enim

234 748 380 774 omnes
418 730 594 772 veniunt
635 730 876 781 credentes,
927 730 1023 788 quia
1064 729 1253 772 Christus
1300 729 1416 771 venit
1462 730 1508 773 in
1557 732 1668 773 hunc

232 811 460 859 mundum,
491 819 736 865 peccatores
767 807 905 850 salvos
935 809 1086 849 facere.
1146 808 1242 849 Hoc
1289 823 1388 861 ergo
1418 809 1550 850 modo
1590 826 1669 865 po-

232 898 312 928 test
333 885 545 943 explanari
565 885 763 927 versiculi
781 885 903 944 hujus
921 902 1063 928 sensus
1081 903 1088 926 :
1122 884 1325 942 equitatui
1348 902 1460 936 meo,
1493 885 1564 942 qui
1588 885 1670 926 fuit

232 975 327 1006 ante
357 963 398 1005 in
432 962 622 1005 curribus
654 963 905 1014 Pharaonis,
945 975 987 1005 et
1014 980 1126 1005 nunc
1159 963 1348 1020 sequitur
1376 980 1445 1005 me
1475 963 1518 1005 in
1551 964 1668 1021 equis

232 1043 360 1092 albis,
401 1041 645 1098 purificatus
676 1040 720 1082 in
736 1041 779 1096 ²)
812 1041 979 1082 lavacro
1011 1057 1166 1097 aquae,
1200 1041 1383 1083 similem
1414 1053 1455 1082 te
1486 1041 1668 1083 arbitror

230 1120 423 1178 proxima
450 1135 556 1160 mea.
606 1118 762 1159 Beatae
787 1132 884 1169 ergo
907 1128 1003 1157 sunt
1028 1116 1128 1158 illae
1157 1117 1332 1169 animae,
1364 1135 1467 1175 quae
1492 1121 1665 1161 dorsum

230 1215 351 1239 suum
384 1206 677 1244 curvaverunt,
709 1205 758 1235 ut
788 1193 1018 1249 suscipiant
1046 1210 1253 1236 sessorem
1283 1197 1460 1237 verbum
1485 1196 1570 1237 Dei
1599 1214 1664 1238 su-

229 1293 307 1333 per
346 1292 412 1326 se,
454 1286 495 1316 et
525 1275 644 1315 frena
676 1271 763 1329 ejus
793 1270 1032 1328 patiuntur,
1063 1284 1135 1323 ut,
1181 1290 1434 1331 quocunque
1466 1275 1557 1333 ipse
1592 1293 1666 1317 vo-

231 1352 370 1403 luerit,
400 1352 541 1393 flectat
573 1368 639 1393 eas
662 1383 673 1401 ‚
722 1361 763 1391 et
793 1361 885 1403 agat
912 1349 1084 1391 habenis
1115 1364 1442 1409 praeceptorum
1470 1371 1665 1396 suorum:

230 1430 326 1487 quia
355 1429 437 1488 jam
468 1446 555 1471 non
584 1429 762 1486 propria
793 1428 1009 1470 voluntate
1057 1428 1280 1481 incedunt,
1318 1432 1392 1473 sed
1431 1434 1484 1474 ad
1525 1434 1666 1474 omnia

229 1509 442 1549 ducuntur
486 1519 526 1548 et
561 1509 822 1549 reducuntur
870 1507 1088 1549 voluntate
1135 1509 1318 1550 sessoris.
1388 1510 1443 1551 Et
1479 1511 1665 1553 fortassis

227 1585 442 1627 videbitur
470 1588 703 1627 secundum
733 1587 836 1636 hoc,
886 1586 1002 1641 quod
1046 1602 1093 1626 ex
1123 1586 1268 1627 multis
1300 1587 1515 1630 animabus
1563 1606 1662 1631 con-

229 1675 396 1718 gregata
429 1675 489 1705 est
521 1665 722 1715 ecclesia,
751 1675 793 1705 et
825 1663 1067 1720 exemplum
1096 1664 1204 1706 vitae
1235 1665 1398 1722 accepit
1427 1683 1449 1707 a
1481 1666 1664 1718 Christo,

229 1743 346 1799 quod
376 1758 463 1783 non
492 1753 579 1783 tam
609 1743 661 1783 ab
691 1742 783 1799 ipsa
814 1742 968 1784 deitate
1008 1741 1127 1783 verbi
1156 1742 1241 1784 Dei
1278 1744 1512 1800 aeceperit,
1559 1761 1664 1801 quae

228 1820 376 1876 utique
408 1820 696 1877 supereminet
727 1837 798 1862 eos
829 1832 965 1870 actus,
1005 1820 1072 1861 vel
1104 1822 1300 1872 affectus,
1341 1821 1414 1878 qui
1443 1823 1494 1863 ad
1527 1839 1664 1864 exem-

225 1899 347 1956 plum
387 1898 477 1940 dari
515 1899 758 1940 hominibus
789 1899 991 1941 debeant:
1037 1899 1111 1939 sed
1154 1898 1228 1940 illa
1258 1899 1418 1950 anima,
1467 1917 1570 1957 quae
1601 1919 1662 1943 as-

226 1989 363 2019 sumta
395 1988 456 2018 est
486 1979 537 2018 ab
570 1994 635 2027 eo,
665 1977 708 2019 in
740 1993 821 2033 qua
850 1976 932 2017 fuit
961 1993 1121 2018 summa
1152 1976 1360 2033 perfectio
1380 2011 1390 2028 ,
1420 1978 1496 2019 illa
1525 1979 1579 2020 sit
1608 1982 1659 2021 ad

228 2056 471 2111 exemplum
501 2054 654 2111 posita,
696 2066 737 2096 et
766 2055 855 2111 ipsa
886 2055 1050 2097 dicatur
1081 2055 1148 2096 hic
1177 2055 1370 2112 proxima
1399 2073 1510 2098 mea:
1545 2057 1660 2114 cujus

231 2133 555 2174 similitudinem
584 2133 738 2174 habere
769 2134 921 2174 debeat
951 2133 1077 2174 etiam
1109 2134 1307 2184 ecclesia,
1335 2150 1440 2190 quae
1473 2151 1520 2176 ex
1550 2137 1660 2176 mul-

224 2211 274 2253 tis
308 2223 582 2264 congregatur
611 2210 849 2260 animabus,
881 2211 964 2252 illis
995 2210 1177 2260 scilicet,
1210 2227 1315 2267 quae
1344 2215 1462 2267 prius
1493 2213 1658 2254 fuerant

223 2291 300 2332 sub
331 2288 429 2346 jugo
464 2300 505 2330 et
536 2288 725 2330 curribus
755 2288 1007 2338 Pharaonis,
1050 2300 1091 2329 et
1138 2288 1346 2344 equitatus
1375 2290 1556 2331 Domini
1586 2307 1658 2347 ap-

223 2368 449 2424 pellantur.
487 2366 640 2421 >Quae
688 2377 830 2407 autem
881 2382 928 2407 ex
981 2367 1140 2408 duabus
1181 2367 1389 2423 expositio
1432 2369 1657 2410 convenire

222 2445 353 2498 magis
393 2443 618 2501 proposito
670 2443 877 2485 versiculo
926 2443 1139 2495 videatur,
1187 2445 1388 2501 probabis
1426 2447 1551 2489 etiam
1595 2460 1656 2500 tu,

223 2522 297 2579 qui
332 2522 447 2576 legis.

340 2599 577 2655 „Quam³)
609 2599 823 2656 speciosae
854 2601 989 2642 factae
1027 2613 1122 2642 sunt
1159 2618 1286 2655 genae
1324 2613 1420 2642 tuae
1459 2614 1655 2660 tanquam

224 2677 414 2728 turturis,
447 2676 586 2719 cervix
616 2688 687 2718 tua
716 2677 823 2719 sicut
853 2678 1113 2721 redimicula.
1127 2685 1152 2704 “
1202 2680 1322 2722 Ordo
1355 2681 1550 2724 dramatis
1579 2683 1655 2723 hu-

345 2839 385 2896 ¹)
418 2838 527 2881 Edd.
559 2839 622 2884 M.
653 2839 817 2897 ,‚qui.“
938 2843 981 2899 ²)
1011 2842 1144 2885 Deest
1175 2842 1290 2894 „in“
1321 2842 1364 2885 in
1394 2845 1492 2887 edd.
1522 2844 1585 2886 M.

340 2908 386 2965 ³)
420 2909 578 2952 Cantic.
609 2911 644 2962 I,
676 2909 740 2955 10.
