1759 3134
628 161 676 191 m
705 147 997 190 Ezsscmssuzm
1439 150 1520 197 211

676 259 708 284 <6

100 277 203 316 ωμα
233 262 309 316 τῆς
339 258 471 314 δόξης
499 265 669 318 κυρίου.

99 339 221 381 δέπω
265 335 495 393 προσώπῳ
540 334 654 395 πρὸς
704 333 956 394 πρόσωπον
994 334 1048 379 τὰ
1090 335 1342 396 πράγματα
1378 355 1521 382 κατα-

762 260 857 301 Καὶ
887 257 940 301 οὐ
971 258 1260 318 θαυμαστὸν,
1291 261 1331 305 εἰ
1356 260 1400 304 οἵ
1425 278 1519 320 μη-

100 420 223 459 νοεῖν
252 412 525 470 δυνάμενοι,
564 411 749 457 πάντων
789 412 977 456 ἐκείνων
1017 410 1282 471 ὁμοιώματα
1319 419 1519 471 βλέπου-

97 507 185 546 σιν,
220 489 290 535 ὅτε
322 490 553 540 ἀξιοῦνται
583 493 661 535 τοῦ
702 494 909 548 θεωρεῖν.
985 494 1168 546 Νομίζω
1210 491 1286 549 δὲ,
1335 491 1402 537 ὅτι
1439 496 1517 537 καὶ

97 568 289 611 ἐνύπνια
329 570 433 624 περὶ
471 570 562 611 τῶν
603 568 842 622 βασιλειῶν
879 569 1011 625 μέχρι
1052 568 1127 621 τῆς
1157 571 1410 619 συντελείας
1438 572 1517 612 καὶ

93 647 169 699 τῆς
209 642 496 694 ἀναστάσεως
529 647 707 699 βλέπων
745 641 945 698 Δανιὴλ,
988 644 1039 687 ἒν
1075 649 1309 702 φαντασία
1340 645 1514 702 ἐγίνετο

95 722 403 778 δεικνυμένων
441 717 743 776 ὁμοιωμάτων
782 718 917 776 αὐτῷ.
993 718 1121 764 Οὕτω
1152 720 1268 765 κατά
1298 719 1422 782 ὕπαρ
1453 739 1516 772 τις

92 802 296 854 βλέπων,
347 801 635 852 τυπουμένου
679 796 799 853 αὐτῷ
848 799 927 840 τοῦ
974 795 1253 854 ἡγεμονικοῦ
1298 799 1388 844 ἀπὸ
1431 803 1513 844 τοῦ

92 877 376 933 προφητικοῦ
419 870 697 930 πνεύματος,
753 871 1022 933 ὁμοιώματα
1077 891 1178 918 τινα
1225 873 1510 933 φαντάζεται,

93 949 344 1007 συμβολικὰ
374 953 464 993 τῶν
495 948 750 1004 ἀληθινῶν·
781 949 843 1007 μὴ
876 949 1196 1010 συγχωρούσης
1233 955 1310 1008 τῆς
1338 953 1510 999 ἀνακε-

90 1031 351 1086 κραμμένης
378 1023 517 1083 πάχει
546 1029 622 1069 καὶ
652 1024 813 1083 γεώδει
842 1026 1016 1085 σώματι
1047 1032 1198 1085 ψυχῆς
1214 1033 1509 1086 τρανέστερον

90 1107 167 1149 καὶ
198 1101 481 1163 σαφέστερόν
508 1120 550 1147 τι
581 1107 825 1160 θεωρῆσαι.
890 1109 1177 1163 Σημειωτέον
1217 1106 1269 1150 δὲ
1300 1109 1406 1162 νῦν,
1441 1105 1510 1151 ὅτι

91 1180 114 1226 ὁ
143 1179 262 1239 ἀνὴρ
294 1179 374 1225 οὐκ
405 1180 674 1225 ἀνενδέδυτο
705 1179 898 1241 ποδήρη,
933 1181 1045 1225 ἀλλὰ
1078 1179 1256 1238 στολήν.
1323 1182 1504 1228 Ἐπειδὶ

89 1257 179 1316 γὰρ
210 1260 394 1315 ἔμελλεν
425 1254 633 1301 ἀκούειν·
664 1262 872 1313 ,,εἴσελθε
890 1260 931 1316 1)
960 1263 1021 1309 εἷς
1048 1258 1099 1304 τὸ
1127 1263 1273 1317 μέσον
1290 1262 1381 1305 τῶν
1401 1277 1509 1318 τρο-

83 1337 185 1392 χῶν
225 1331 438 1377 ὑποκάτω
477 1336 567 1377 τῶν
614 1339 866 1394 Χερουβὶμ,
909 1339 987 1379 καὶ
1025 1339 1204 1391 πλῆσον
1243 1334 1321 1386 τὰς
1354 1336 1510 1397 χεῖράς

89 1427 172 1455 σου
204 1408 448 1469 ἀνθράκων
478 1408 684 1470 πυρός·“
713 1412 806 1455 ἔδει
836 1411 974 1457 αὐτὸν
1002 1411 1277 1472 ἱλαρώτερον
1306 1413 1508 1472 ἀμφιέν-

89 1493 271 1542 νυσθαι,
303 1492 542 1544 καθαίρειν
580 1490 805 1544 μέλλοντα
835 1485 940 1544 τὴν,
984 1486 1137 1538 καθώς
1175 1486 1302 1535 εἶπεν
1340 1492 1391 1536 ἓν
1418 1497 1511 1543 τοῖς

88 1563 177 1624 πρὸ
208 1561 382 1621 τούτου,
415 1567 776 1625 πεπληρωμένην
804 1561 941 1610 πόλιν
972 1563 1174 1625 ἀνδρῶν.

516 1912 787 1972 Κεφάλαιον
816 1912 1074 1959 ἑνδέκατον.

203 2030 350 2086 „02²)
388 2030 617 2085 λέγοντες·
662 2025 765 2083 οὐχὶ
792 2025 1075 2085 προσφάτως
1115 2027 1431 2088 ᾠκοδόμηνται
1464 2036 1512 2076 αἱ

94 2108 282 2151 οῗκίαι.“
338 2104 384 2150 Ὁ
416 2109 522 2154 νοῦς
552 2107 632 2150 τοῦ
662 2107 968 2163 προκειμένου
997 2103 1200 2155 τοιοῦτός
1241 2108 1384 2152 ἔστιν·
1428 2101 1510 2154 οὗ-

92 2201 175 2239 τοι,
208 2185 337 2241 φησὶ,
369 2186 576 2240 λέγουσι,
618 2184 781 2226 νεωστὶ
817 2179 1012 2236 ’ὁρῶντες
1051 2180 1143 2226 ἀπὸ
1180 2186 1254 2238 τῆς
1281 2201 1511 2243 προγενο-

92 2265 231 2316 μένης
272 2263 581 2317 αἰχμαλωσίας
621 2260 1009 2315 οἰκοδομηθεῖσαν
1046 2257 1127 2314 τὴν
1166 2258 1326 2305 πόλιν·
1371 2261 1437 2308 ὅτι
1475 2268 1514 2310 εἰ

94 2340 169 2380 καὶ
214 2336 493 2396 προσφάτως
537 2334 854 2395 ᾠκοδόμηνται
892 2338 940 2379 αἱ
981 2339 1139 2392 οἰκίαι,
1190 2336 1282 2381 ἀλλ’
1324 2338 1514 2395 ἡπόλις

95 2413 204 2469 αὕτη
246 2415 362 2460 ἔοικε
401 2418 546 2470 λέβητι
584 2416 927 2473 πεπληρωμένῳ
969 2418 1141 2474 νεκρῶν
1177 2420 1516 2474 περιεχομένων

95 2490 170 2534 ὑπ’
206 2480 356 2535 αὐτοῦ’.
435 2494 538 2534 Τῶν
567 2492 618 2535 δὲ
648 2491 699 2535 ἐν
731 2494 791 2548 τῷ
825 2494 970 2546 λέβητι
1002 2494 1147 2549 κρεῶν
1176 2489 1318 2548 λόγον
1349 2494 1514 2552 ἐπέχο-

94 2584 183 2625 μεν
222 2567 372 2624 ἡμεῖς,
424 2569 501 2611 τοῦ
548 2570 639 2611 τῶν
675 2571 986 2623 Βαβυλωνίων
1023 2567 1165 2626 πυρὸς
1201 2576 1518 2630 περικειμένου

96 2644 232 2702 ἡμῖν,
279 2643 336 2693 ὠς
374 2642 438 2702 μὴ
480 2641 705 2687 δύνασθαι
752 2642 874 2700 ἡμᾶς
913 2651 1082 2703 ([υγεΐν
1121 2644 1213 2690 ἀπὸ
1243 2649 1320 2703 τῆς
1348 2647 1522 2707 φλογὸς

96 2725 176 2766 τοῦ
210 2723 300 2765 τῶν
329 2724 564 2776 πολεμίων
595 2718 748 2778 πυρός.
815 2720 923 2763 Ἀλλ’
959 2720 1040 2764 οὐκ
1073 2720 1237 2776 ἀληθές
1265 2724 1383 2781 ἐστι,
1426 2741 1519 2783 φη-

216 2874 254 2927 Ι)
286 2872 372 2916 Cfr.
404 2872 553 2916 Ezech.
587 2875 641 2923 X,
674 2872 711 2916 2.
833 2872 877 2926 2)
908 2872 1061 2916 Ezech.
1093 2874 1172 2923 XI,
1203 2875 1240 2919 3.

1076 2950 1169 2995 14*
