1759 3134
259 104 341 147 256
554 108 774 147 Omessms
805 118 848 146 m
883 106 1062 146 CANTIC.
1096 106 1396 147 CANTmoaUM

260 234 354 258 nem
387 217 474 259 auri
507 218 729 267 faciemus,
769 235 852 259 non
896 219 1005 258 enim
1033 217 1076 271 Ι)
1106 218 1306 259 habemus
1340 234 1499 259 aurum.
1560 220 1612 260 Et
1637 224 1680 276 Δ)

259 297 300 336 in
340 297 420 336 hoc
467 311 636 351 quoque
675 297 913 337 laetandum
955 308 1035 344 est,
1081 295 1115 334 si
1157 295 1453 336 similitudines
1493 297 1606 346 auri,
1651 299 1683 338 si

255 375 447 425 stigmata
476 373 675 414 faciamus
706 374 875 426 argenti.
925 370 1320 428 ,‚Si1nilitu‹lines³)
1360 373 1448 414 auri
1483 374 1681 415 faciemus

258 451 349 500 tibi,
383 467 477 491 cum
507 450 767 503 stigmatibus
798 451 953 506 argenti
966 457 1004 500 ‚“
1039 467 1182 490 verum
1212 466 1297 490 non
1330 450 1445 490 omni
1476 462 1683 507 tempore,

259 529 330 568 sed
363 529 499 568 donec
529 545 705 584 sponsus
738 540 833 568 tuus
864 541 1001 582 surgat
1034 545 1053 568 a
1087 528 1243 568 cubitu.
1306 529 1413 569 Cum
1455 528 1566 568 enim
1609 528 1680 568 ille

259 606 505 655 surrexerit,
544 606 633 661 ipse
673 605 749 645 tibi
789 622 959 655 nurum,
1015 606 1102 661 ipse
1143 605 1266 646 saciet
1304 618 1543 658 argentum,
1592 606 1681 661 ipse

259 694 370 722 tuam
402 693 586 722 mentem
620 699 871 738 sensumque
903 683 1142 732 decorabit,
1182 695 1217 723 vt
1253 683 1331 723 eris
1365 700 1460 723 vere
1493 683 1608 724 dives
1641 683 1681 724 in

256 759 399 814 sponsi
430 760 560 799 domo
591 776 742 815 sponsa
774 762 961 801 formosa
987 759 1055 814 ⁴),
1093 761 1159 801 cui
1193 773 1252 801 est
1283 761 1416 813 gloria
1447 760 1487 801 in
1518 761 1680 802 saecula

256 838 534 878 saeculorum.
597 839 729 877 Amen
747 839 753 879 Y

652 1206 1142 1255 HOMILIA
1220 1207 1286 1254 11.

257 1331 321 1370 Ab
355 1345 404 1369 eo
438 1330 560 1378 loco,
600 1329 642 1370 in
674 1346 757 1386 quo
788 1330 993 1385 scriptum
1025 1341 1105 1370 est:
1153 1331 1341 1379 „nardus
1366 1329 1409 1386 ⁵)
1440 1346 1531 1370 mea
1564 1332 1682 1371 dedit

258 1409 434 1448 odorem
453 1414 634 1448 suum:“
663 1423 795 1463 usque
821 1408 871 1447 ad
899 1424 995 1447 eum
1019 1407 1174 1457 locum,
1207 1408 1250 1449 in
1275 1424 1358 1463 quo
1382 1407 1458 1448 ait:
1493 1408 1617 1464 „quia
1634 1405 1680 1462 ⁶)

367 1501 446 1525 vox
475 1496 546 1525 tua
577 1484 733 1534 suavis,
767 1496 806 1525 et
838 1485 974 1525 forma
1005 1496 1075 1525 tua
1107 1486 1313 1534 decora‚“
1347 1496 1386 1524 et
1419 1496 1567 1526 cetera.

368 1612 405 1654 1.
447 1612 606 1653 Omnes
633 1611 794 1651 animae
817 1611 1030 1651 motiones
1053 1611 1334 1653 universitatis
1353 1610 1549 1651 conditor
1563 1611 1679 1652 Deus

257 1689 413 1731 creavit
441 1690 494 1730 ad
524 1689 706 1728 bonum:
744 1689 818 1728 sed
857 1704 935 1743 pro
977 1705 1055 1729 usu
1085 1700 1230 1730 nostro
1261 1690 1310 1729 fit
1340 1704 1487 1744 saepe,
1524 1700 1572 1728 ut
1602 1705 1680 1738 res,

257 1783 360 1823 quae
400 1767 537 1806 bonae
577 1777 671 1806 sunt
709 1782 787 1821 per
824 1777 1036 1815 naturam,
1076 1766 1178 1806 dum
1214 1766 1324 1806 male
1362 1765 1426 1806 his
1455 1765 1680 1816 abutimur,

255 1861 332 1886 nos
363 1845 416 1885 ad
444 1855 618 1900 peccata
650 1844 872 1884 deducant.
917 1842 1035 1884 Unus
1067 1844 1119 1883 de
1151 1843 1313 1884 animae
1343 1843 1530 1884 motibus
1561 1860 1680 1885 amor

257 1934 330 1972 est,
362 1938 445 1978 quo
476 1922 583 1961 bene
614 1920 775 1961 utimur
803 1921 856 1973 ad
885 1921 1125 1971 amandum,
1156 1921 1191 1961 si
1220 1916 1468 1977 sapientiam
1492 1937 1679 1962 amemus

258 2012 298 2041 et
328 1999 560 2040 veritatem.
622 1997 806 2052 Quando
846 2014 947 2038 vero
987 2013 1107 2038 amor
1144 2010 1289 2039 noster
1328 1998 1371 2039 in
1409 1997 1557 2056 pejora
1587 2015 1678 2039 cor-

256 2077 410 2126 ruerit,
450 2092 636 2116 amamus
677 2090 846 2116 carnem
881 2085 923 2114 et
951 2073 1205 2127 sanguinem.
1265 2076 1333 2116 Tu
1363 2075 1490 2128 igitur
1517 2088 1565 2116 ut
1593 2077 1679 2132 spi-

255 2154 431 2204 ritualis,
461 2153 559 2194 audi
587 2151 863 2208 spiritualiter
891 2151 1095 2192 amatoria
1125 2153 1251 2193 verba
1282 2153 1460 2203 cantari,
1492 2166 1533 2195 et
1563 2154 1675 2195 disce

256 2243 422 2274 motum
460 2230 621 2272 animae
665 2241 783 2279 tuae,
830 2241 871 2269 et
912 2229 1111 2270 naturalis
1150 2230 1306 2271 amoris
1344 2230 1589 2272 incendium
1623 2234 1675 2273 ad

254 2310 434 2352 meliora
461 2309 699 2354 transferre,
728 2307 958 2347 secundum
988 2306 1117 2346 illud:
1149 2305 1329 2362 „ama⁷)
1360 2307 1490 2358 illam,
1524 2321 1562 2349 et
1593 2325 1676 2349 ser—

375 2517 414 2572 ¹)
442 2515 577 2556 Deest
607 2511 756 2562 „enim
772 2517 795 2534 “
815 2497 858 2550 in
890 2511 953 2550 ed.
987 2511 1035 2551 R.

370 2590 410 2640 ²)
440 2585 550 2627 Edd.
582 2580 776 2623 Merlini:
812 2581 866 2621 Et
896 2581 976 2621 hoc
1008 2596 1178 2636 quoque
1211 2594 1287 2622 etc.

369 2657 415 2713 ³)
447 2653 605 2698 Cantic.
635 2653 670 2701 l,
703 2651 768 2694 11.

370 2728 415 2784 ⁴)
449 2726 556 2768 Cod.
588 2721 867 2764 Turonensis:
897 2722 1169 2778 ,‚perfecta.“
1217 2722 1265 2763 R.

372 2800 417 2853 ³)
448 2794 610 2838 Cantic.
638 2792 672 2842 Ι,
703 2791 768 2834 12.
891 2792 936 2838 ⁶)
969 2790 1127 2833 Cantic.
1158 2792 1215 2841 II,
1248 2791 1313 2834 14.

374 2870 417 2924 7)
445 2869 572 2909 Prov.
603 2863 677 2912 IV,
707 2861 745 2904 6.
776 2862 814 2904 8.
