1759 3134
251 124 333 169 128
656 123 873 167 Omassms
903 135 948 166 m
977 123 1272 167 Ezncmnmm

252 238 398 290 tineri,
432 249 472 279 et
503 237 599 293 quia
629 237 893 278 Sodomitica
925 248 965 277 et
995 236 1199 295 Aegyptia
1231 247 1272 277 et
1301 237 1487 295 Assyria,
1527 250 1567 281 ct
1597 240 1675 281 alia

249 315 443 356 universa
473 325 665 368 peccata,
697 330 801 370 quae
835 314 1031 366 castigans
1063 315 1280 370 Scriptura
1312 327 1555 365 enumerat,
1587 333 1676 357 ver-

252 404 397 433 sentur
435 390 477 431 in
517 390 652 432 nobis.
710 391 901 431 Polliciti
940 408 1064 447 supra
1095 408 1236 432 sumus
1267 391 1399 449 majus
1431 392 1591 448 aliquid
1623 394 1673 434 de

254 467 472 523 Scriptura
515 483 592 508 nos
622 467 659 523 ¹)
707 484 793 509 esse
843 468 1041 510 dicturos.
1119 469 1334 509 Sodomae
1378 469 1418 509 in
1463 470 1673 511 saturitate

250 544 392 600 panis,
434 555 475 585 et
503 544 545 584 in
575 545 827 586 abundantia
858 557 981 601 atque
1015 545 1202 595 deliciis,
1233 558 1275 586 et
1305 545 1542 586 istiusmodi
1574 562 1672 600 pec-

249 622 347 663 catis
379 621 640 677 delinquenti
673 623 737 663 lex
770 622 980 678 loquitur:
1013 623 1216 673 „attende
1241 623 1283 678 ²)
1315 622 1417 672 tibi,
1447 638 1500 662 ne
1534 638 1674 663 come-

249 701 348 740 dens
381 710 422 739 et
450 698 596 739 bibens
627 700 835 755 repletus,
875 712 915 740 et
947 701 1097 740 domos
1127 701 1258 740 bonas
1297 698 1544 748 aedificans,
1585 697 1674 738 ovi-

247 778 323 816 bus
361 775 444 816 tuis
476 787 517 815 et
546 776 682 816 bobus
714 776 795 816 tuis
827 777 1119 832 multiplicatis
1151 776 1251 826 tibi,
1296 787 1467 828 argento
1500 787 1541 816 et
1570 791 1670 815 auro

247 851 551 908 multiplicatus
592 852 847 894 obliviscaris
887 854 1122 894 Dominum
1162 854 1345 894 Dcum.“
1413 852 1468 893 Et
1507 852 1549 893 in
1588 852 1672 892 alio

248 931 346 970 loco
371 930 438 984 ³):
476 929 744 970 manducavit
786 942 827 970 et
864 931 973 972 bibit
1004 943 1044 972 et
1073 942 1277 972 saturatus
1311 942 1371 972 est
1402 942 1443 970 et
1473 930 1670 970 incrassa-

247 1020 326 1058 tus,
358 1006 640 1048 recalcitravit
658 1006 699 1062 ⁴)
731 1007 923 1050 dilectus.
976 1008 1142 1049 Similia
1171 1007 1234 1048 his
1267 1008 1470 1049 Salomon
1503 1007 1542 1047 in
1575 1023 1674 1062 pro-

245 1084 397 1125 verbiis
429 1084 505 1124 ait:
539 1084 817 1133 „constituite
847 1085 889 1140 ⁵)
921 1085 1023 1125 mihi
1055 1097 1194 1126 autem
1224 1085 1454 1125 necessaria
1486 1096 1525 1125 et
1556 1084 1672 1124 sussi-

245 1162 418 1211 cienfia,
447 1171 494 1200 ut
523 1176 609 1200 non
639 1161 826 1216 repletus
857 1163 1037 1203 mendax
1066 1161 1187 1210 fiam,
1220 1173 1261 1201 et
1291 1161 1448 1201 dicam:
1482 1161 1571 1216 quis
1602 1177 1669 1201 me

245 1237 389 1279 videt?
425 1248 496 1277 aut
536 1252 657 1288 egens
698 1238 834 1287 furer,
875 1249 915 1278 et
944 1237 1093 1295 jurabo
1126 1253 1283 1277 nomen
1311 1236 1438 1277 Dei.“
1497 1237 1672 1292 Simpli-

245 1314 431 1371 citerque
462 1313 710 1365 dicendum,
750 1314 845 1370 quia
883 1313 989 1355 nihil
1027 1313 1085 1355 sic
1125 1313 1167 1354 in
1208 1313 1486 1366 arrogantiam
1517 1313 1668 1364 elevet,

241 1404 289 1433 ut
322 1391 490 1432 divitiae
522 1403 564 1432 et
592 1391 795 1442 saturitas,
829 1404 870 1433 et
901 1392 1018 1432 cibus
1050 1408 1180 1447 opum
1210 1391 1504 1447 plurimarum,
1536 1390 1671 1443 digni—

241 1481 301 1510 tas
333 1485 503 1525 quoque
535 1480 575 1509 et
605 1479 802 1524 potestas.
852 1468 927 1509 Est
953 1480 1093 1509 autem
1125 1468 1247 1508 etiam
1279 1470 1332 1509 ad
1362 1469 1514 1510 altiora
1541 1480 1672 1509 trans-

241 1562 425 1600 gressum
455 1545 612 1594 videre,
644 1545 740 1600 quia
769 1545 1009 1601 superbiam
1041 1546 1286 1601 frequenter
1315 1545 1510 1595 nutriam,
1541 1545 1574 1586 si
1607 1544 1669 1584 ‹li-

241 1624 386 1664 vinum
416 1638 655 1663 sermonem
684 1621 958 1673 intellexero,
998 1623 1031 1663 si
1071 1622 1302 1678 sapientior
1343 1622 1490 1663 ceteris
1532 1623 1666 1663 fuero.

242 1699 465 1751 „scientia
488 1699 532 1755 ⁶)
564 1697 723 1754 quippe
753 1698 921 1749 inflat‚“
951 1715 1039 1739 non
1070 1714 1145 1750 ego
1179 1698 1289 1748 dico,
1319 1699 1392 1739 sed
1422 1699 1666 1754 Apostolus.

240 1778 296 1819 Et
335 1777 434 1818 ideo
473 1792 645 1827 vereor,
683 1791 736 1816 ne
777 1786 818 1816 et
857 1775 946 1831 ipse
985 1775 1196 1816 sustollar.
1254 1775 1421 1816 Dantur
1458 1786 1499 1815 et
1539 1775 1668 1815 chari-

241 1867 371 1896 smata
400 1855 454 1895 ad
484 1853 529 1894 id
560 1853 676 1909 quod
706 1852 889 1908 expedit.
939 1851 986 1894 Si
1015 1853 1067 1893 ad
1098 1853 1180 1893 hoc
1205 1853 1368 1902 dantur,
1398 1852 1512 1908 quod
1545 1867 1667 1907 expe-

243 1932 317 1982 dit,
349 1931 439 1988 quis
472 1941 532 1972 est
562 1930 650 1981 ille,
686 1930 753 1971 cui
782 1946 869 1971 non
901 1929 1098 1985 expedit?
1152 1930 1208 1971 Et
1239 1947 1312 1970 cur
1341 1946 1426 1970 non
1459 1929 1665 1985 expediat,

239 2010 348 2050 audi.
409 2007 593 2050 Inferior
621 2007 791 2065 subjicit
820 2007 1106 2056 inflationem,
1147 2018 1186 2047 et
1226 2007 1432 2062 quandam
1468 2006 1665 2061 placitio-

239 2103 336 2126 nem
367 2084 444 2135 sui‚
476 2086 576 2125 dum
607 2101 650 2125 se
679 2095 800 2140 putat
831 2084 941 2125 inter
971 2095 1131 2124 ceteros
1164 2083 1360 2124 eminere.
1421 2085 1557 2139 Saepe
1587 2083 1660 2136 igi-

240 2176 310 2204 tur
336 2162 527 2204 saturitas
555 2178 713 2218 panum
745 2173 786 2203 et
816 2161 1067 2202 abundantia
1095 2161 1268 2202 materia
1301 2172 1360 2201 est
1391 2160 1661 2213 arrogantiae.

238 2242 374 2297 Saepe
415 2252 555 2281 autem
596 2252 637 2280 et
675 2240 726 2280 de
768 2238 1054 2295 spiritualibus
1096 2239 1218 2279 donis
1247 2238 1468 2294 superbiae
1501 2238 1660 2279 crimen

238 2319 436 2368 exoritur,
469 2329 509 2358 et
537 2333 623 2358 non
655 2328 715 2357 est
744 2316 972 2372 utrobique
1004 2314 1240 2357 discrimen.
1288 2316 1445 2356 Tantus
1470 2315 1533 2355 vir
1559 2332 1661 2371 apo-

236 2396 369 2436 stolus
398 2395 553 2436 Paulus
591 2393 870 2436 necessarium
912 2393 1057 2434 habuit
1097 2392 1322 2449 colaphum
1367 2393 1501 2446 angeli
1544 2394 1660 2435 Sata-

233 2509 295 2516 β..

352 2577 393 2633 ¹)
423 2578 588 2618 Desunt
618 2578 764 2618 verba:
797 2592 908 2627 „nos
941 2581 1078 2627 esse,“
1107 2576 1149 2616 in
1183 2577 1248 2618 ed.
1278 2574 1424 2616 Ruaei.

349 2648 393 2704 2)
425 2648 510 2691 Cfr.
541 2650 669 2690 Deut.
700 2647 816 2698 VIII,
847 2646 1041 2690 11-14,

351 2717 393 2775 3)
423 2718 509 2759 Cfr.
540 2720 668 2761 Deut.
700 2719 883 2769 XXXII,
915 2718 982 2761 15.

350 2788 392 2844 ⁴)
421 2788 531 2830 Edd.
560 2789 754 2830 Merlini:
788 2800 828 2829 et
857 2788 1149 2829 recalcitravit.

348 2858 394 2913 ⁵)
423 2858 549 2901 prov.
581 2860 719 2911 xxx,
748 2859 788 2904 8.
819 2858 857 2902 9.
979 2859 1022 2916 ὃ)
1054 2858 1139 2900 cfr.
1172 2857 1192 2898 1
1213 2856 1311 2899 cor.
1345 2856 1462 2906 vm,
1495 2855 1530 2898 1.
