1759 3134
229 127 312 173 300
522 125 743 169 Omossms
772 138 817 169 n<
850 126 1031 170 CAN‘rm.
1063 126 1363 172 CAN'rrconmt

229 242 395 285 dicitur.
456 241 511 283 Et
550 241 648 282 ideo
689 241 793 283 dicit.
822 240 1040 297 Scriptura
1063 241 1127 297 ¹),
1169 242 1286 298 quia,
1326 241 1360 283 si
1391 241 1537 284 caritas
1567 261 1650 287 ma-

228 333 302 363 net
321 320 366 376 ²)
403 318 445 360 in
482 319 628 371 nobis,
666 320 784 362 Deus
824 320 867 361 in
897 319 1020 360 nobis
1050 331 1203 362 manet.
1264 320 1380 362 Deus
1410 332 1571 371 autem,
1607 322 1650 364 id

229 411 313 448 est,
344 409 464 454 pater
494 408 536 439 et
564 395 698 447 filius,
728 397 800 454 qui
831 409 872 438 et
902 396 1075 438 veniunt
1104 398 1159 439 ad
1191 401 1309 450 eum',
1339 398 1411 456 qui
1440 399 1654 456 perfectus

228 477 271 518 in
311 474 480 518 caritate
520 486 605 526 est,
643 476 877 517 secundum
916 476 1091 516 verbum
1121 475 1301 518 Domini
1345 488 1386 518 et
1424 477 1653 528 salvatoris,

229 553 428 597 dicentis:
469 553 594 607 „Ego
620 552 665 609 ³)
698 564 739 594 et
770 565 890 608 pater
922 553 1134 595 veniemus
1165 554 1218 595 ad
1249 570 1367 606 eum,
1404 566 1445 596 et
1473 555 1655 598 mansio-

227 649 323 675 nem
362 631 565 674 faciemus
599 631 713 688 apud
754 637 892 673 eum.“
952 631 1182 674 Sciendum
1213 648 1311 687 ergo
1339 633 1382 690 ⁴)
1413 645 1496 684 est,
1539 635 1656 691 quod

225 712 329 753 haec
360 710 530 760 caritas,
572 725 677 766 quae
707 710 825 751 Deus
858 722 941 761 est,
982 727 1077 753 cum
1109 710 1152 752 in
1182 710 1326 768 aliquo
1358 711 1508 762 fuerit,
1549 712 1655 753 nihil

225 802 453 840 terrenum,
484 787 591 830 nihil
622 788 853 839 materiale,
885 788 992 830 nihil
1024 788 1301 846 corruptibile
1333 789 1485 843 diligit.
1544 790 1658 832 Con-

225 880 288 910 tra
317 857 509 910 naturam
539 881 719 923 namque
751 877 812 907 est
843 866 903 917 ei,
945 866 1222 923 corruptibile
1265 867 1427 925 aliquid
1468 866 1656 921 diligere,

226 964 322 989 cum
363 946 453 1003 ipsa
476 946 518 1002 ⁵)
558 944 611 986 sit
651 943 982 1001 incorruptionis
1021 946 1128 987 fons.
1188 945 1285 1001 Ipsa
1318 957 1379 987 est
1409 945 1521 988 enim
1551 946 1655 998 sola,

225 1041 330 1083 quae
358 1024 485 1065 habet
516 1021 900 1064 immortalitatem:
934 1022 969 1064 si
999 1022 1173 1080 quidem
1192 1023 1308 1065 Deus
1331 1023 1373 1080 6)
1405 1023 1549 1066 caritas
1580 1036 1654 1075 est,

224 1103 297 1160 qui
335 1101 449 1144 solus
489 1101 615 1141 habet
639 1100 680 1155 ⁷)
720 1099 1110 1151 immortalitatem,
1150 1100 1291 1142 lucem
1325 1101 1514 1143 habitans
1544 1101 1657 1143 inac-

224 1179 473 1223 cessibilem.
538 1177 657 1233 Quid
697 1190 836 1220 autem
860 1177 907 1228 ⁸)
945 1177 1061 1219 aliud
1100 1177 1415 1229 immortalitas,
1454 1178 1534 1220 nisi
1574 1180 1655 1220 vita

223 1269 390 1301 aeterna
422 1258 504 1307 est,
536 1272 662 1312 quam
694 1257 890 1298 daturum
920 1271 963 1297 se
994 1254 1210 1311 promittit
1238 1255 1356 1297 Deus
1390 1255 1656 1298 credentibus

222 1337 267 1379 in
304 1336 445 1393 ipsum
485 1334 627 1376 solum
666 1350 812 1376 verum
851 1334 1016 1384 Deum,
1059 1346 1121 1385 et,
1169 1349 1296 1392 quem
1335 1333 1471 1385 misit,
1510 1334 1656 1377 Jesum

223 1413 452 1464 Christum,
482 1411 621 1453 filium
652 1410 770 1471 ejus?
826 1411 1062 1468 Propterea
1091 1427 1188 1465 ergo
1220 1411 1263 1453 in
1294 1411 1456 1469 primis,
1490 1424 1532 1454 et
1562 1425 1656 1455 ante

225 1491 367 1534 omnia
404 1491 486 1532 hoc
526 1490 708 1532 amabile
749 1501 791 1532 et
828 1489 1033 1546 placitum
1056 1489 1098 1543 9)
1139 1489 1292 1531 dicitur
1333 1506 1419 1533 esse
1448 1491 1571 1543 Deo,
1608 1503 1656 1533 ut

223 1570 315 1628 quis
354 1569 501 1623 diligat
541 1568 779 1609 Dominum
820 1569 965 1610 Deum
1005 1585 1127 1610 suum
1170 1585 1218 1610 ex
1256 1580 1351 1610 toto
1395 1571 1524 1611 corde
1561 1587 1653 1623 δυο,

224 1660 266 1690 et
307 1664 355 1689 ex
396 1659 486 1689 tota
525 1646 664 1689 anima
700 1663 796 1695 sua,
837 1658 878 1687 et
920 1662 969 1687 ex
996 1646 1098 1687 totis
1129 1645 1287 1688 viribus
1317 1646 1413 1689 suis.
1471 1647 1527 1689 Et
1558 1649 1654 1705 quia

221 1727 340 1769 Deus
373 1725 520 1768 caritas
563 1736 646 1776 est,
687 1736 728 1766 et
766 1723 901 1776 filius,
945 1723 1017 1781 qui
1057 1741 1106 1765 ex
1134 1724 1233 1767 Deo
1274 1737 1356 1776 est,
1397 1725 1541 1768 caritas
1581 1738 1656 1779 est,

222 1804 286 1847 sui
325 1804 463 1847 simile
503 1803 665 1861 aliquid
701 1802 881 1860 requirit
918 1803 960 1845 in
1000 1803 1145 1845 nobis:
1181 1814 1229 1844 ut
1266 1804 1479 1860 perhanc
1511 1804 1658 1847 carita-

222 1895 331 1934 tem,
364 1898 470 1940 quae
502 1894 564 1924 est
594 1881 638 1923 in
670 1880 838 1923 Christo
869 1881 993 1932 Jesu,
1036 1881 1108 1939 qui
1139 1893 1201 1924 est
1234 1881 1401 1933 caritas,
1437 1883 1554 1924 velut
1585 1901 1657 1925 co-

221 1973 343 2015 gnata
374 1961 552 2019 quadam
584 1977 662 2018 per
693 1959 875 2003 caritatis
907 1976 1064 2002 nomen
1090 1960 1294 2002 affinitate
1312 1960 1547 2003 sociemur:
1577 1962 1656 2004 sic-

222 2052 271 2081 ut
301 2051 343 2082 et
372 2038 468 2091 ille,
509 2039 581 2097 qui
610 2037 695 2096 jam
726 2038 976 2098 conjunctus
1008 2037 1069 2090 ei,
1100 2037 1289 2081 dicebat:
1331 2038 1459 2096 „quis
1479 2040 1546 2096 ¹⁰)
1577 2057 1654 2083 nos

345 2201 385 2258 ¹)
419 2201 505 2245 Cfr.
537 2201 723 2243 IJoann.
756 2202 830 2253 IV,
864 2201 929 2245 12.

336 2272 379 2327 2)
412 2273 512 2314 RIss.
554 2272 634 2322 „in
663 2273 809 2323 nobis,
849 2273 968 2313 Deus
998 2270 1040 2312 in
1071 2271 1231 2313 nobis“
1263 2284 1340 2315 etc.
1400 2274 1516 2317 Libri
1549 2276 1650 2321 editi

218 2330 278 2386 (v.
311 2346 344 2372 c.
379 2330 485 2373 edd„
506 2329 617 2385 M.):
650 2329 729 2380 „in
761 2329 905 2379 vobis,
937 2330 1055 2370 Deus
1085 2328 1127 2370 in
1158 2328 1317 2371 x·0bis“
1348 2343 1425 2374 etc.
1472 2333 1522 2377 R.

334 2400 383 2456 ³)
414 2400 493 2441 Ev.
525 2400 674 2442 Joann.
707 2401 824 2452 XIV,
855 2400 923 2444 23.

336 2471 379 2528 ⁴)
410 2471 577 2512 Desunt
606 2472 758 2513 verba:
792 2487 926 2525 „ergo
961 2478 1078 2523 est,“
1110 2472 1151 2515 in
1183 2474 1277 2516 edd.
1308 2476 1368 2518 Μ.

337 2542 384 2598 ⁵)
413 2542 522 2582 Edd.
553 2541 749 2583 Merlini:
779 2541 882 2598 ipse.

335 2613 380 2669 ⁶)
410 2612 520 2653 Edd.
553 2612 748 2654 Merlini:
782 2625 843 2655 est
873 2614 992 2656 Deus
1025 2616 1193 2670 caritas,
1226 2618 1298 2676 qui
1329 2631 1408 2663 etc.

336 2682 379 2739 ⁷)
412 2682 497 2724 Cfr.
530 2682 551 2723 I
575 2683 685 2726 Tim.
716 2684 790 2734 VI,
824 2683 888 2728 16.

337 2752 382 2810 ⁸)
411 2752 547 2794 Deest
576 2760 793 2805 „autem“
825 2755 868 2797 in
900 2758 995 2799 edd.
1026 2758 1087 2801 M.

336 2823 381 2879 9)
409 2822 520 2867 Edd.
551 2824 752 2867 Merlini:
783 2826 1012 2882 placidum.

311 2893 392 2955 ¹⁰)
423 2895 547 2939 Rom.
580 2896 699 2949 VIII,
730 2895 796 2942 39.
829 2898 930 2940 coll.
961 2897 1028 2944 35.
