1759 3134
679 108 818 148 LmER
849 107 904 147 ΙΙ.
1424 104 1502 148 431

89 222 266 262 odorem
302 227 483 261 suum:“
533 231 573 259 et
610 218 732 267 vide,
770 218 804 258 si
840 234 1061 272 possumus
1104 217 1238 258 adhuc
1271 217 1395 258 etiam
1426 217 1506 256 hoc

90 299 130 338 in
164 299 260 338 loco
291 296 523 348 intelligere
555 295 786 351 praesenti,
820 295 957 349 quod,
989 295 1022 334 si
1053 296 1220 350 quando
1254 294 1506 335 valuerimus

91 377 244 427 integre
278 385 318 414 et
349 374 548 414 decenter
577 387 786 427 exponere
810 372 871 416 vde
902 371 1055 412 deitate
1090 372 1256 422 Christi,
1288 373 1505 412 virtutem-

90 468 169 507 que
210 451 296 508 ejus
340 466 385 491 ac
429 449 686 508 majestatem
733 448 864 500 dignis
912 449 1209 490 assertionibus
1250 450 1505 502 consignare,

91 541 188 568 tunc
220 527 403 568 fortassis
433 527 585 567 merito
616 527 738 575 dicet,
770 527 838 566 vel
870 525 1043 566 ecclesia
1075 526 1170 577 illa,
1200 527 1269 567 vel
1299 526 1506 583 animast),

89 623 191 662 quae
222 605 283 646 ita
311 604 528 645 manifeste
559 603 749 659 potuerit
779 603 956 656 gloriam
988 603 1074 661 ejus
1107 621 1336 660 exponere:
1378 621 1507 655 „nar-

88 685 163 724 dus
179 684 220 740 2)
255 700 349 723 mea
379 683 496 723 dedit
536 682 713 722 odorem
742 688 904 721 suum.“
962 684 1051 723 Mc
1082 683 1238 723 mirum
1269 682 1404 723 videri
1435 683 1508 723 de·

86 763 178 811 bet,
222 761 257 802 si
287 759 497 810 Christus,
542 759 899 815 quemadmodum
943 759 1037 800 fons
1076 771 1158 811 est,
1204 762 1302 818 et³)
1332 760 1506 802 flumina

87 854 215 895 aquae
255 838 374 879 vivae
416 839 469 878 de
511 853 560 878 eo
609 837 867 893 procedunt,
914 848 954 877 et
992 838 1351 893 quemadmodum
1386 839 1504 894 panis

90 928 171 967 est,
202 928 244 958 et
271 916 400 956 vitam
431 916 522 964 dat,
558 914 616 956 ita
648 926 687 955 et
716 916 870 956 nardus
901 926 982 964 est,
1014 926 1055 956 et
1086 917 1263 956 odorem
1292 915 1505 971 reddit⁴)‚

90 1005 130 1035 et
159 1005 416 1046 unguentum
449 1004 529 1042 est,
572 1009 654 1048 quo
686 992 758 1049 qui
789 993 905 1034 uncti
933 992 1108 1042 suerint,
1142 992 1296 1034 Christi
1325 993 1503 1049 fiunt⁵)‚

88 1072 193 1113 sicut
225 1071 326 1112 dicit
354 1071 397 1111 in
427 1071 612 1126 psalmo:
661 1070 827 1120 „nolite
846 1071 888 1124 6)
918 1081 1086 1123 tangere
1118 1070 1304 1113 Christos
1334 1087 1464 1112 meos.
1479 1076 1503 1095 “

86 1150 142 1191 Et
182 1151 357 1190 fortasse
394 1148 625 1189 secundum
663 1147 792 1198 illud,
839 1149 954 1203 quod
993 1148 1096 1189 dicit
1136 1148 1391 1204 Apostolus,
1439 1147 1502 1188 his

88 1227 185 1283 „qui
203 1228 242 1283 ⁷)
276 1225 520 1267 exercitatos
554 1225 708 1266 habent
736 1241 878 1266 sensus
905 1226 957 1266 ad
984 1225 1279 1266 discretionem
1301 1225 1405 1266 boni
1436 1226 1504 1266 vel

87 1305 229 1355 mali‚“
250 1304 420 1356 singulis
447 1303 679 1360 quibusque
711 1301 898 1343 sensibus
927 1304 1088 1343 animae
1119 1302 1279 1354 singula
1313 1319 1502 1358 quaeque

88 1383 273 1426 Christus
304 1381 497 1422 efficitur.
556 1381 720 1421 Idcirco
761 1380 873 1421 enim
905 1392 945 1420 et
977 1397 1118 1420 verum
1162 1381 1305 1421 lumen
1336 1380 1501 1431 dicitur,

86 1473 132 1501 ut
171 1461 348 1500 habeant
387 1458 503 1499 oculi
540 1457 725 1508 animae,
771 1475 854 1513 quo
904 1457 1217 1499 illuminentur:
1260 1457 1419 1498 idcirco
1461 1468 1502 1497 et

89 1540 274 1587 verbum,
304 1548 351 1577 ut
380 1536 559 1577 habeant
588 1552 718 1585 aures,
750 1538 864 1591 quod
896 1536 1083 1576 audiant:
1120 1535 1280 1577 idcirco
1312 1547 1354 1576 et
1382 1536 1502 1591 panis

91 1617 210 1666 vitae,
238 1627 286 1655 ut
313 1613 518 1667 habeatss)
550 1625 689 1665 gustus
721 1613 895 1663 animae,
929 1614 1045 1669 quod
1075 1614 1275 1666 degustet.
1334 1613 1499 1654 Idcirco

90 1710 186 1746 ergo
230 1705 271 1733 et
309 1702 569 1744 unguentum
607 1691 675 1731 vel
713 1692 863 1732 nardus
905 1691 1162 1746 appellatur,
1209 1703 1256 1732 ut
1293 1692 1442 1732 habeat
1458 1691 1501 1748 ⁹)

91 1772 289 1812 odoratus
320 1768 479 1809 animae
509 1768 773 1820 fragrantiam
803 1768 932 1808 verbi.
992 1768 1158 1809 Idcirco
1198 1780 1239 1809 et
1277 1769 1501 1826 palpabilis

91 1861 131 1890 et
160 1865 285 1889 manu
313 1845 540 1887 tractabilis
560 1845 639 1902 ¹⁰),
670 1857 710 1886 et
740 1847 915 1886 verbum
946 1862 1041 1887 caro
1072 1847 1228 1887 factum
1260 1846 1426 1898 dicitur,
1456 1859 1503 1889 ut

89 1925 221 1982 possit
250 1922 459 1965 interioris
496 1922 658 1964 animae
687 1939 832 1964 manus
864 1922 1102 1975 contingere
1134 1924 1185 1965 de
1216 1925 1346 1965 verbo
1378 1925 1499 1967 vitae.

90 2003 205 2044 Haec
242 2014 381 2043 autem
420 2001 561 2043 omnia
600 2018 732 2043 unum
770 2012 894 2057 atque
933 2000 1049 2042 idem
1089 2014 1150 2043 est
1187 2003 1363 2044 verbum
1399 2003 1497 2054 Dei,

209 2241 247 2295 ¹)
277 2239 384 2280 Edd.
416 2239 478 2280 M.
509 2238 679 2289 „anima
710 2238 802 2290 illa,
838 2247 980 2296 quae“
1011 2252 1088 2281 etc.

205 2311 248 2364 2)
279 2308 435 2351 Cantic.
469 2310 501 2359 Ι,
534 2309 598 2352 12.

139 2438 164 2478 d
207 2380 248 2435 ³)
278 2379 390 2420 Edd.
419 2379 480 2420 M.
523 2391 598 2429 „et
627 2381 784 2421 flumen
822 2396 950 2436 aquae
990 2380 1129 2421 vivae:
1177 2381 1228 2421 de
1279 2397 1361 2437 quo
1402 2398 1501 2438 pro-

90 2454 133 2479 ce
167 2448 252 2477 unt.
268 2442 292 2460 ‘⁴

206 2508 248 2562 ⁴)
278 2506 388 2547 Edd.
420 2506 479 2547 M.
512 2505 710 2556 ‚‚dedit.“
830 2507 870 2562 ⁵)
899 2506 1008 2548 Edd.
1039 2507 1099 2548 M.
1132 2506 1315 2557 ‚‚fiant.“

203 2578 250 2633 ⁶)
279 2576 432 2617 Psalm.
464 2576 550 2627 CV,
582 2575 646 2619 15.
767 2576 807 2632 ⁷)
840 2576 925 2620 Cfr.
956 2577 1086 2619 Hehr.
1117 2577 1167 2626 V,
1201 2576 1265 2620 14.

205 2648 246 2705 ⁸)
278 2647 385 2688 Edd.
416 2647 477 2687 M.
510 2646 715 2696 „habeant
740 2657 878 2698 gustus
893 2647 1068 2698 animae,
1101 2648 1218 2703 quod
1240 2649 1501 2701 degustent.“

207 2718 248 2772 ⁹)
278 2717 387 2757 Edd.
419 2716 479 2757 M.
513 2716 775 2766 ‚‚habeant.“

183 2790 247 2843 ¹⁰)
277 2787 385 2829 Edd.
438 2787 497 2827 Μ.
557 2786 837 2835 „tractabilist
899 2789 1071 2828 verbum
1125 2789 1280 2831 sactum
1336 2791 1503 2841 dicitur,

90 2851 170 2886 ut“
201 2855 277 2885 etc.
