1759 3134
283 151 363 195 158
684 152 902 194 Omenms
931 164 976 194 IN
1005 152 1300 194 Ezsscnmm-:m

282 263 489 305 custodiat
519 272 813 304 testamentum
843 279 998 313 meum,
1029 275 1075 304 ut
1105 275 1256 305 statuat
1287 264 1409 314 illud,
1441 274 1482 304 et
1513 262 1696 306 discedat

280 343 331 381 ab
363 357 438 389 e0‚
477 352 523 380 ut
551 340 689 380 mittat
718 341 896 382 nuncios
925 357 1021 381 suos
1053 341 1095 381 in
1126 342 1375 398 Aegyptum.
1437 342 1539 391 Iste,
1576 342 1648 397 qui
1678 358 1699 382 a

279 418 676 459 Nabuchodonosor
704 431 880 474 propter
908 430 1078 474 peccata
1108 435 1180 459 sua
1210 429 1420 459 tormenta
1450 418 1698 473 perpetitur,

281 508 321 535 et
359 494 490 535 mittit
524 496 700 536 nuncios
738 513 836 537 suos
879 497 920 536 in
951 499 1189 553 Aegyptum
1225 511 1311 535 non
1342 497 1478 536 ferens
1508 494 1698 534 traditio-

278 589 398 622 nem,
437 588 517 627 qua
547 573 657 613 hosti
689 590 907 614 concessus
940 586 999 614 cst
1031 591 1051 613 a
1082 574 1202 622 Deo,
1240 583 1287 612 ut
1324 574 1394 613 det
1426 572 1463 612 ei
1496 588 1624 626 equos
1657 582 1695 611 et

277 650 487 705 populum
530 650 734 700 multum,
774 650 817 690 id
857 652 1019 706 poscit,
1056 651 1170 706 quod
1212 649 1251 689 in
1284 649 1368 689 alio
1397 651 1438 703 ¹)
1470 649 1566 689 loco
1598 664 1697 703 pro-

276 727 456 766 hibitum
497 738 579 767 est:
624 743 709 767 non
737 730 779 781 ²)
828 729 937 768 enim
982 727 1285 783 multiplicabis
1324 727 1401 767 tibi
1440 742 1594 782 equos,
1640 725 1696 765 ait

277 803 505 858 Scriptura.
567 804 649 852 „Si
672 804 716 860 3)
755 804 977 857 dirigetur,
1017 805 1048 845 si
1089 803 1335 852 salvabitur,
1376 803 1446 858 qui
1487 801 1587 842 facit
1625 802 1695 841 ad-

276 896 413 930 versa,
461 892 502 921 et
539 881 827 935 praevaricans
866 888 1205 923 testamentum.·‘
1282 880 1544 935 Oportuerat
1583 894 1693 925 eum,

274 958 347 1014 qui
375 958 550 998 traditus
581 960 716 998 fuerat
744 970 1038 1000 testamentum
1055 959 1463 1005 Nabuchodonosor,
1493 954 1696 995 sustinere

273 1035 552 1091 supplicium:
584 1052 729 1075 verum
759 1053 845 1076 non
876 1039 1062 1086 sustinet,
1095 1048 1135 1077 et
1164 1036 1322 1076 idcirco
1356 1033 1509 1074 dicitur
1535 1032 1586 1072 de
1619 1047 1691 1071 eo:

275 1129 398 1162 „non
426 1112 695 1152 salvabim1-.“

385 1188 423 1230 4.
470 1189 606 1238 „Vivo
627 1188 668 1241 ⁴)
703 1203 794 1239 ego,
825 1188 928 1229 dicit
956 1188 1122 1229 Adonai
1152 1188 1377 1236 Dominus,
1407 1187 1487 1227 nisi
1518 1186 1560 1226 in
1593 1186 1691 1224 loco

272 1265 391 1317 regis,
423 1264 496 1320 qui
521 1264 738 1304 constituit
763 1280 872 1314 eum,
905 1266 975 1321 qui
999 1265 1158 1320 spernit
1176 1264 1518 1304 maledictionem
1540 1278 1691 1311 meam,

272 1354 312 1382 et
340 1354 615 1393 transgressus
646 1352 707 1381 est
736 1353 1033 1383 testamentum
1062 1348 1247 1382 meum.“
1305 1341 1381 1381 Est
1405 1340 1587 1396 quidam,
1619 1338 1691 1394 qui

269 1419 494 1460 inhonorat
532 1418 875 1459 maledictionem
904 1419 1010 1469 Dei,
1055 1430 1097 1459 et
1135 1430 1196 1459 est
1233 1418 1361 1467 alius,
1403 1417 1475 1473 qui
1512 1417 1691 1457 honorat

272 1512 374 1536 eam.
435 1497 524 1536 Nec
561 1495 738 1535 dubium
779 1506 858 1544 est,
902 1496 1001 1551 quin
1040 1496 1082 1537 in
1126 1494 1336 1551 praesenti
1376 1495 1427 1534 de
1465 1494 1547 1534 isto
1590 1509 1691 1548 que-

271 1586 386 1614 ratur
399 1574 530 1623 Deus,
563 1573 634 1628 qui
663 1572 1007 1613 maledictionem
1032 1588 1147 1613 suam
1170 1571 1496 1612 inhonoraverit.
1545 1570 1689 1625 Quum

271 1650 383 1690 enim
411 1649 501 1705 quis
531 1650 708 1689 traditus
738 1649 867 1690 fuerit
898 1649 1136 1705 suppliciis,
1175 1660 1223 1688 ut
1255 1647 1490 1700 castigetur,
1533 1659 1573 1687 et
1602 1664 1689 1686 non

269 1725 511 1767 sustinuerit
542 1728 657 1782 quod
687 1737 961 1782 praeceptum
993 1737 1065 1775 est,
1095 1726 1321 1766 inhonorat
1342 1724 1687 1764 maledictionem

268 1804 364 1845 Dei,
425 1803 472 1844 Si
501 1819 602 1844 vero
630 1802 875 1855 sustinuerit
905 1819 1000 1844 cum
1031 1803 1148 1844 omni
1171 1791 1513 1851 mansuetudine,
1545 1812 1586 1841 et
1615 1802 1688 1841 be-

268 1879 533 1929 nedictione,
573 1891 613 1920 et
653 1881 875 1932 gratiarum
914 1880 1079 1921 actione
1121 1881 1173 1920 ad
1201 1880 1363 1928 Deum,
1401 1878 1477 1919 iste
1507 1878 1689 1918 honorat

268 1958 614 1999 maledictionem
653 1957 762 2015 ejus:
805 1969 845 1998 et
884 1974 980 1998 cum
1017 1956 1289 1997 honoraverit
1326 1955 1686 2004 maledictionem,

268 2051 436 2076 necesse
482 2046 563 2084 est,
606 2047 653 2074 ut
696 2034 821 2075 etiarn
856 2033 1199 2075 benedictionem
1238 2033 1354 2073 illius
1393 2043 1683 2087 consequatur.

267 2111 357 2161 „Et
383 2111 426 2166 ⁵)
454 2122 727 2163 transgressus
758 2124 819 2153 est
847 2123 1144 2152 testamentum
1172 2127 1340 2160 meum,
1380 2126 1475 2149 cum
1514 2109 1607 2164 ipso
1640 2109 1683 2150 in

266 2189 409 2229 medio
438 2188 668 2245 Babylonis
697 2188 924 2229 morietur:
964 2201 1006 2229 et
1034 2205 1118 2228 non
1149 2188 1191 2228 in
1222 2187 1374 2228 virtute
1404 2202 1573 2238 magna,
1612 2202 1682 2226 ne-

268 2282 347 2321 que
382 2265 425 2306 in
463 2267 585 2306 turba
621 2266 755 2306 multa
794 2266 919 2307 faciet
947 2266 1110 2307 Pharao
1150 2266 1355 2306 bellum.“
1412 2265 1511 2305 Non
1540 2275 1682 2319 potest

267 2343 318 2393 ei,
350 2343 421 2399 qui
450 2355 723 2396 transgressus
752 2343 892 2394 fuerit,
924 2355 964 2384 et
993 2342 1308 2384 inhonoraverit
1335 2342 1680 2384 maledictionem

265 2491 342 2498 *-
356 2491 589 2496 --—-—-

384 2599 422 2654 ¹)
451 2599 583 2641 Deest
614 2601 769 2651 „alio“
797 2602 841 2642 in
872 2602 935 2643 ed.
966 2602 1110 2644 Ruaei.

379 2670 420 2724 ²)
454 2670 540 2712 Cfr.
570 2671 698 2712 Deut.
729 2672 867 2721 XVII,
900 2671 963 2715 16.
1084 2673 1126 2728 3)
1156 2673 1308 2714 Ezech.
1338 2672 1476 2721 XVII,
1509 2671 1571 2713 15.

379 2740 422 2795 ⁴)
453 2740 539 2782 Cfr.
570 2740 720 2783 Ezech.
750 2743 888 2792 XVII,
921 2742 985 2785 16.
1018 2767 1068 2773 -
1101 2743 1208 2785 Edd.
1239 2741 1432 2785 Merlini:
1467 2740 1568 2781 dicit
1599 2741 1676 2781 do·-

263 2795 399 2837 minus
426 2797 589 2838 adonai.

380 2866 421 2922 ⁵)
453 2867 538 2909 Cfr.
570 2867 721 2909 Ezech.
751 2868 889 2919 XVII,
922 2868 985 2912 16.
1017 2868 1082 2912 17.
