1759 3134
665 146 863 187 HommA
892 143 943 183 V.
1451 137 1505 180 73

95 277 187 301 mus
216 260 448 316 Apostolus
486 258 688 307 sentiens,
729 257 999 312 loquebatur:
1042 251 1324 303 „novissimus
1353 252 1391 308 ¹)
1431 251 1509 291 ini-

97 337 229 377 micus
261 338 497 378 destruetur
525 340 694 376 mors:“
733 334 897 374 audebo
929 330 1091 379 dicere,
1121 330 1194 370 sed
1224 327 1509 379 „novissimus

97 412 291 452 inimicus
323 413 560 453 destruetur
586 417 742 451 mors.“
797 409 899 450 Fuit
930 407 1101 463 quidam
1122 407 1166 460 ²)
1200 417 1293 445 ante
1328 416 1511 445 mortem

99 489 314 538 inimicus,
361 467 416 529 its
450 501 509 529 est
554 488 800 543 romphaea:
857 485 938 525 fuit
981 484 1150 540 quidam
1193 494 1286 522 ante
1329 492 1512 522 mortem

99 554 304 615 inimicus,
334 566 490 606 bestiae
518 565 744 621 pessimae:
777 561 856 603 fuit
888 561 1058 617 quidam
1088 571 1181 600 ante
1208 558 1358 599 bestias
1384 557 1514 613 pessi-

102 658 188 681 mas
215 641 421 692 inimicus,
450 644 592 683 fames.
651 642 767 682 Haec
809 639 948 680 omnia
980 638 1149 679 inimica
1176 648 1270 677 sunt
1299 636 1512 688 religionis

105 719 296 759 inimicis.
358 720 403 761 Si
444 719 554 759 enim
590 735 676 759 non
717 717 775 758 vis
818 716 975 758 amicus
1004 715 1096 756 fieri
1124 716 1220 756 Deo
1252 712 1444 753 invitanti
1473 724 1513 753 te

105 796 154 835 ad
179 795 580 846 reconciliationem,
613 808 654 836 et
677 794 832 836 dicenti
854 810 931 849 per
945 793 1223 849 Apostolum:
1254 793 1458 842 „obsecro
1474 790 1516 846 3)

106 888 179 912 vos
208 889 286 927 per
316 872 526 915 Christum
563 871 826 913 reconciliari
855 872 951 912 Deo
975 876 1020 910 :“
1061 870 1162 926 quid
1204 869 1255 908 de
1286 869 1382 908 Deo
1426 884 1521 908 cau-

107 949 226 997 saris,
268 965 362 988 cum
401 948 443 988 in
485 949 615 990 causis
653 951 729 989 sub
770 949 1039 990 inimicorum
1070 946 1249 1003 imperio
1284 961 1369 986 esse
1400 945 1521 985 volu-

107 1024 204 1065 isti?
261 1027 326 1065 An
356 1025 519 1077 ignoras
550 1026 709 1066 idcirco
739 1026 882 1067 Deum
912 1025 955 1065 in
985 1026 1176 1082 Aegypto
1208 1022 1426 1064 immisisse
1457 1024 1522 1062 fu-

109 1119 249 1142 rorem
289 1114 329 1142 et
358 1102 483 1152 iram,
524 1114 563 1143 et
603 1103 854 1155 angustiam,
899 1101 1202 1142 immissionem
1239 1118 1316 1157 per
1355 1101 1522 1153 angelos

110 1179 336 1234 pessimos,
377 1179 473 1235 quia
502 1179 662 1220 inimici
691 1180 805 1220 illius
840 1191 974 1229 erant,
1019 1191 1059 1219 et
1088 1180 1139 1219 ab
1171 1178 1257 1235 ejus
1288 1177 1522 1218 adversario

112 1256 385 1307 regebantur?
443 1257 600 1296 Procul
639 1268 778 1296 autem
816 1256 951 1296 absint
988 1272 1009 1295 a
1046 1256 1169 1296 nobis
1211 1254 1390 1310 quatuor
1431 1255 1526 1295 ista-

115 1349 208 1371 rum
239 1332 443 1388 supplicia
477 1349 724 1388 poenarum,
754 1334 896 1382 fames,
929 1332 1086 1373 bestiae
1113 1330 1330 1387 pessimae,
1361 1330 1526 1383 gladius

114 1425 239 1449 mors.
300 1409 521 1464 Quidquid
564 1409 672 1449 enim
711 1410 862 1449 horum
904 1409 1031 1449 fuerit
1059 1408 1247 1456 illatum,
1274 1408 1326 1447 ad
1357 1423 1428 1447 eos
1459 1423 1529 1447 ve-

114 1486 195 1535 nit,
237 1486 307 1541 qui
346 1486 506 1526 inimici
535 1485 621 1526 Dei
663 1498 777 1525 sunt:
817 1485 973 1526 amicos
1015 1484 1100 1541 ejus
1131 1483 1353 1539 praeterit,
1390 1499 1527 1539 neque

115 1579 260 1603 ausum
292 1574 352 1603 est
384 1580 454 1604 eos
487 1563 748 1615 contingere,
793 1562 864 1618 qui
907 1563 956 1602 de
990 1561 1075 1619 ejus
1104 1559 1411 1601 necessitudine
1442 1560 1532 1613 glo-

118 1639 287 1681 riantur.
346 1640 401 1680 Et
442 1641 660 1696 quomodo
709 1641 759 1679 de
799 1639 891 1691 igne
929 1641 1035 1680 bene
1078 1639 1283 1679 creditum
1324 1649 1383 1678 cst
1420 1637 1533 1678 Scri-

119 1718 253 1773 pturis
291 1717 557 1767 testantibus,
598 1717 694 1771 quia
733 1727 940 1756 transeant
980 1732 1055 1770 per
1094 1731 1190 1754 eum
1218 1713 1338 1770 justi,
1378 1725 1418 1753 et
1446 1730 1532 1754 non

122 1796 441 1835 comburantur:
502 1792 861 1850 „uniuscujusque
886 1793 926 1847 ⁴)
973 1791 1083 1832 enim
1134 1807 1239 1845 opus
1292 1790 1414 1846 quale
1466 1790 1532 1839 sit,

123 1871 225 1923 ignis
255 1871 508 1926 probabit:“
546 1870 604 1910 sic
636 1882 676 1910 et
706 1870 747 1910 in
779 1869 839 1910 his
871 1868 1088 1925 suppliciis
1118 1865 1352 1907 inveniatur
1387 1865 1535 1922 aliquis

123 1948 300 1997 Daniel,
331 1949 423 1987 No&
455 1958 496 1986 et
525 1947 633 1996 Job,
667 1958 707 1986 et
736 1946 839 1986 nihil
871 1961 1103 2000 poenarum
1134 1943 1366 1984 sustinebit.

234 2024 273 2067 3.
318 2024 432 2064 Haec
462 2022 701 2077 specialiter
729 2039 808 2078 per
834 2021 994 2074 singula
1023 2020 1231 2076 supplicia
1258 2020 1538 2076 exposuimus,

125 2117 228 2157 quae
259 2100 301 2140 in
331 2112 513 2141 extrema
541 2112 660 2155 parte
688 2100 732 2140 in
760 2116 892 2139 unum
921 2098 1130 2154 propheta
1161 2097 1428 2148 consocians,
1459 2098 1537 2138 ait:

126 2179 262 2229 „haec
290 2177 330 2233 ⁵)
370 2177 471 2218 dicit
512 2176 674 2217 Adonai
711 2176 941 2217 Dominus:
982 2175 1016 2216 si
1054 2187 1194 2216 autem
1234 2186 1415 2229 quatuor
1453 2175 1541 2215 vin-

131 2255 259 2295 dictas
300 2271 411 2295 meas
440 2254 661 2310 pessimas,
698 2253 994 2309 romphaeam,
1034 2264 1075 2292 e‘t
1104 2252 1281 2301 famem,
1323 2263 1364 2291 et
1391 2252 1542 2293 bestias

127 2330 347 2385 pessimas,
388 2342 428 2370 et
464 2343 646 2372 mortem
676 2331 934 2371 immisero.“
994 2328 1124 2383 Quo?
1181 2329 1277 2369 Non
1307 2345 1434 2384 super
1462 2341 1542 2369 ter—

130 2424 238 2456 ram,
277 2408 350 2447 sed
380 2425 540 2464 „super
562 2408 604 2465 6)
634 2408 909 2449 Jerusalem.“
969 2408 1099 2447 Terra
1131 2405 1242 2447 enim
1271 2405 1305 2446 si
1334 2406 1543 2461 puniatur,

252 2548 288 2602 ')
323 2548 456 2589 IC01.
487 2549 579 2597 XV,
611 2548 676 2590 ‘26-

249 2619 291 2669 ²)
321 2617 429 2657 ]⁴L.dd
447 2618 642 2658 Mmlini:
669 2618 838 2673 quidem
867 2629 958 2658 ante
983 2628 1163 2657 mortem
1183 2615 1387 2656 inimicus.
1431 2616 1547 2655 Idem

138 2675 363 2729 romphaea
409 2673 487 2713 suit
532 2674 700 2728 quidam
741 2686 833 2715 ante
867 2686 1061 2738 Jnortem
1106 2672 1310 2713 inimicus.
1384 2671 1548 2712 Bestiae

137 2747 338 2786 pessimae
370 2730 449 2770 suit
480 2730 670 2784 quidam.-
706 2743 800 2771 ante
830 2730 981 2771 bestias
1010 2729 1208 2785 pessimas
1239 2740 1316 2768 etc.

255 2803 296 2856 ³)
330 2801 414 2842 esf.
448 2802 483 2840 11
509 2801 606 2841 co,
636 2801 687 2848 x,
715 2800 780 2843 20.
899 2799 1108 2855 ⁴)lco1.
1145 2798 1318 2847 111,13.

257 2873 296 2927 ὅ)
328 2872 476 2912 met-1..
509 2871 624 2919 xiv,
655 2869 722 2912 21.
845 2871 886 2923 ᾗ)
918 2868 1068 2909 iim-1..
1100 2867 1215 2917 xiv,
1244 2868 1312 2909 21.
