1738 3134
651 126 850 166 HommA
882 126 937 164 ΙΙ.
1450 125 1504 169 39

84 255 176 279 mus
217 238 375 294 quippe
415 250 462 279 ut
501 238 649 294 pignus
682 237 862 292 Spiritus
902 234 1053 285 sancti,
1094 251 1220 292 quem
1250 232 1502 289 accipiemus

83 317 135 356 ad
174 317 350 371 plenum
387 327 613 371 postquam
654 313 834 363 venerit,
880 313 995 368 quod
1039 313 1276 366 perfectum
1316 322 1397 361 est,
1441 311 1501 352 sic

81 393 229 448 pignus
258 393 594 442 resurrectionis,
626 391 721 447 quia
751 390 792 430 in
821 387 1126 430 resurrectione
1156 389 1345 444 perfecta
1370 404 1499 428 nemo

81 470 216 510 adhuc
255 471 477 511 resurrexit
519 471 570 510 de
608 468 743 508 nobis.
802 467 960 507 Verum
1004 477 1145 506 tamen
1186 465 1500 516 resurreximus,

81 546 215 587 Paulo
249 548 433 587 dicente:
465 544 728 601 „consepulti
748 544 785 600 ¹)
816 560 958 584 sumus
976 543 1141 585 Christo
1173 559 1251 598 per
1278 543 1498 597 baptisma,

83 634 123 664 et
160 623 491 664 consurreximus
530 623 608 663 ei.“
666 623 764 662 Non
805 637 902 673 ergo
934 630 1270 669 resurrexerunt,
1310 620 1393 659 hoc
1423 631 1496 670 est,

77 702 259 741 necdum
297 699 612 740 resurrectionis
652 698 858 754 baptisma
898 697 1110 739 consecuti
1149 708 1246 738 sunt
1274 696 1369 736 falsi
1398 712 1498 751 pro-

79 777 242 831 phetae,
275 788 316 817 et
344 777 436 817 falsi
465 776 663 828 magistri,
696 775 768 832 qui
795 777 836 832 ²)
868 775 1115 826 „dicerent,
1144 774 1188 814 in
1220 773 1288 814 die
1317 771 1497 813 Domini

80 854 268 894 videntes
299 869 403 909 quae
434 853 537 894 falsa
566 859 719 894 sunt:“
758 869 894 908 neque
932 852 1158 907 aliquando
1189 862 1366 906 possunt
1397 866 1497 890 cou-

33 934 36 937 ’
79 930 240 986 spicere
278 930 509 973 veritatem.
577 930 737 986 Accipe
776 930 1030 985 exemplum.
1108 927 1196 982 Qui
1235 926 1496 982 Scripturam

79 1007 196 1059 legit,
230 1018 270 1047 et
300 1007 423 1048 aliter
453 1025 577 1064 quam
608 1007 762 1062 scripta
794 1018 854 1047 est
883 1005 1059 1060 accipit,
1089 1005 1352 1061 scripturam
1380 1020 1498 1044 men-

80 1085 237 1126 daciter
267 1084 394 1126 videt.
457 1085 544 1139 Qui
574 1101 673 1126 vero
705 1085 821 1127 audit
852 1084 1128 1140 Scripturam,
1157 1094 1204 1122 ut
1235 1099 1279 1123 se
1312 1079 1497 1121 veritatis

76 1161 312 1202 intellectus
341 1163 478 1212 habet,
511 1175 552 1203 et
579 1164 636 1204 sic
669 1167 761 1203 eam
784 1162 1098 1217 interpretatur,
1126 1159 1243 1199 videt
1262 1157 1494 1198 veritatem.

76 1239 132 1279 Et
165 1238 296 1279 sancti
328 1239 499 1294 quidem
537 1256 624 1280 non
662 1239 859 1280 divinant.
920 1239 1053 1287 „Non
1077 1237 1119 1292 ³)
1151 1235 1264 1276 enim
1294 1232 1496 1275 divinatio

77 1315 120 1355 in
135 1316 310 1356 Jacob.“
354 1317 604 1357 Peccatores
622 1332 721 1356 vero
740 1315 926 1356 divinant
942 1314 1058 1364 falsa,
1075 1312 1281 1353 dicentes:
1307 1311 1436 1361 „haec
1452 1309 1494 1365 4)

78 1392 179 1432 dicit
208 1392 432 1442 Dominus,
464 1404 505 1433 et
533 1393 744 1433 Dominus
772 1409 860 1433 non
889 1390 1002 1431 misit
1039 1396 1153 1431 eos.“
1215 1387 1325 1429 Audi
1353 1388 1497 1427 haere-

77 1468 207 1519 ticos,
245 1470 463 1524 quomodo
504 1470 776 1511 traditionem
806 1468 1118 1524 Apostolorum
1154 1467 1309 1507 habere
1347 1481 1389 1505 se
1433 1462 1495 1503 di-

78 1558 183 1588 cant.
242 1546 355 1588 Audi
394 1547 522 1587 falsos
561 1547 801 1600 magistros,
842 1547 1060 1601 quomodo
1100 1545 1310 1586 affirmant
1340 1539 1498 1582 doctri-

74 1639 170 1663 nam
215 1640 332 1664 suam
370 1624 549 1665 Domini
589 1641 676 1666 esse
715 1623 973 1672 doctrinam,
1017 1639 1184 1663 sensum
1227 1635 1351 1661 suum
1396 1633 1497 1658 con-

75 1716 222 1752 gruere
246 1702 286 1753 5)
326 1701 465 1741 sensui
506 1703 834 1757 prophetarum,
877 1711 918 1740 et
947 1699 1112 1740 dicunt:
1154 1697 1290 1748 „hacc
1318 1696 1359 1748 6)
1394 1693 1496 1734 dicit

74 1776 311 1826 Dominus,
352 1788 393 1816 et
421 1777 633 1818 Dominus
670 1794 757 1821 non
797 1777 909 1819 misit
940 1793 1023 1817 eos.
1082 1776 1139 1816 Et
1169 1782 1400 1828 coeperunt
1428 1787 1496 1811 su—

76 1854 221 1894 scitare
258 1869 509 1894 sermonem.
582 1856 681 1895 Non
718 1853 923 1894 visionem
962 1853 1110 1893 falsam
1147 1848 1370 1891 vidistis?“
1437 1847 1494 1887 Et

77 1931 120 1970 hi
161 1930 273 1971 enim
312 1931 463 1971 volunt
498 1931 541 1971 in
581 1930 872 1971 defensionem
909 1929 974 1969 sui
1010 1930 1218 1985 quendam
1247 1944 1325 1982 pro
1356 1941 1398 1965 se
1429 1941 1496 1964 su-

74 2008 224 2049 scitare
247 2024 500 2057 sermonem,
526 2007 601 2047 sed
625 2006 760 2059 arguit
777 2023 848 2047 eos
866 2006 1090 2056 Dominus,
1116 2017 1156 2046 et
1173 2004 1290 2050 dicit:
1323 2017 1438 2052 „non
1454 2002 1495 2055 ⁷)

77 2085 283 2126 visionem
311 2085 459 2126 falsam
480 2084 654 2135 vidistis,
688 2096 729 2125 et
758 2084 1036 2125 divinationes
1067 2099 1190 2124 vanas
1220 2079 1355 2122 locuti
1386 2077 1496 2126 estis,

79 2175 120 2204 et
151 2162 321 2212 dixistis,
352 2162 454 2203 dicit
471 2161 696 2211 Dominus,
731 2174 771 2203 et
802 2179 878 2215 ego
909 2178 994 2202 non
1025 2178 1119 2202 sum
1146 2157 1344 2201 locutus?
1390 2156 1507 2197 Pro-.

78 2252 220 2295 pterea
250 2240 338 2281 dic:
376 2241 477 2280 haec
508 2238 610 2279 dicit
638 2240 870 2281 Dominus:
910 2256 990 2296 pro
1023 2255 1096 2288 eo,
1137 2237 1252 2294 quod
1283 2248 1496 2276 sermones

79 2317 205 2358 vestri
238 2318 461 2358 mendaces
499 2323 645 2358 sunt.“
719 2317 847 2359 Orate
886 2333 965 2372 pro
1004 2315 1153 2364 nobis,
1197 2325 1245 2354 ut
1281 2326 1497 2353 sermones

78 2394 212 2435 nostri
250 2411 337 2436 non
377 2394 458 2435 sint
492 2394 598 2437 falsi.
664 2394 784 2435 Licet
822 2393 992 2449 quidam
1029 2392 1223 2457 homines
1264 2385 1497 2442 ignorantia

79 2470 226 2528 judicii
265 2487 336 2512 eos
374 2483 554 2512 asserant
592 2472 740 2522 falsos,
777 2470 990 2512 Dominus
1025 2486 1112 2510 non
1143 2469 1276 2518 dicat,
1314 2478 1354 2507 et
1384 2475 1496 2506 recte

198 2640 238 2694 ¹)
273 2639 358 2680 Csr.
388 2639 513 2679 Rom,
544 2639 618 2688 VI,
647 2639 685 2681 4.
805 2639 848 2695 ²)
881 2640 967 2681 Cfr.
995 2637 1146 2678 Ezech.
1176 2635 1299 2685 XIII,
1329 2634 1370 2676 5.
1400 2632 1442 2674 6.

195 2711 240 2766 3)
271 2711 395 2749 Num.
426 2707 589 2757 XXIII,
618 2707 684 2752 23.
805 2708 847 2765 4)
877 2709 1028 2751 Ezech.
1058 2708 1180 2756 XIII,
1210 2705 1250 2749 6.

199 2779 242 2835 ⁵)
272 2779 380 2819 Edd.
411 2775 606 2818 Merlini:
638 2778 774 2819 sensui
805 2794 1033 2832 congruere
1060 2777 1376 2833 prophetarum.

200 2848 243 2905 ⁶)
273 2847 422 2890 Ezech.
453 2847 574 2897 XIII,
603 2845 644 2889 6.
676 2846 714 2889 7.
833 2847 876 2904 7)
906 2847 1057 2889 Ezech.
1086 2846 1210 2895 XIII,
1240 2845 1278 2888 7.
1307 2843 1347 2887 8.
