1759 3134
649 168 846 209 HommA
878 163 950 204 VI.
1452 164 1506 208 83

92 299 171 340 qua
211 295 296 324 tam
332 281 501 334 grandia
539 291 580 321 et
618 291 702 319 tam
741 276 847 317 mira
887 276 1122 332 conscripta
1163 287 1281 326 sunt,
1322 282 1427 332 qu'ae
1469 278 1507 317 ei

90 372 186 402 sunt
214 359 480 416 repromissa,
512 357 613 413 quid
642 357 832 396 futurum
864 364 925 393 cst
954 352 1110 393 misero
1141 353 1270 403 mihi,
1299 353 1334 394 si
1362 368 1511 409 pecca-

92 437 221 478 vero?
280 436 387 490 Quis
416 434 522 474 mihi
552 433 630 473 erit
659 430 818 487 pater?
861 432 943 471 Aut
973 446 1078 485 quae
1108 430 1213 470 mihi
1245 430 1323 470 erit
1352 430 1513 471 mater?

91 515 250 555 Tantae
275 515 315 568 ¹)
354 512 531 567 talisque
561 509 794 551 Jerusalem
833 507 950 547 radix
994 518 1034 546 et
1075 507 1287 558 generatio
1320 509 1371 547 de
1402 519 1512 548 terra

93 591 459 638 chananaeorum,
501 598 620 642 pater
658 585 744 642 ejus
787 585 1070 625 Amorrhaeus
1113 595 1154 623 et
1191 596 1325 624 mater
1356 583 1512 625 Cethea

90 677 368 722 nuncupatur.
413 665 518 716 Ego,
549 664 583 704 si
607 678 852 718 peccavero,
885 660 956 717 qui
980 660 1022 700 in
1042 659 1208 701 Christo
1239 661 1340 701 Jesu
1370 663 1510 714 credo,

92 755 133 784 et
161 755 277 783 tanto
305 758 373 782 me
404 741 599 793 magistro
630 739 797 789 tradidi,
829 739 921 794 quis
949 738 1052 778 mihi
1084 739 1250 778 futurus
1282 749 1343 778 est
1366 739 1513 793 pater?

91 822 189 861 Non
218 820 365 875 utique
381 818 676 866 Amorrhaeus‚
708 817 782 857 sed
813 815 993 871 nequior
1024 814 1194 870 quidam
1224 826 1357 870 pater.
1405 793 1511 868 Quis

92 908 152 937 cst
180 896 286 938 iste?
343 894 531 949 „Quivis
558 894 599 949 ²)
632 893 703 948 qui
733 904 957 948 peccatum
986 892 1108 941 facit,
1150 908 1198 932 ex
1229 891 1402 932 diabolo
1441 907 1512 932 na-

89 985 154 1014 tus
194 984 268 1014 est.
283 979 307 997 “
382 972 437 1012 Et
474 970 649 1010 iterum:
694 986 807 1019 „vos
833 970 874 1026 ³)
916 986 963 1010 ex
1003 980 1121 1024 patre
1158 969 1331 1009 diabolo
1372 968 1512 1009 estis.“

90 1050 136 1091 Si
173 1040 300 1101 igitur
327 1048 562 1089 Jerusalem
601 1047 754 1087 dicitur
792 1048 843 1087 de
882 1046 1023 1087 radice
1064 1058 1105 1086 et
1133 1042 1348 1086 nativitate
1378 1057 1512 1085 terrae

89 1128 358 1169 chananaeae
382 1157 392 1175 ‚
421 1125 523 1181 quid
563 1124 725 1165 dicetur
763 1125 815 1164 ad
852 1123 959 1165 nos?
1015 1124 1292 1164 Inveniuntur
1320 1133 1362 1162 et
1390 1121 1513 1162 nobis

86 1215 249 1259 patres,
293 1203 365 1259 qui
393 1219 469 1243 nos
501 1212 698 1254 generant
724 1201 767 1240 in
797 1200 991 1256 peccatis.
1049 1200 1109 1241 Ut
1139 1200 1274 1249 enim,
1313 1199 1348 1239 si
1377 1200 1514 1239 bonus

89 1281 235 1330 suero,
277 1290 319 1320 et
356 1279 400 1319 in
439 1279 604 1334 optimo
645 1289 740 1319 actu
779 1277 1050 1327 constitutus,
1092 1277 1193 1318 dicit
1236 1277 1341 1317 mihi
1370 1278 1512 1318 Jesus:

91 1356 189 1406 „fili
215 1349 282 1409 ⁴²),
314 1356 583 1396 dimittuntur
611 1354 690 1395 tibi
719 1366 893 1409 peccata
922 1361 1052 1394 tua:“
1093 1355 1195 1394 dicit
1225 1355 1329 1395 mihi
1358 1355 1514 1395 Paulus

90 1433 318 1488 discipulus
347 1432 469 1472 Jesu:
502 1432 581 1481 „in
599 1432 640 1486 ⁵)
673 1431 840 1472 Christo
873 1431 983 1470 enim
1013 1432 1113 1471 Jesu
1143 1446 1222 1486 per
1251 1431 1515 1483 evangelium

90 1525 165 1561 ego
198 1526 273 1549 vos
304 1509 489 1561 genui:“
527 1508 607 1557 ita,
648 1507 681 1548 si
721 1507 854 1547 factus
894 1508 1016 1548 fuero
1057 1520 1278 1563 peccator,
1318 1524 1515 1561 generans

87 1603 155 1627 me
193 1587 237 1627 in
274 1585 457 1642 peccatis
496 1585 713 1633 diabolus,
762 1595 803 1624 et
848 1600 1059 1626 assumens
1099 1585 1178 1626 sihi
1218 1602 1311 1626 eam
1350 1597 1516 1634 vocem,

89 1680 169 1719 qua
197 1675 319 1719 pater
347 1665 464 1704 Deus
497 1664 549 1704 ad
581 1663 845 1703 Salvatorem
875 1661 1042 1702 locutus
1075 1674 1156 1712 est,
1199 1662 1301 1702 dicit
1342 1663 1395 1702 ad
1424 1678 1515 1701 me:

90 1741 237 1791 „filius
257 1740 299 1797 6)
331 1756 449 1780 meus
480 1756 522 1779 es
552 1751 612 1788 tu,
645 1754 720 1790 ego
747 1736 876 1777 hodie
907 1737 1030 1789 genui
1058 1744 1142 1778 te.“
1185 1739 1242 1778 Et
1272 1737 1349 1779 alii·
1375 1746 1516 1779 autem

89 1818 231 1873 plures
261 1829 401 1872 patres
429 1816 514 1856 mei
545 1826 686 1864 erunt,
728 1816 781 1855 ad
821 1830 926 1870 quos
956 1814 1089 1855 iturus
1119 1831 1224 1855 sum.
1283 1799 1518 1871 Unfisquis-

92 1910 172 1950 que
205 1895 257 1934 ad
287 1909 384 1934 suos
414 1888 698 1949 proficiscitur
728 1902 879 1946 patres.
929 1891 974 1932 Si
1006 1891 1096 1947 quis
1128 1903 1190 1932 est
1220 1894 1270 1932 ab
1292 1893 1515 1944 Abraham,

92 1972 246 2012 dicitur
276 1972 328 2011 ad
360 1983 478 2010 eum:
511 1971 579 2010 Tu
609 1980 750 2009 autem
779 1969 885 2008 vade
917 1969 970 2008 ad
992 1979 1131 2023 patres
1155 1980 1251 2009 tuos
1278 1980 1373 2009 cum
1397 1986 1516 2025 pace,

91 2049 289 2089 educatus
335 2047 381 2088 in
418 2058 632 2088 senectute
671 2047 795 2086 bona.
856 2045 903 2086 Si
941 2045 1032 2101 quis
1072 2058 1172 2086 vero
1215 2047 1427 2098 egreditur
1463 2048 1516 2087 de

212 2189 253 2244 ¹)
290 2188 342 2229 R.
382 2188 427 2228 in
469 2186 603 2227 notis:
648 2186 828 2228 Catenae
867 2186 968 2227 Mss.
1029 2214 1060 2244 3>
1081 2190 1262 2236 Τελείας
1300 2191 1449 2244 ψυχῆς
1488 2186 1516 2241 ἡ

89 2257 385 2317 Ἰερουσαλὴμ
417 2253 671 2313 σύμβολον·
703 2254 796 2310 ἣτις
828 2254 952 2313 ψυχὴ
977 2260 1310 2312 παραπεσοῦσα
1334 2258 1419 2308 ἕξει
1443 2260 1517 2317 ῥί-

95 2331 175 2379 ζαν
205 2331 281 2371 καὶ
310 2333 491 2385 γένεσιν
522 2329 570 2371 ἔκ
595 2330 679 2384 γῆς
710 2324 932 2370 Χαναάν·
964 2327 1014 2370 ἓν
1044 2318 1069 2387 ᾗ
1100 2329 1192 2387 ῥίζῃ
1223 2325 1314 2378 ἕξει
1343 2332 1517 2386 πατέρα

87 2398 386 2457 'Aluoffcdov⁹
429 2402 506 2441 καὶ
543 2401 714 2455 μητέρα
747 2402 987 2442 Χετταίαν.
1051 2396 1249 2441 Χαναὰν
1286 2395 1519 2455 σύμβολον

94 2471 168 2523 τῆς
201 2465 445 2526 ἁμαρτίας·
480 2468 749 2528 Ἀμορραῖος
784 2464 932 2525 πατήρ
972 2469 1065 2512 ἔστι
1103 2470 1271 2522 νοητῶς
1299 2466 1320 2511 ὁ
1354 2467 1518 2524 διάβο-

94 2541 196 2587 λος·
250 2542 445 2581 Χετταία
490 2539 540 2582 δὲ
580 2536 746 2597 μήτηρ,
793 2537 819 2593 ἡ
861 2539 911 2582 ἐκ
946 2538 1110 2582 τούτου
1154 2541 1364 2596 γέννησίς
1407 2541 1514 2583 ἐστι.

97 2609 280 2664 ,,,,Πᾶς
319 2606 412 2665 γὰρ
453 2606 476 2651 ὁ
520 2613 670 2653 ποιῶν
712 2607 940 2667 ἁμαρτίαν
979 2609 1028 2652 ἐκ
1067 2609 1144 2652 τοῦ
1183 2607 1399 2664 διαβόλου
1436 2627 1514 2665 γε·

95 2680 356 2735 9ἐ’ννηται.“
373 2679 401 2700 “

212 2749 255 2803 ²)
289 2749 479 2788 IJoann.
510 2749 588 2798 III,
617 2748 656 2792 8.
777 2749 819 2805 3)
848 2749 925 2789 Ev.
958 2749 1109 2788 Joann.
1141 2749 1259 2798 VIII,
1290 2749 1355 2791 44.

215 2820 257 2874 ⁴²)
289 2818 439 2858 Manli.
472 2819 546 2868 IX,
576 2818 617 2862 2.
737 2820 778 2875 ⁵)
811 2818 947 2861 ICor.
979 2819 1052 2868 IV,
1084 2817 1147 2860 15.

211 2890 256 2944 ⁵)
286 2888 439 2929 Psalm.
474 2889 528 2938 II,
562 2887 598 2929 7.

1127 2964 1190 3005 5*
