1759 3134
720 99 861 139 LlssER
888 97 941 138 II.
1456 100 1540 144 375

126 212 312 253 venimus
342 213 584 267 frequenter
612 210 773 260 referri,
802 209 910 251 sicut
948 225 1042 250 cum
1075 209 1196 251 dicit:
1239 211 1369 267 „et¹)
1409 212 1536 253 facies

124 290 258 345 pelles
290 306 337 330 ex
368 305 586 345 caprarum
602 287 700 344 pilis
724 286 1036 342 operimentum
1064 303 1191 342 super
1219 288 1536 329 tabernaculum

125 365 375 415 testimonii,
418 365 617 406 undecim
645 364 779 420 pelles
808 363 960 413 facies,
1006 363 1229 416 longitudo
1260 364 1385 421 pellis
1415 365 1537 408 unius

125 443 292 496 triginta
322 442 580 493 cubitorum,
623 440 802 482 latitudo
843 452 1023 497 quatuor
1064 441 1316 483 cubitorum.
1374 443 1538 485 Eadem

126 535 319 562 mensura
347 518 426 560 erit
455 519 653 560 undecim
683 517 880 575 pellibus,
912 529 953 559 et
983 517 1208 576 conjunges
1233 519 1416 576 quinque
1446 522 1537 577 pel-

127 599 187 639 les
216 596 362 647 simul,
393 607 435 637 et
464 596 563 638 alias
592 612 661 638 sex
690 595 839 646 simul,
870 607 911 636 et
938 595 1163 652 replicabis
1192 608 1349 638 sextam
1378 599 1538 654 pellem

127 691 148 716 a
177 675 316 715 fronte
346 673 627 716 tabernaculi:
678 685 719 715 et
758 671 885 714 facies
927 673 1224 730 quinquaginta
1261 674 1425 717 ansulas
1461 692 1539 732 per

127 768 244 793 oram
274 751 399 807 pellis
428 751 564 801 unius,
596 763 638 792 et
666 749 965 807 quinquaginta
989 752 1151 793 ansulas
1170 768 1248 808 per
1268 768 1386 794 oram
1414 753 1540 809 pellis

125 828 309 878 alterius,
338 844 416 885 per
446 844 545 885 quas
577 827 881 885 conjungantur
913 845 995 870 una
1024 829 1078 870 ad
1107 829 1303 871 alteram:
1344 841 1385 871 et
1413 830 1542 873 facies

125 905 304 947 circulos
327 921 471 946 aereos
499 905 825 963 quinquagenos,
857 917 899 948 et
929 905 1153 964 conjunges
1185 922 1233 948 ex
1261 906 1362 962 ipsis
1391 908 1541 964 pelles,

126 994 167 1024 et
198 982 276 1024 erit
304 999 435 1023 unum
463 994 623 1024 totum:
656 995 696 1025 et
726 983 976 1040 replicabis,
1007 985 1123 1041 quod
1150 996 1342 1040 superest
1373 1001 1421 1026 ex
1449 987 1543 1042 pel-

124 1060 248 1111 libus,
277 1060 549 1102 medietatem
577 1060 703 1117 pellis
732 1061 857 1103 unius
887 1078 909 1103 a
939 1063 1079 1103 fronte
1110 1061 1392 1112 tabernaculi,
1422 1073 1463 1103 et
1493 1078 1542 1104 ex

124 1138 204 1180 alia
232 1137 460 1179 medietate
490 1139 607 1194 quod
645 1150 855 1195 superest,
900 1139 1058 1181 velabis
1088 1138 1326 1196 posteriora
1353 1140 1544 1182 taberna-

127 1215 211 1257 culi
243 1215 431 1257 cubitum
460 1215 570 1265 hinc,
605 1227 645 1257 et
677 1216 866 1257 cubitum
896 1215 1007 1267 inde,
1039 1232 1087 1257 ex
1118 1233 1183 1267 eo,
1216 1217 1333 1273 quod
1361 1218 1545 1259 abundat

126 1293 168 1335 in
199 1292 462 1346 longitudine
491 1292 694 1348 pellium,
741 1304 783 1334 et
819 1293 898 1334 erit
934 1294 1187 1350 adopertum
1225 1295 1545 1337 tabernaculum

127 1388 175 1412 ex
206 1370 405 1412 lateribus
435 1370 532 1411 hinc
564 1381 605 1410 et
633 1369 784 1411 inde.“
843 1370 954 1411 Puto
987 1386 1101 1423 erge,
1132 1371 1248 1426 quod
1277 1372 1424 1412 harum
1452 1373 1546 1428 pel-

126 1449 229 1490 lium
266 1447 425 1489 mentio
482 1448 554 1488 fiat
603 1446 644 1488 in
687 1446 861 1488 Cantico
903 1446 1196 1498 Canticorum,
1242 1460 1284 1491 et
1331 1449 1432 1490 istae
1481 1450 1544 1491 di-

126 1538 269 1568 cantur
307 1542 394 1566 esse
425 1523 689 1575 Salomonis,
735 1524 808 1581 qui
845 1524 1050 1581 accipitur
1087 1525 1130 1566 in
1169 1525 1393 1582 pacificum
1425 1525 1544 1568 Chri-

126 1616 248 1646 stum.
309 1602 444 1659 Ipsius
477 1619 574 1656 crgo
607 1613 669 1643 est
696 1603 1037 1653 tabernaculum,
1077 1615 1118 1644 et
1157 1619 1224 1653 ea,
1264 1619 1368 1659 quae
1401 1605 1453 1646 ad
1483 1615 1544 1646 ta-

123 1681 398 1723 bernaculum
421 1679 654 1736 pertinent:
687 1692 727 1721 et
755 1679 996 1737 praecipue,
1024 1680 1060 1721 si
1090 1680 1200 1722 illud
1229 1682 1545 1724 tabernaculum

127 1758 461 1809 consideremus,
506 1758 622 1814 quod
661 1756 815 1799 dicitur
857 1758 1176 1799 tabernaculum
1216 1774 1384 1810 verum,
1429 1762 1545 1816 quod

127 1836 215 1878 fixit
243 1837 381 1886 Deus,
421 1847 463 1876 et
492 1852 579 1877 non
609 1835 765 1886 homo,
813 1846 854 1876 et
883 1835 1000 1891 quod
1029 1834 1108 1877 ait:
1149 1837 1327 1892 „non²)
1359 1836 1470 1878 enim
1500 1837 1543 1879 in

128 1932 253 1956 mauu
284 1915 393 1956 facta
422 1924 560 1954 sancta
589 1912 758 1954 intravit
775 1914 894 1955 Jesus
926 1913 1180 1969 exemplaria
1209 1921 1448 1956 verorum.“
1496 1915 1545 1958 Si

129 2011 226 2048 ergo
267 1991 629 2050 pulchritudinem
666 2007 784 2033 suam
820 2007 973 2048 sponsa
1010 1991 1196 2048 pellibus
1226 2004 1442 2049 comparat
1471 1994 1546 2036 Sa-

129 2070 335 2121 lomonis,
379 2069 550 2111 illarum
587 2069 675 2111 sine
706 2068 835 2110 dubio
867 2068 1048 2126 pellium
1076 2068 1254 2122 gloriam
1285 2081 1325 2110 et
1358 2070 1546 2126 pulchri-

130 2149 322 2191 tudinem
363 2147 486 2198 dicit,
531 2162 635 2203 quae
669 2147 866 2203 operiunt
902 2147 1012 2188 illud
1039 2148 1380 2198 tabernaculum,
1431 2149 1545 2204 quod

130 2226 218 2267 fixit
237 2226 368 2274 Deus,
400 2236 440 2265 et
470 2241 556 2266 non
585 2225 729 2266 homo.
778 2224 825 2266 Si
855 2241 956 2266 vero
989 2224 1250 2278 nigredinem
1278 2242 1409 2276 suam,
1441 2243 1547 2282 quae

133 2301 376 2360 exprobrari
407 2318 428 2343 a
457 2302 622 2344 filiabus
652 2302 916 2345 Hierusalem
953 2302 1199 2355 videbatur,
1229 2303 1415 2360 pellibus
1447 2320 1546 2345 con-

132 2380 230 2423 tulit
259 2379 522 2430 Salomonis,
565 2379 687 2437 hujus
725 2380 1004 2432 tabernaculi,
1050 2382 1166 2438 quod
1205 2382 1420 2438 exemplar
1459 2381 1547 2423 veri

132 2457 392 2501 tabernaculi
420 2468 615 2508 vocatur,
654 2456 923 2514 accipiendae
959 2470 1056 2500 sunt
1084 2459 1239 2515 pelles:
1286 2458 1401 2516 quasi
1431 2460 1548 2516 quod

136 2549 177 2579 et
206 2536 320 2593 ipsae
349 2534 488 2588 nigrae
522 2534 603 2576 sint
632 2535 816 2592 quidem,
846 2547 996 2593 utpote
1021 2553 1240 2595 caprarum
1268 2537 1366 2594 pilis
1393 2548 1544 2589 textae,

256 2782 295 2837 ¹)
328 2779 414 2822 Cfr.
444 2779 579 2821 Exod.
609 2779 768 2831 XXVI,
799 2779 969 2826 7-13.

254 2841 298 2907 2)
327 2850 458 2893 Hehr.
489 2849 566 2901 lx,
596 2849 665 2894 24.
