1759 3134
245 160 331 205 366
539 159 760 200 Omonms
779 171 835 221 ‘m
869 159 1049 202 Cmrrc.
1081 160 1382 203 CAN‘ncome

245 273 338 315 ticis
369 270 644 315 canticorum
676 271 869 313 versiculi
901 271 1146 330 mysterium
1179 274 1470 330 comprobari,
1512 274 1554 316 in
1584 293 1668 333 quo

246 351 369 392 dicit:
416 351 626 407 „susca¹)
659 366 774 401 sum,
819 350 904 391 sive
935 349 1071 402 nigra,
1119 362 1159 391 et
1198 350 1386 392 formosa
1425 352 1536 394 filiae
1569 353 1668 394 Hie-

245 428 448 478 rusalem,
479 427 585 468 sicut
617 428 942 482 tabemacula2)
977 427 1135 479 Cedar,
1179 439 1220 468 et
1249 428 1355 469 sicut
1385 428 1518 484 pelles
1550 430 1672 472 Salo-

244 505 423 548 monis.“
481 504 701 546 Invenitur
740 521 837 558 ergo
871 506 1014 547 Moses
1055 505 1096 545 in
1130 498 1326 547 Numeris
1366 506 1557 561 accipere
1587 509 1670 548 Ae-

245 583 489 639 thiopissam
528 599 704 624 uxorem
736 583 917 632 fuscam,
967 583 1033 623 vel
1070 582 1254 634 nigram,
1299 599 1378 639 pro
1421 600 1502 639 qua
1532 584 1667 625 Maria

245 673 286 702 et
302 663 445 702 Aaron
469 661 671 713 derogant
701 660 752 710 ei,
785 672 826 700 et
855 660 1114 712 indignantes
1147 660 1313 701 dicunt:
1348 663 1534 716 „num³)
1567 662 1668 718 quid

240 738 356 781 Mosi
389 738 470 779 soli
501 737 713 779 Dominus
746 738 913 778 locutus
946 737 1036 778 est?
1094 738 1245 779 Nonne
1278 749 1319 780 et
1347 738 1469 780 nobis
1501 739 1667 780 locutus

243 815 369 859 est?“
427 816 479 858 In
511 831 596 872 quo
630 813 663 855 si
695 814 918 867 diligenter
948 814 1187 857 consideres
1204 817 1270 872 ⁴),
1301 833 1379 858 nec
1412 832 1669 873 consequen-

240 894 342 935 tiam
370 909 510 936 sermo
541 891 758 933 invenitur
786 891 938 932 habere
976 892 1212 937 historicus.
1276 893 1395 949 Quid
1425 894 1539 935 enim
1569 910 1668 936 con-

240 971 383 1013 venire
413 972 466 1012 ad
496 987 588 1012 rem
618 969 854 1019 videbitur,
900 981 947 1010 ut
983 969 1242 1024 indignantes
1285 989 1365 1029 pro
1398 972 1664 1029 Aethiopissa

241 1050 402 1091 dicant:
448 1065 585 1099 „num
610 1049 653 1105 ⁵)
693 1047 796 1104 quid
835 1047 916 1087 soli
958 1048 1072 1089 Mosi
1114 1050 1279 1092 locutus
1328 1062 1388 1091 est
1426 1050 1667 1092 Dominus?

237 1128 390 1168 Nonne
421 1138 462 1167 et
490 1125 613 1167 nobis
660 1124 828 1165 locutus
868 1123 992 1166 est?“
1053 1126 1294 1181 Oportebat
1333 1128 1472 1179 enim,
1513 1127 1547 1169 si
1584 1127 1665 1168 hoc

240 1214 326 1245 erat
355 1202 397 1244 in
431 1218 574 1252 causa,
621 1199 705 1241 dici
735 1201 786 1240 ab
817 1199 888 1241 iis:
940 1217 1027 1242 non
1059 1203 1252 1259 oportuit
1280 1215 1345 1255 te,
1394 1205 1479 1261 οὗ)
1509 1205 1665 1256 Moses,

237 1297 415 1322 uxorem
463 1279 654 1336 accipere
694 1277 1032 1333 Aethiopissam,
1077 1292 1119 1321 et
1160 1281 1211 1321 de
1249 1282 1407 1323 semine
1452 1281 1585 1325 Cham
1610 1284 1666 1339 ⁷),

243 1360 318 1400 sed
348 1359 400 1399 de
433 1373 582 1411 genere
618 1368 718 1407 tun,
763 1367 804 1396 et
833 1356 884 1396 de
916 1357 1045 1398 domo
1077 1358 1192 1400 Levi.
1251 1359 1419 1401 Horum
1457 1360 1563 1400 nihil
1594 1360 1666 1412 ‘di-

245 1448 366 1487 cunt‚
410 1437 484 1477 sed
524 1436 661 1476 aiunt:
707 1450 844 1484 „num
870 1434 913 1490 ⁸)
958 1436 1058 1491 quid
1098 1436 1213 1477 Mosi
1261 1437 1342 1477 soli
1390 1439 1556 1479 locutus
1605 1450 1666 1479 est

242 1512 390 1555 Deus?
446 1515 597 1555 Nonne
630 1524 670 1553 et
708 1512 831 1553 nobis
871 1511 1038 1553 locutus
1080 1512 1207 1555 est?i‘
1266 1515 1316 1555 In
1355 1531 1439 1571 quo
1482 1526 1523 1556 et
1562 1514 1663 1556 mihi

242 1591 409 1632 videtur
436 1591 669 1632 secundum
698 1590 944 1648 mysterium
973 1588 1102 1641 magis
1132 1589 1409 1642 intellexisse,
1451 1593 1566 1648 quod
1597 1608 1664 1644 ge-

242 1680 354 1709 stum
384 1680 468 1718 est,
501 1680 542 1708 et
571 1668 747 1719 vidisse,
779 1667 895 1723 quod
925 1666 1008 1724 jam
1036 1666 1203 1717 Moses,
1234 1667 1278 1708 id
1310 1681 1396 1720 est,
1435 1669 1662 1725 spiritualis

241 1747 331 1797 lex,
370 1748 410 1787 in
441 1745 608 1801 nuptias
640 1757 681 1786 et
712 1744 953 1801 conjugium
986 1756 1256 1797 congregatae
1287 1762 1334 1786 ex
1365 1746 1555 1798 gentibus
1584 1747 1661 1788 mi-

239 1836 376 1879 graret
418 1823 640 1865 ecclesiae:
688 1834 728 1864 et
766 1822 966 1873 Mariam,
1013 1838 1117 1878 quae
1164 1839 1394 1881 synagogae
1434 1824 1660 1866 derelictae

240 1904 445 1954 formam,
493 1914 535 1944 et
563 1904 729 1951 Aaron,
773 1899 845 1957 qui
882 1899 1109 1941 sacerdotii
1139 1901 1314 1943 carnalis
1352 1903 1522 1943 tenebat
1560 1903 1662 1944 ima-

239 1980 400 2033 ginem,
439 1980 650 2029 videntes,
694 1978 879 2019 ablatum
911 1994 998 2019 esse
1030 1994 1052 2018 a
1082 1990 1216 2020 semet
1244 1978 1344 2035 ipsis
1373 1996 1569 2032 regnum,
1617 1992 1657 2021 et

241 2059 385 2099 datum
418 2074 504 2098 esse
535 2056 648 2110 genti
688 2055 859 2097 facienti
897 2056 1056 2096 fructus
1097 2055 1205 2114 ejus,
1247 2056 1407 2098 dicere:
1457 2058 1655 2112 „num⁹)

239 2134 343 2191 quid
371 2135 486 2176 Mosi
514 2134 596 2175 soli
626 2134 793 2175 locutus
825 2145 885 2174 est
914 2133 1061 2174 Deus?
1117 2134 1268 2175 ,Nonne
1308 2147 1350 2175 et
1377 2134 1501 2176 nobis
1539 2135 1657 2176 locu-

237 2224 303 2254 tus
335 2211 458 2254 est?“
507 2211 704 2268 Denique
736 2223 777 2252 et
796 2211 939 2252 Moses
969 2210 1083 2266 ipse,
1115 2227 1212 2252 cum
1240 2223 1353 2253 tanta
1384 2224 1425 2253 et
1453 2223 1540 2253 tam
1570 2229 1657 2254 ma-

237 2290 387 2343 gnifica
417 2288 504 2348 ejus
536 2304 666 2344 opera
693 2287 796 2329 fidei
825 2304 872 2329 ac
903 2287 1126 2343 patientiae
1156 2288 1412 2340 referantur,
1441 2306 1654 2347 nunquam

237 2367 362 2409 tantis
392 2384 415 2409 a
442 2367 539 2408 Deo
571 2365 702 2406 elatus
733 2376 793 2406 est
831 2363 1046 2416 laudibus,
1089 2377 1136 2406 ut
1173 2381 1307 2418 nunc,
1356 2384 1450 2409 cum
1480 2367 1655 2409 Aethio-

353 2572 395 2627 1)
425 2567 583 2612 Cantic.
615 2568 648 2619 I,
679 2567 718 2611 5.
835 2568 880 2625 ²)
911 2567 990 2610 Ed.
1021 2568 1176 2611 Ruaei:
1206 2569 1534 2613 tabernaculum.

349 2639 394 2697 3)
424 2641 550 2682 Num.
580 2639 681 2689 XII,
712 2638 752 2682 2.

349 2712 393 2767 ⁴)
423 2710 531 2752 Edd.
548 2709 609 2752 M.
627 2706 903 2759 „consideres
920 2709 1041 2752 haec:
1070 2726 1157 2752 non
1180 2709 1520 2769 consequentiam
1541 2717 1647 2759 etc,“

346 2780 391 2835 5)
421 2781 546 2821 Num.
576 2779 675 2829 XII,
705 2777 746 2820 2.
864 2779 906 2834 6)
937 2779 1070 2821 Deest
1102 2788 1202 2831 ‚,0“
1231 2782 1274 2823 in
1305 2781 1399 2823 edd.
1429 2781 1491 2824 M.

352 2851 393 2907 ⁷)
422 2850 532 2892 Edd.
561 2849 622 2890 M.
654 2847 843 2899 ‚,Cam.“
963 2852 1006 2906 ⁸)
1037 2851 1160 2892 Num.
1191 2851 1291 2903 XII,
1320 2850 1361 2895 2.

347 2922 391 2977 9)
421 2921 544 2961 Num.
577 2920 674 2969 XII,
704 2918 745 2961 2.
