1738 3134
217 117 245 160 2
630 127 687 156 Ex
719 113 852 157 OmG.
887 114 1234 157 Commsswmnns

221 238 466 298 πατήματα
496 240 584 284 τῶν
615 240 777 284 ποδῶν
806 238 937 298 ὑμῶν
967 241 1209 298 ἐνέμοντο,
1258 242 1333 282 καὶ
1372 239 1422 284 τὸ
1464 256 1653 300 τεταρα-

222 320 399 376 γμένον
427 316 552 376 ὕδωρ
582 315 675 361 ὑπὸ
705 319 795 362 τῶν
824 318 986 362 ποδῶν
1017 315 1149 374 ύμῶν
1179 317 1394 361 ἔπινον.“

281 413 414 459 Iners}
445 413 495 459 τὸ
524 418 811 471 παραστῆσαι
840 419 945 474 περὶ
974 419 1066 460 τῶν
1094 413 1359 474 προβάτων,
1392 418 1467 458 καὶ
1497 418 1651 471 κριῶν,

281 494 360 535 καὶ
388 496 494 551 περὶ
523 492 768 550 προβάτων
798 496 968 550 αἰγῶν,
1012 490 1078 536 ὅτι
1111 491 1306 548 σύνηθες
1334 494 1384 552 τῇ
1416 495 1573 553 γραφῇ
1604 491 1654 535 τὸ

282 567 520 627 πρόβατον
566 574 643 613 καὶ
692 571 768 615 ἐπὶ
805 573 884 615 τοῦ
925 574 1087 629 γένους
1125 573 1216 615 τῶν
1254 573 1400 628 αἰγῶν
1441 569 1536 615 ἔσθ’
1583 568 1655 614 ὅτε

281 645 479 704 τάσσειν,
513 647 736 708 ἐπιᾳέρει.

235 751 295 789 Τί
335 738 417 790 οὖν
457 747 580 791 ἐστιν
619 743 641 790 ὃ
681 748 758 790 καὶ
798 747 847 790 ἐν
876 743 1050 794 τούτοις
1081 747 1353 800 αἰνίσσεται,
1401 748 1512 804 (Ιέρε
1541 744 1654 788 κατὰ

229 822 431 880 δύναμιν
453 821 745 882 ἐξετάσωμεν.
792 826 928 867 Πᾶσα
953 823 1054 878 μὲν,
1089 818 1232 878 οἶμαι,
1264 821 1376 877 καλὴ
1408 820 1542 879 νομὴ,
1578 825 1653 865 καὶ

227 903 325 944 πᾶν
353 901 403 944 τὸ
435 901 712 956 καθεστηκὸς
744 900 883 958 ὕδωρ,
915 898 968 943 τὰ
1003 898 1086 943 ὅλα
1115 898 1249 957 λόγιά
1281 901 1369 943 ἐστι
1401 903 1493 944 τῶν
1521 902 1655 955 ἱερῶν

227 976 529 1037 γραμμάτων.
587 974 681 1022 Εἶτ’
724 979 826 1022 ἐπεί
853 994 968 1027 τινες
997 976 1050 1021 τά
1079 978 1168 1034 μὲν
1198 980 1288 1021 τῶν
1318 976 1655 1034 γεγραμμὲνιδν

229 1056 519 1114 ἐγκρίνουσιν
548 1053 607 1104 ῶς
635 1054 868 1114 ὠφέλιμα,
912 1053 1014 1100 τινὰ
1055 1056 1106 1099 δὲ
1144 1052 1569 1110 ἀποδοκιμάζουσιν
1599 1051 1657 1102 ῶς

230 1132 284 1176 οὐ
315 1130 537 1191 σωτήρια,
577 1124 700 1177 οῦτοι
738 1129 796 1176 ἂν
836 1128 927 1177 εἷεν
966 1135 1009 1176 οἱ
1037 1131 1152 1188 μετὰ
1181 1131 1230 1177 τό
1264 1133 1544 1190 νενεμῆσθαι
1573 1129 1655 1185 τὴν

228 1208 373 1265 καλὴν
403 1201 469 1253 ῶν
498 1210 752 1259 ἐξελέξαντο
783 1207 948 1268 νομὴν,
979 1211 1343 1254 καὶ·πεπωκε’ναι
1365 1209 1415 1253 τὸ
1430 1214 1651 1261 καθεστη-

231 1285 308 1336 κὸς
345 1277 399 1331 οῦ
439 1288 624 1344 ἔκριναν
660 1282 778 1331 εἶναι
818 1288 1048 1342 βελτίονος
1075 1284 1265 1342 ὕδατος,
1306 1285 1355 1330 τὸ
1386 1284 1551 1331 λοιπὸν
1580 1288 1657 1340 τῆς

232 1367 377 1421 νομῆς
405 1367 795 1419 καταπατοῦντες,
835 1367 913 1407 καὶ
949 1362 1000 1407 τὸ
1039 1363 1204 1408 λοιπὸν
1240 1363 1364 1421 ὕδωρ
1394 1370 1487 1414 τοῖς
1514 1366 1655 1408 ποσὶν

228 1442 403 1486 ἑαυτῶν
438 1439 755 1498 ταράσσοντες.
830 1443 1038 1485 Τοιοῦτοι
1087 1440 1144 1497 δή
1175 1442 1216 1499 ¹)
1255 1445 1370 1486 εἰσιν
1407 1445 1453 1485 οἳ
1490 1457 1537 1486 τε
1573 1441 1655 1496 τὴν

228 1518 318 1575 μὲν
337 1515 501 1573 καινὴν
533 1518 830 1578 ἐγκρίνοντες,
861 1518 944 1574 τὴν
973 1519 1024 1563 δὲ
1047 1517 1251 1563 παλαιὰν
1281 1516 1655 1578 ἀποδοκιμάζον-

231 1612 302 1646 τες
330 1594 579 1651 διαθήκην,
621 1598 699 1639 καὶ
731 1597 774 1640 οἱ
801 1598 893 1640 τῶν
923 1599 1135 1641 παλαιῶν
1166 1594 1457 1657 γραμμάτων
1484 1594 1538 1639 τὰ
1568 1596 1656 1653 μὲν

231 1672 323 1717 ἀπὸ
363 1677 596 1729 θειοτέρας
634 1676 841 1730 λέγοντες
879 1668 993 1716 εἶναι
1031 1671 1270 1731 δυνάμεως
1307 1677 1384 1718 καὶ
1418 1677 1494 1730 τῆς
1530 1673 1655 1717 ἀνω-

227 1749 364 1806 τάτω,
395 1750 450 1794 τὰ
481 1750 532 1794 δὲ
562 1748 654 1794 ἀπὸ
683 1748 1023 1809 ὑποδεεστέρας.
1081 1748 1299 1808 Πρόβατα
1333 1752 1384 1795 δὲ
1412 1752 1508 1794 ἴδια
1540 1750 1656 1794 ἄνα-

229 1826 410 1885 γορεύει
447 1826 470 1871 ὀ
511 1825 689 1882 ποιμὴν
727 1824 831 1877 τοὺς
866 1825 931 1885 μὴ
968 1824 1377 1887 ὑπερηφανοῦντας
1414 1826 1468 1872 τὰ
1506 1825 1656 1882 πατή-

229 1921 353 1963 ματα
381 1905 471 1947 τῶν
499 1905 661 1948 ποδῶν
690 1903 899 1959 ἐκείνων,
939 1907 1017 1947 καὶ
1045 1903 1110 1960 μὴ
1141 1906 1495 1955 ἐξουθενοῦντας
1528 1906 1573 1962 2)
1604 1902 1654 1949 τό

229 1983 568 2038 τεταραγμένον
605 1978 730 2041 ὕδωρ
765 1978 858 2024 ὑπὸ
895 1983 987 2024 τῶν
1014 1983 1178 2027 ποδῶν
1206 1985 1296 2027 τῶν
1326 1985 1508 2039 ψεκτῶν
1535 1999 1656 2040 προ-

228 2056 405 2115 βάτων,
450 2057 635 2117 τράγων
672 2060 751 2101 καὶ
789 2057 988 2116 ἐρίφων·
1037 2057 1091 2104 οὐ
1129 2058 1222 2118 γάρ
1266 2060 1491 2116 ἐθέλησαν
1536 2056 1655 2104 εἶναι

227 2134 436 2192 πρόβατα
464 2136 605 2192 κριῶν
634 2130 736 2185 ι’ίξια
764 2137 854 2179 τῶν
883 2136 1058 2185 δεξιῶν.
1114 2135 1272 2194 ζΗμεῖς
1301 2130 1384 2181 οὖν
1415 2134 1656 2194 εὐχόμενοι

228 2208 346 2257 εἶναι
374 2209 580 2271 πρόβατα
609 2214 688 2256 τοῦ
721 2214 952 2269 ποιμένος,
983 2214 1212 2269 μηδέποτε
1238 2212 1488 2273 φεύγωμεν
1509 2232 1654 2271 νεμη-

228 2293 371 2345 θῆναι
393 2290 436 2346 ³)
475 2292 552 2333 καὶ
590 2288 643 2333 τὰ
687 2288 885 2335 αὐτόθεν
916 2287 1028 2334 ὅσον
1058 2291 1136 2334 ἐπὶ
1167 2294 1228 2348 τῷ
1259 2293 1375 2351 ῥητῷ
1408 2291 1652 2349 ἀπεμφαί-

228 2384 368 2413 νοντα
397 2369 488 2411 τῶν
516 2370 728 2427 γραφῶν,
764 2370 841 2410 καὶ
872 2366 949 2411 διὰ
979 2366 1062 2423 τὴν
1092 2367 1364 2426 ἀπέμφασιν
1391 2370 1467 2423 τῆς
1495 2373 1654 2419 λέξεως

226 2442 494 2501 πατούμενα
538 2443 630 2488 ὑπὸ
678 2447 770 2489 τῶν
811 2442 875 2501 μὴ
921 2446 1218 2503 δυναμένων,
1266 2446 1384 2503 μηδὲ
1423 2444 1654 2492 θελόντων

343 2592 384 2647 ¹)
413 2591 492 2633 Ed.
522 2591 656 2632 Ruaei
686 2591 794 2632 sola:
827 2591 893 2634 δέ.

339 2677 383 2732 ²)
414 2676 493 2719 Ed.
513 2676 648 2717 Ruaei
671 2676 780 2718 sola:
821 2676 1172 2726 ἐξουθενοῦντας
1201 2676 1254 2719 τά
1288 2676 1529 2734 πατήματα
1560 2680 1649 2722 τῶν
1682 2720 1687 2725 .

220 2746 383 2791 ποδῶν
410 2749 501 2790 κτλ.

335 2831 381 2888 3)
409 2831 488 2872 Ed.
519 2830 653 2872 Ruaei
683 2830 794 2872 sola:
826 2831 1114 2886 νεμεσθῆναι.
