1759 3134
220 146 302 190 394
475 147 695 188 Omessms
725 160 769 188 m
802 146 1039 189 Cas-neum
1072 147 1374 191 emnem-mm

218 260 376 317 pascis,
410 260 567 317 inquit,
599 273 638 301 et
670 260 742 302 ubi
775 261 914 302 cubile
945 261 1120 301 }.abcs.“
1183 261 1294 302 Puto
1327 274 1491 313 autem,
1528 268 1642 320 quod

221 349 262 378 et
291 338 498 395 propheta
537 338 589 379 de
627 339 708 380 hoc
752 340 873 390 loco,
917 355 1042 396 quem
1072 355 1182 380 nunc
1213 355 1367 395 sponsa
1400 340 1559 382 discere
1592 343 1643 382 ab

222 415 312 472 ipso
334 416 374 470 ¹)
406 432 563 472 sponso
596 415 817 469 desiderat,
850 429 889 458 et
919 417 1078 467 audire,
1111 416 1235 458 etiam
1268 417 1359 474 ipse
1386 418 1463 459 sub
1491 420 1644 460 eodem

219 493 382 550 positus
412 505 581 551 pastore
615 494 745 537 dicat:
779 495 1084 551 „Dominus²)
1115 495 1220 548 regit
1249 500 1378 536 me:“
1409 494 1494 536 sive
1526 507 1571 537 ut
1602 495 1643 537 in

219 570 311 613 aliis
341 571 538 626 legimus:
587 572 895 630 ‚,Dominus³)
925 573 1057 631 pascit
1090 589 1180 623 me,
1223 585 1264 614 et
1303 572 1408 614 nihil
1440 572 1542 615 mihi
1574 574 1646 615 de-

221 649 311 692 erit.
328 656 353 676 “
410 650 466 692 Et
496 650 697 707 quoniam
728 651 906 701 sciebat,
948 652 1054 693 alios
1084 662 1273 709 pastores
1306 651 1372 692 vel
1410 651 1573 704 ignavia
1589 651 1645 709 ⁴),

221 729 289 770 vel
319 728 532 785 imperitia
559 729 739 771 faciente
771 746 912 784 greges
940 730 981 772 in
1006 730 1112 772 locis
1136 729 1389 772 aridioribus
1418 729 1645 780 collocare,

218 806 270 847 de
289 805 330 859 5)
369 807 451 848 hoc
495 806 660 864 optimo
698 818 867 864 pastore
896 808 1088 850 Domino
1121 808 1247 850 dixit:
1289 806 1369 858 „in
1383 806 1425 864 ⁶)
1455 807 1555 849 loco
1586 807 1647 849 vi-

218 882 303 925 ridi
340 883 400 925 ibi
436 900 506 925 me
547 885 794 928 collocavit:
833 902 960 944 super
990 904 1140 944 aquam
1177 885 1422 928 refectionis
1453 885 1647 928 educavit

217 968 346 1004 me:“
388 964 636 1017 ostendens,
675 975 889 1022 pastorem
930 964 1041 1006 hunc
1079 981 1165 1007 non
1208 964 1346 1006 solum
1387 964 1647 1006 abundantes

218 1057 344 1098 aquas
376 1040 525 1083 ovibus
555 1043 661 1093 suis,
702 1043 776 1084 sed
808 1053 849 1083 et
879 1042 1063 1083 salubres
1105 1053 1145 1084 et
1175 1058 1324 1098 puras,
1362 1052 1404 1084 et
1434 1057 1539 1099 quae
1568 1057 1648 1098 per

221 1118 363 1161 omnia
391 1119 605 1169 reficiant,
646 1120 888 1176 providere.
950 1120 1037 1161 Sed
1076 1119 1275 1176 quoniam
1314 1121 1365 1160 ab
1398 1119 1480 1161 hoc
1523 1131 1646 1170 statu,

219 1214 303 1255 quo
334 1209 382 1238 ut
414 1196 504 1238 ovis
534 1198 611 1239 sub
640 1208 810 1254 pastore
841 1197 1023 1250 degerat,
1055 1212 1280 1239 conversus
1307 1197 1358 1238 ad
1381 1196 1649 1239 rationabilia

220 1287 260 1318 et
277 1277 318 1332 ⁷)
352 1275 529 1318 celsiora
558 1274 766 1332 profecit,
804 1274 932 1332 idque
972 1275 1149 1332 adeptus
1189 1287 1251 1317 est
1287 1291 1367 1332 per
1407 1275 1649 1317 conversio-

217 1370 336 1404 nem,
380 1352 594 1412 subjungit
644 1364 685 1394 et
732 1352 854 1394 dicit:
912 1353 1130 1404 „animam
1156 1352 1199 1408 8)
1243 1370 1383 1395 meam
1429 1352 1648 1395 convertit.

216 1431 375 1474 Eduxit
406 1448 474 1472 me
505 1448 633 1488 super
670 1431 838 1473 semitas
867 1430 1050 1490 justitiae
1079 1443 1259 1489 propter
1287 1448 1444 1474 nomen
1475 1438 1647 1476 suum.“

217 1511 328 1554 Hinc
344 1511 386 1568 9)
416 1527 518 1551 vero
551 1510 896 1567 quandoquidem
927 1510 969 1551 in
994 1510 1076 1551 boc
1102 1512 1355 1567 profecerat,
1387 1522 1432 1552 ut
1463 1509 1648 1567 justitiae

218 1590 434 1631 incederet
464 1588 572 1638 vias,
611 1587 768 1646 justitia
809 1602 948 1631 autem
974 1590 1040 1647 ¹⁰)
1071 1588 1197 1630 habet
1227 1588 1314 1630 sine
1347 1587 1477 1629 dubio
1510 1587 1646 1644 impu-

216 1678 411 1720 gnantem
443 1682 486 1707 se
517 1665 786 1724 injustitiam,
827 1680 869 1709 et
899 1684 1069 1710 necesse
1101 1679 1162 1709 est
1201 1683 1321 1718 eum,
1365 1666 1437 1724 qui
1466 1665 1647 1723 justitiae

215 1745 296 1786 iter
327 1744 508 1794 incedit,
548 1744 702 1785 habere.
742 1762 902 1802 pugnas
941 1746 1270 1797 adversantium,
1309 1746 1394 1787 fide
1425 1761 1649 1787 conversus

219 1835 259 1864 et
288 1840 360 1880 spe
393 1822 584 1878 dicit¹¹)
618 1823 671 1863 de
702 1822 773 1865 iis:
807 1841 937 1875 „nam
957 1826 1026 1881 ¹²)
1060 1837 1102 1867 et
1133 1825 1167 1867 si
1197 1825 1411 1868 ambulem
1443 1824 1485 1866 in
1505 1823 1647 1866 medio

337 2020 377 2075 ¹)
407 2020 542 2061 Deest
572 2019 741 2078 „ipso“
772 2021 817 2064 in
849 2023 944 2065 edd.
976 2023 1037 2065 M.

334 2094 375 2150 2)
410 2093 498 2135 Cfr.
529 2091 673 2134 Psalm
702 2092 868 2143 XXIII,
901 2093 940 2138 1.
973 2095 1159 2151 (XXII.)

333 2165 381 2218 3)
408 2163 564 2204 Psalm.
597 2162 762 2213 XXIII,
794 2163 831 2206 1.
864 2164 1050 2219 (XXII.)

334 2235 376 2292 ⁴¹)
407 2234 517 2275 Edd.
550 2234 612 2276 M.
649 2233 895 2283 „incuria.“

335 2305 377 2362 ⁵)
409 2304 519 2346 Edd.
550 2303 613 2345 M.
645 2315 724 2353 „et
754 2305 807 2345 de
836 2304 953 2345 hoc“
986 2316 1063 2346 etc.

334 2375 378 2433 ⁶)
408 2374 563 2417 Psalm.
594 2373 760 2424 XXIII,
789 2373 828 2417 2.
860 2375 1043 2431 (XXII.)

335 2447 378 2503 7)
407 2447 517 2487 Edd.
547 2444 609 2486 M.
641 2445 720 2494 „in
750 2445 1028 2488 excelsiora.“

334 2519 377 2571 8)
410 2517 565 2559 Psalm.
597 2515 763 2566 XXIII,
793 2515 831 2560 3.
863 2517 1047 2574 (XXII.)

337 2589 379 2645 9)
411 2588 523 2632 Edd.
554 2585 749 2628 Merlini:
791 2587 939 2637 „Hinc
970 2606 1070 2630 vero
1105 2593 1352 2634 ostendens:
1385 2593 1646 2651 quandoqui-

220 2648 319 2688 dem
349 2646 391 2688 in
424 2646 507 2686 hoc
537 2643 787 2702 proficeret,
816 2651 899 2684 ut“
929 2657 1006 2687 etc.

312 2718 382 2774 ¹⁰)
413 2717 523 2759 Edd.
554 2716 616 2758 Μ.
656 2726 831 2767 „autem
875 2716 963 2758 sine
1003 2740 1054 2749 —
1095 2718 1345 2779 injustitiam
1382 2721 1562 2778 patitur,
1604 2735 1646 2764 et

216 2779 424 2818 necesse“
454 2785 532 2817 etc.

314 2845 384 2901 ¹¹)
413 2844 525 2886 Edd.
555 2843 617 2886 M.
650 2841 791 2895 „dicit
822 2859 920 2898 ergo
952 2847 1006 2888 de
1033 2845 1133 2889 iis.“

314 2913 385 2974 12)
412 2914 569 2957 Psalm.
599 2913 764 2964 XXIII,
793 2913 832 2956 4.
865 2916 1052 2973 (XXII.)
