1759 3134
225 122 280 167 72
623 127 842 170 Omfflzms
872 140 917 171 m
948 128 1241 170 Ezncnmum

229 237 452 278 catoribus.
526 239 673 296 Neque
714 240 846 291 enim,
890 252 937 281 ut
982 239 1238 287 existimant,
1281 237 1334 277 ad
1372 237 1453 278 hoc
1491 250 1654 280 tantum

230 313 400 354 adhibet
437 315 664 371 supplicia,
701 329 748 358 ut
786 330 1003 373 torqueat,
1047 317 1120 357 sed
1162 315 1277 371 quasi
1308 326 1428 372 pater
1457 315 1534 356 scit
1563 316 1655 356 vul-

234 407 332 431 nera
365 392 552 433 omnium
583 406 787 445 nostrum,
817 395 907 445 scit,
939 410 1019 450 qua
1051 410 1098 433 ex
1131 408 1262 443 causa,
1296 392 1410 447 quod
1438 391 1557 432 ulcus
1587 409 1659 433 na-

234 478 325 508 tum
363 469 436 520 sit,
475 487 580 527 quae
619 473 800 527 putredo
848 471 1028 512 infelicis
1066 470 1249 519 animae,
1291 485 1338 510 ex
1370 486 1452 524 quo
1486 471 1660 510 ducatur

235 546 436 596 exordio,
474 548 606 602 qualis
645 550 804 605 species
842 548 1029 598 doloris,
1072 564 1118 587 ex
1159 562 1242 603 quo
1283 557 1457 602 peccato
1501 546 1658 586 veniat:

234 621 313 662 scit
344 634 384 662 et
413 625 590 674 formas,
622 638 662 667 et
686 627 724 682 ¹)
754 627 927 675 modos,
960 637 1001 665 et
1031 640 1228 665 numeros
1259 634 1558 678 peccatorum,
1589 623 1659 678 qui

236 700 390 751 semel,
421 701 507 752 bis,
538 714 685 759 terque
716 701 982 758 peccaverit,
1020 702 1090 758 qui
1125 704 1166 741 in
1199 717 1282 740 una
1311 699 1453 756 specie
1485 700 1662 740 delicto-

238 791 333 816 rum
371 793 495 834 saepe
536 780 666 820 ruerit
690 779 757 835 ²),
803 780 875 835 qui
915 779 957 819 in
999 779 1170 820 diversis
1209 777 1409 818 vitiorum
1447 776 1665 832 speciebus

238 851 408 905 singulis
448 867 609 898 tantum
649 857 807 898 vicibus
849 856 1059 897 erraverit.
1119 856 1234 896 Haec
1277 853 1417 894 omnia
1447 870 1524 894 nos
1553 853 1667 913 juxta

240 929 486 986 sapientiam
517 934 600 974 Dei
632 950 854 990 quaerere,
885 934 1115 973 seeundum
1147 932 1277 981 illud,
1319 931 1433 987 quod
1464 931 1666 987 scripturn

243 1018 324 1049 est:
355 1013 628 1068 „scrutans³)
663 1013 790 1053 corda
822 1023 862 1051 et
893 1027 1012 1051 renes
1029 1010 1208 1050 Deus:“
1241 1021 1282 1049 et
1312 1008 1530 1064 supplicia,
1563 1024 1668 1064 quae

243 1086 294 1124 ab
328 1102 377 1126 eo
410 1087 659 1141 irrogantur,
691 1091 748 1130 sic
778 1088 1029 1139 intelligere,
1062 1087 1177 1142 quasi
1210 1085 1332 1137 digna
1355 1085 1466 1136 Deo,
1499 1098 1540 1126 et
1571 1103 1669 1127 con-

244 1162 453 1205 venientia
485 1164 786 1221 dispensationi
818 1162 904 1220 ejus
929 1163 986 1219 ⁴),
1014 1180 1091 1203 nos
1122 1164 1225 1211 vult,
1255 1178 1341 1202 non
1371 1165 1667 1204 tantummodo

245 1240 434 1282 cruciari.
495 1241 649 1283 Omnia
691 1240 848 1296 quippe
889 1240 941 1279 ad
983 1239 1064 1279 hoc
1097 1240 1309 1290 condidit,
1352 1251 1399 1279 ut
1438 1252 1593 1290 essent,
1632 1252 1673 1280 et

243 1317 444 1358 salutares
484 1317 585 1358 seeit
615 1317 903 1370 generationes
932 1316 1101 1366 mundi,
1143 1328 1183 1356 et
1226 1333 1311 1356 non
1343 1328 1403 1357 est
1434 1316 1477 1357 in
1507 1315 1556 1357 iis
1586 1332 1674 1356 me-

243 1392 526 1435 dicamentum
555 1393 818 1450 perditionis.
880 1394 966 1434 Sed
999 1393 1094 1448 quia
1113 1425 1122 1443 ‚
1157 1395 1271 1449 quod
1302 1394 1375 1434 ille
1410 1394 1567 1445 voluit,
1597 1410 1674 1435 nos

247 1473 558 1512 contemnendo
598 1488 683 1511 non
723 1471 920 1520 fecimus,
967 1482 1007 1510 et
1049 1471 1144 1520 ille,
1188 1471 1302 1525 quod
1339 1471 1549 1526 cupierat,
1586 1488 1673 1513 non

244 1548 428 1588 exercuit
465 1549 509 1589 in
548 1547 682 1591 nobis.
742 1547 987 1603 Disputatio
1026 1564 1102 1587 nos
1145 1547 1306 1599 coegit,
1344 1559 1392 1587 ut
1428 1547 1590 1603 aliquid
1622 1550 1673 1589 de

243 1639 475 1678 poenarum
507 1625 648 1680 specie
680 1625 928 1674 diceremus,
961 1641 1064 1679 quae
1098 1625 1338 1665 inferuntur
1369 1625 1420 1664 ad
1451 1636 1617 1666 terram.

356 1701 395 1743 2.
440 1702 658 1742 Debemus
697 1713 837 1742 autem
868 1718 1015 1750 nosse,
1060 1702 1157 1756 quia
1186 1718 1273 1742 non
1304 1700 1470 1750 statim,
1509 1702 1584 1742 ubi
1614 1703 1674 1743 fa-

245 1793 333 1818 mes
363 1778 504 1829 suerit,
534 1791 732 1835 sequatur
763 1791 805 1819 et
836 1794 964 1819 mors.
1021 1777 1170 1818 Potest
1202 1777 1359 1834 quippe
1391 1777 1496 1828 fieri,
1526 1790 1573 1818 ut
1603 1779 1678 1819 ali-

250 1855 341 1911 quis
380 1857 537 1897 famem
577 1856 782 1896 sustinens
818 1867 1061 1911 perseveret
1091 1855 1133 1895 in
1167 1855 1272 1905 vita,
1312 1855 1413 1895 licet
1440 1854 1600 1906 inedia,
1639 1868 1681 1897 et

249 1933 477 1987 squallore,
509 1946 550 1975 et
577 1932 712 1973 macie
745 1932 1035 1973 discrucietur.
1095 1932 1242 1972 Potest
1273 1931 1378 1981 fieri,
1410 1944 1456 1971 ut
1486 1932 1679 1974 immissis

249 2009 392 2050 bestiis
422 2011 544 2051 malis
578 2009 718 2051 statim
748 2025 833 2049 non
867 2024 1011 2049 omnes
1041 2020 1238 2063 pereant,
1280 2009 1400 2060 fugae
1431 2009 1587 2049 auxilio
1618 2026 1684 2050 re-

250 2086 413 2128 servati.
473 2087 621 2127 Potest
652 2085 840 2135 evenire,
871 2097 917 2126 ut
949 2086 1147 2126 caedente
1178 2085 1428 2141 romphaea,
1460 2098 1590 2127 cesset
1620 2086 1683 2127 in·-

250 2161 411 2203 teritus.
470 2163 608 2204 Modo
639 2163 916 2202 vulnerantur
947 2162 1117 2217 quidam
1150 2174 1189 2202 et
1219 2174 1432 2213 secantur,
1464 2175 1518 2214 et,
1548 2175 1595 2204 ut
1625 2165 1682 2205 ita

251 2238 401 2290 dicam,
433 2239 587 2280 crebris
618 2239 768 2280 ictibus
801 2238 1105 2280 confodiuntur
1125 2239 1179 2293 ⁵),
1210 2256 1288 2279 nec
1318 2251 1457 2279 tamen
1489 2253 1682 2295 pereunt.

252 2315 417 2357 Idcirco
457 2334 567 2357 nunc
603 2333 742 2372 poena
788 2315 1017 2357 novissima
1050 2315 1091 2355 in
1125 2316 1485 2357 enumerationem
1507 2318 1549 2373 ⁶)
1580 2334 1682 2373 poe-

252 2408 399 2433 narum
438 2393 584 2434 mortis
625 2393 816 2434 insertur.
880 2391 1122 2433 Istiusmodi
1158 2392 1358 2447 quiddam
1394 2406 1433 2434 et
1464 2394 1686 2436 sacratissi-

378 2576 414 2630 ')
445 2575 577 2616 Deest
607 2580 718 2625 ‚,et“
751 2574 791 2614 in
827 2576 894 2616 ed.
931 2576 1076 2616 Ruaei.

370 2645 413 2698 ²)
443 2645 551 2685 Edd.
581 2644 782 2687 Merlini:
818 2644 913 2685 ruit.
1033 2646 1076 2701 ³)
1111 2645 1267 2690 Psalm,
1298 2645 1393 2694 VII,
1424 2645 1461 2687 9.

372 2714 414 2770 ⁴)
444 2715 552 2755 Edd.
571 2714 765 2756 Merlini:
799 2714 898 2771 ejus.
944 2716 1042 2755 Non
1070 2716 1161 2755 vult
1186 2732 1260 2755 vos
1286 2715 1582 2756 tantummodo
1610 2727 1675 2756 ete

376 2785 416 2840 ⁵)
447 2785 556 2825 Edd.
589 2785 789 2826 Merlini:
824 2786 1152 2825 confunduntur.

376 2855 418 2911 6)
449 2855 559 2896 Edd.
593 2855 786 2897 BIerlini:
821 2854 1148 2895 enumeratione.
