1759 3134
450 737 503 796 O
547 737 604 797 R
647 738 672 797 Ι
717 738 774 798 G
816 739 867 798 E
913 739 973 798 N
1017 739 1041 798 Ι
1084 738 1128 799 S

132 885 220 934 IN
282 885 764 936 CANTICUM
824 887 1441 965 CANTICORUM

448 1147 1133 1248 PROLoGtJ51).

500 1316 813 1369 Interprete
857 1314 1072 1355 Rufino.

77 1430 428 1513 Epithalamium
451 1456 494 1511 2)
532 1454 704 1495 libellus
742 1454 833 1504 hic,
874 1454 919 1494 id
959 1466 1040 1504 est,
1083 1454 1275 1510 nuptiale
1314 1472 1494 1507 carmen,

75 1535 273 1577 dramatis
301 1534 345 1575 in
374 1535 551 1575 modum
580 1531 686 1573 mihi
716 1530 884 1572 videtur
912 1548 936 1572 a
960 1532 1190 1573 Salomone
1222 1533 1496 1589 conscriptus,

77 1629 204 1670 quem
243 1612 394 1653 cecinit
430 1612 558 1652 instar
600 1609 795 1650 nubentis
832 1625 1034 1665 sponsae,
1079 1621 1120 1650 et
1159 1626 1253 1663 erga
1292 1627 1495 1666 sponsum

77 1708 213 1741 suum,
244 1690 314 1746 qui
345 1701 407 1730 est
435 1704 573 1730 sermo
597 1687 695 1736 Dei,
728 1687 902 1727 coelesti
932 1702 1076 1727 amore
1104 1687 1325 1740 flagrantis.
1387 1691 1497 1730 Ada-

76 1767 207 1808 mavit
237 1766 349 1806 enim
379 1781 489 1816 eum,
520 1764 606 1805 sive
637 1763 788 1814 anima,
819 1779 923 1819 quae
949 1765 1002 1804 ad
1025 1764 1250 1817 imaginem
1275 1765 1363 1822 ejus
1388 1767 1496 1808 facta

81 1855 163 1894 est,
204 1843 290 1884 sive
330 1842 517 1883 ecclesia.
578 1842 664 1883 Sed
704 1853 745 1881 et
769 1841 812 1896 3)
853 1841 1096 1893 magnificus
1132 1842 1200 1883 hic
1241 1842 1331 1898 ipse
1371 1855 1494 1899 atque

76 1921 288 1976 perfectus
317 1936 514 1976 sponsus,
555 1918 704 1974 quibus
742 1917 880 1959 verbis
919 1935 1017 1959 usus
1054 1919 1107 1960 sit
1143 1920 1197 1960 ad
1228 1919 1496 1978 conjunctam

74 1997 154 2039 sibi
184 1997 378 2047 animam,
409 1997 477 2037 vel
509 1995 741 2045 ecclesiam,
771 1995 873 2036 haec
904 1995 995 2050 ipsa
1022 1995 1230 2053 scriptura
1254 2014 1332 2038 nos
1355 1999 1492 2040 docet.

75 2075 252 2117 sodales
267 2075 310 2130 4)
332 2090 501 2130 quoque
523 2089 699 2130 sponsae
723 2072 1076 2124 adolescentulae,
1108 2090 1205 2115 cum
1224 2075 1315 2132 ipsa
1344 2093 1497 2132 sponsa

74 2152 250 2208 positae,
282 2168 387 2208 quae
417 2151 597 2192 dixerint
616 2151 686 2207 ⁵),
717 2167 908 2207 quaeque
942 2151 1069 2192 etiam
1099 2151 1226 2194 amici
1255 2168 1302 2193 ac
1331 2154 1496 2194 sodales

195 2292 238 2341 ’ὃ
276 2293 442 2333 Ruaeus
478 2292 522 2332 in
559 2291 691 2333 notis:
733 2292 925 2334 Collatus
964 2304 1026 2334 est
1061 2292 1130 2334 hic
1170 2293 1494 2334 commentarius

78 2366 174 2390 cum
203 2349 305 2389 Mss.
342 2365 429 2389 uno
472 2348 719 2389 cathedralis
759 2349 958 2390 ecclesiae
992 2350 1034 2391 S.
1064 2349 1183 2392 Petri
1212 2348 1493 2400 Belvacensis,

77 2406 211 2446 altero
244 2405 506 2455 Turonensi,
535 2416 576 2445 et
604 2405 730 2445 tertio
761 2405 1006 2447 monasterii
1034 2406 1271 2447 Beccensis.

191 2475 234 2531 2)
263 2475 374 2515 Edd.
412 2475 608 2516 Merlini:
647 2475 964 2530 Epithalamion
1005 2476 1201 2526 libellus,
1236 2476 1281 2516 id
1320 2487 1381 2515 est
1418 2491 1494 2515 nu-

76 2532 207 2588 ptiale
247 2547 414 2572 carmen
452 2531 495 2571 in
531 2532 710 2572 modum
746 2533 850 2573 mihi
888 2534 1055 2574 videtur
1093 2531 1288 2573 dramatis
1318 2547 1340 2572 a
1372 2532 1495 2573 Salo-

76 2605 203 2629 mone
236 2587 511 2643 conscriptus,
542 2604 667 2643 quem
693 2588 843 2630 cecinit
868 2590 996 2631 instar
1016 2588 1199 2631 ludentis
1218 2604 1396 2645 sponsae
1415 2600 1492 2630 etc.

192 2658 235 2714 3)
264 2658 374 2698 Edd.
404 2657 599 2698 Merlini:
631 2657 687 2698 id.

126 2786 139 2827 l
192 2729 240 2784 4)
268 2728 376 2769 Edd.
408 2727 602 2768 Merlini:
635 2728 812 2770 Sodales
842 2746 1018 2786 sponsae
1048 2746 1218 2788 quoque
1248 2731 1492 2773 adolescen-

78 2798 123 2827 tu
143 2802 189 2828 ae
222 2797 299 2826 etc.

193 2856 235 2910 ⁵)
267 2856 376 2897 Edd.
406 2854 600 2896 Merlini:
634 2854 837 2896 dixerunt.
