1759 3134
614 140 660 169 m
681 126 982 167 Ezncnmnzm
1423 124 1501 169 191

83 239 110 311 ἦ
140 237 313 298 τροφή·
347 237 400 282 οὐ
428 235 523 295 μὴν
553 237 629 281 ἐπὶ
658 240 876 282 τοσοῦτον
907 237 982 280 καὶ
1012 237 1073 285 εἲς
1101 231 1358 293 ὑπερβολὴν
1386 233 1503 278 ἀκα-

81 314 268 376 θάρτοις
296 316 371 358 καὶ
400 313 666 359 δυσώδεσιν.
716 314 807 358 Οὐκ
831 309 934 356 οἶδα
964 314 1029 367 δὲ,
1062 311 1219 355 ὁποῖαι
1249 313 1325 366 τῆς
1353 315 1504 368 ψυχῆς

82 395 252 450 τροφαὶ
281 389 422 448 πυρὸς
453 389 511 434 ἂν
541 395 769 449 λέγοιντο·
810 394 887 434 καὶ
917 393 965 433 αἱ
993 390 1204 432 ποδαπαὶ
1232 387 1391 447 κριθὴ,
1424 391 1503 432 καὶ

84 475 199 519 τίνες
223 467 405 525 κύαμοι,
439 471 515 511 καὶ
547 471 594 511 αἱ
622 471 793 511 λοιπαί.
838 472 919 516 Εἰς
950 463 1220 524 ὀστράκινον
1250 466 1300 508 δὲ
1330 464 1503 522 ἐμβάλ-

85 549 238 590 λονται
267 539 434 601 ἄγγος,
468 548 528 593 εἰς
558 543 605 588 τὸ
636 545 814 601 ληφθὲν
851 547 928 587 καὶ
958 544 1166 587 πλασθὲν
1196 540 1287 584 ἀπὸ
1318 545 1394 597 τῆς
1421 545 1503 599 γῆς

84 626 228 681 σῶμα.
270 620 472 665 Ἐσθίειν
502 622 549 665 δὲ
582 625 720 666 εἴκοσι
754 624 933 670 σίκλους
961 616 1198 664 κελεύεται.
1245 617 1339 661 Οὐκ
1365 618 1501 676 ἒχρῆν

83 698 171 755 γὰρ
201 697 281 742 τὸν
312 697 452 746 οὕτως
482 697 745 757 ἀκάθαρτον
767 694 1126 753 βρωθησόμενον
1153 690 1290 752 ἄρτον
1315 695 1365 738 ἓν
1384 693 1501 752 ἁγίῳ

81 773 523 834 παραλαμβάνεσθαι
556 775 760 835 ἀριθμῷ,
803 770 960 821 ὁποῖός
991 774 1113 815 ἔστιν
1145 771 1167 815 ὁ
1206 775 1280 827 τῆς
1310 771 1501 822 δεκάδος

80 856 157 897 καὶ
187 850 463 910 ἑβδομάδος,
496 849 523 906 ἢ
554 850 816 909 τριακάδος,
850 848 876 905 ἢ
908 850 1156 906 ὀγδοάδος,
1196 844 1223 903 ἥ
1263 865 1383 898 τινος
1412 853 1501 894 τῶν

82 929 256 986 ὁμοίων
290 930 529 987 ἀριθμῶν·
575 927 665 970 ἀλλ’
713 929 762 972 ἐν
803 927 987 984 ἀριθμῷ
1026 927 1076 970 δὲ
1114 928 1193 969 τοῦ
1231 931 1411 986 κυρίου,
1454 923 1501 975 ὃς

83 1005 159 1051 διὰ
199 1005 280 1061 τὴν
321 1004 470 1050 δυάδα
511 1007 588 1047 καὶ
631 1010 782 1061 σχίσιν
824 1007 1048 1061 περιέχειν
1092 999 1366 1061 ἀκαθάρτων
1408 1003 1499 1047 ἐστι

83 1082 325 1141 συγγενής·
370 1080 429 1131 ὠς
466 1079 607 1137 δῆλόν
644 1083 765 1125 ἔστιν
807 1082 856 1125 ἐκ
885 1083 975 1124 τῶν
1005 1081 1054 1124 ἐν
1082 1083 1132 1140 τῇ
1164 1083 1338 1138 κιβωτῷ
1367 1097 1500 1138 γινο-

81 1166 235 1217 μένων
265 1159 387 1210 ζώων
417 1157 711 1216 ἀκαθάρτων,
753 1162 829 1201 καὶ
870 1161 967 1201 τῶν
1003 1156 1410 1213 ἀποστελλομένων
1437 1162 1499 1215 τῷ

78 1237 220 1280 Ἠσαῦ
250 1236 376 1295 παρὰ
407 1233 674 1290 τοῦἸακώβ.
725 1233 792 1277 Tc}
820 1232 909 1293 γὰρ
941 1237 1129 1277 πλεῖστα
1160 1234 1311 1278 αὐτῶν
1340 1238 1401 1291 τῷ
1432 1239 1499 1280 εἴ-

82 1329 183 1358 κοσι
214 1313 396 1373 ἀριθμῷ
428 1313 744 1370 ἀναπέμπεται
775 1309 887 1369 πρὸς
917 1308 1069 1355 αὐτόν.
1128 1314 1221 1354 Καὶ
1253 1310 1274 1355 ὁ
1307 1312 1354 1362 ἓξ
1397 1312 1498 1372 ἀρι-

66 1389 200 1446 θμὸς
224 1394 284 1439 εἷς
310 1389 358 1432 τὸ
377 1394 544 1447 με’τρον
564 1393 643 1433 τοῦ
675 1392 817 1432 ποτοῦ
848 1387 1269 1447 παραλαμβάνεται,
1302 1392 1380 1432 καὶ
1407 1389 1498 1433 ἀπὸ

81 1467 127 1516 ἓξ
165 1467 364 1524 ἀριθμοῦ
406 1465 428 1509 ὁ
470 1462 602 1525 άρτος
639 1470 812 1522 γίνεται
857 1469 1026 1524 πυροῦ,
1072 1469 1148 1509 καὶ
1191 1469 1372 1526 κριθῆς,
1424 1470 1500 1510 καὶ

81 1541 274 1602 κυάμου,
308 1546 383 1586 καὶ
409 1545 499 1587 τῶν
527 1545 724 1586 λοιπῶν·
766 1543 951 1601 ἐπείπερ
983 1544 1105 1587 ἐστὶν
1137 1542 1160 1588 ὁ
1192 1543 1387 1603 ἀριθμὸς
1419 1536 1499 1588 οὗ-

81 1637 154 1669 τος
195 1618 375 1668 πάθους
418 1618 651 1675 σύμβολον
695 1622 772 1661 καὶ
816 1618 1053 1669 κακώσεως
1095 1623 1174 1664 τοῦ
1215 1624 1413 1680 σωτῆρος
1448 1625 1498 1680 τῇ

82 1698 181 1757 ἕκτῃ
212 1695 357 1754 ἡμέρᾳ
389 1694 688 1750 πεπονθότος,
720 1699 796 1738 καὶ
827 1697 877 1738 ἐν
905 1699 955 1754 τῇ
979 1695 1498 1753 ἀποκαλύψειἸωάννου

82 1777 161 1817 τοῦ
207 1771 429 1829 ὀνόματος
475 1775 553 1816 τοῦ
597 1776 759 1829 θηρίου
809 1771 888 1815 τὸν
932 1771 1156 1822 ἑξακόσιοι
1195 1773 1409 1829 ἑξήκοντα
1452 1776 1497 1825 ἓξ

82 1853 263 1907 ἔχοντος
289 1846 502 1909 ἀριθμόν.
551 1846 647 1892 Ὀὐκ
666 1849 929 1906 ἀγνοοῦμεν
947 1851 1002 1893 δέ
1029 1867 1127 1894 τινα
1156 1853 1247 1894 τῶν
1277 1850 1497 1909 ἀντιγρά-

81 1943 186 1987 φων
226 1928 346 1983 ἔχειν
384 1926 545 1969 ἑκατὸν
583 1929 661 1968 καὶ
700 1924 980 1980 πεντήκοντα
1022 1925 1215 1985 ἡμέρας·
1265 1933 1342 1972 καὶ
1383 1926 1496 1974 ἄλλα

82 2001 354 2059 ἐνενήκοντα
385 2007 460 2046 καὶ
489 2001 651 2047 ἑκατὸν
679 2001 869 2062 ἡμέρας,
906 2006 982 2046 καὶ
1012 2003 1064 2047 τὰ
1093 2008 1284 2050 πλείονα
1315 2007 1365 2051 δὲ
1396 2008 1497 2051 ἕνε-

82 2080 280 2136 νήκοντα
317 2082 394 2123 καὶ
435 2077 597 2123 ἑκατὸν
633 2077 813 2136 ἡμέρας.
869 2079 979 2123 Ἀλλ’
1020 2080 1382 2140 ἐπισκεψάμενοι
1418 2084 1496 2134 τὰς

82 2157 241 2206 λοιπὰς
282 2154 481 2205 ἐκδόσεις
522 2153 717 2215 εὕρομεν
761 2163 1018 2217 τριακοσίας
1063 2155 1181 2204 εἶναι
1222 2163 1297 2204 καὶ
1338 2160 1497 2217 ἐνενή-

84 2251 222 2278 κοντα
251 2232 434 2292 ἡμέρας.
487 2237 637 2277 Ταῦτα
659 2234 709 2277 δὲ
730 2232 880 2278 πάντα
900 2241 1074 2292 γίνεται
1095 2236 1148 2280 τὰ
1174 2242 1495 2298 προειρημένα,

83 2315 159 2354 ἵνα
198 2312 356 2370 ἐντακῇ
395 2311 580 2359 ἕκαστος
616 2312 667 2354 ἐν
696 2316 791 2360 ταῖς
821 2312 1016 2363 ἀδικίαις
1046 2313 1184 2359 αὐτοῦ
1214 2319 1305 2360 τῶν
1332 2315 1494 2372 ἠδικη-

82 2386 249 2442 κότων,
281 2392 358 2430 καὶ
387 2391 447 2444 τῷ
481 2386 635 2437 ἄδικος
664 2383 780 2432 εἶναι
812 2389 1112 2448 ἀποθανῆται.

193 2463 336 2519 ,,Ἰδοὺ
363 2464 415 2520 Ι),
449 2464 624 2523 δεζδωκά
657 2481 728 2510 σοι
756 2464 941 2523 βόλβιτα
972 2472 1147 2525 βοῶν.“
1209 2468 1388 2515 Οὐκοῦν
1419 2473 1492 2513 αῖ-

81 2545 275 2585 νίττεταί
288 2556 328 2583 τι
356 2540 574 2595 μυστικὸν
603 2547 706 2600 περὶ
735 2546 810 2599 τῆς
842 2549 988 2603 ψυχῆς
1018 2550 1092 2603 τῆς
1111 2550 1496 2607 αῗχμαλωτισθεί,

82 2632 159 2671 σης
190 2615 212 2660 ὁ
244 2613 499 2675 προφήτης,
533 2617 584 2660 οὗ
615 2618 870 2678 δυνάμενος
900 2622 1077 2684 τροφὴν
1106 2623 1254 2679 πάντη
1285 2623 1496 2684 ἀκαθαρ-

82 2699 180 2743 σίας
208 2693 560 2750 ἀπηλλαγμένην
595 2694 858 2751 λαμβάνειν.

202 2848 240 2901 1)
270 2846 420 2886 Ezech.
454 2846 525 2893 lV,
564 2845 625 2886 15.
