1759 3134
243 144 299 189 62
643 141 864 184 Omcnms
894 150 938 181 m
969 139 1265 182 Ezsscmssmm

240 270 350 298 terra
388 253 621 313 peccatrice
658 253 784 294 trium
824 253 1000 293 istorum
1041 251 1198 307 pariter
1235 265 1432 292 numerus
1474 268 1665 295 commo-

241 334 352 376 rari?
410 332 645 387 Quomodo
682 343 769 372 tam
806 330 979 371 diversis
1009 327 1272 384 temporibus
1305 327 1536 370 viventium
1566 345 1662 387 pot-

242 423 302 452 est
332 410 442 450 inter
470 425 512 449 se
542 408 628 449 vita
657 407 880 465 conjungi?
939 409 986 448 In
1016 405 1224 463 praesenti
1257 405 1453 458 legimus,
1491 407 1534 448 in
1565 426 1665 464 pec—

242 488 393 529 catrice
433 499 543 527 terra
587 502 658 526 eos
697 486 855 541 pariter
886 485 1136 534 consistere,
1176 484 1219 524 id
1262 496 1322 524 est
1347 485 1465 535 Noe,
1508 486 1579 541 qui
1618 487 1661 528 in

240 563 404 605 diluvio
450 563 552 613 fuit,
594 575 634 604 et
671 563 919 613 Danielem,
961 563 1031 618 qui
1071 562 1112 601 in
1151 560 1389 616 captivitate
1428 562 1659 620 Babylonis

240 652 524 681 commoratus
557 652 630 689 est,
663 652 703 680 et
732 641 830 689 Job,
860 640 931 695 qui
962 639 1223 695 temporibus
1256 639 1586 694 patriarcharum
1617 653 1659 681 et

238 719 371 759 Mosis
410 717 557 758 vixisse
597 717 855 773 perhibetur.
930 717 1025 757 Hoc
1069 716 1181 756 enim
1219 728 1385 772 tempus
1424 716 1658 758 invenimus

237 796 345 836 vitae
375 796 472 836 Job.
534 794 652 849 Quid
692 810 789 846 ergo
828 810 1050 850 possumus
1083 793 1251 835 dicere?
1307 794 1553 835 Bleminisse
1585 795 1657 835 de-

236 874 406 923 bemus,
443 884 491 912 ut
530 888 652 929 saepe
690 870 773 930 jam
813 872 1012 921 diximus,
1054 871 1171 928 quia,
1206 883 1253 912 ut
1281 871 1411 912 homo
1443 871 1659 912 hominem

236 962 417 1003 generat,
449 961 489 990 et
518 950 649 990 Israel
679 960 847 1002 generat
877 949 1018 989 Israel.
1078 949 1206 989 lsrael
1237 949 1394 1004 quippe
1427 966 1522 990 cum
1555 962 1661 991 esset

235 1028 393 1078 Jacob,
431 1027 644 1079 generavit
674 1027 802 1068 Israel
842 1026 1065 1082 populum.
1123 1026 1179 1066 Et
1209 1025 1443 1067 invenimus
1474 1027 1516 1067 in
1547 1028 1660 1069 Scri—

233 1105 391 1160 pturis,
433 1104 562 1144 Israel
599 1120 757 1144 nomen
795 1115 881 1144 tam
910 1103 954 1144 in
982 1119 1068 1144 uno
1100 1104 1293 1154 homine,
1338 1120 1463 1159 quam
1494 1104 1536 1144 in
1566 1105 1659 1145 uni-

234 1196 354 1221 verso
385 1181 550 1236 populo
584 1180 679 1221 dici.
740 1180 810 1222 Sic
839 1196 926 1220 non
957 1180 1096 1220 solum
1118 1181 1247 1220 Israel
1264 1181 1406 1230 Israel,
1438 1198 1583 1221 verum
1616 1193 1659 1222 et

232 1258 386 1298 Ruben
414 1269 582 1310 generat
612 1258 786 1307 Ruben,
829 1268 870 1297 et
900 1257 1073 1299 Simeon
1113 1269 1281 1309 generat
1311 1258 1579 1308 Simeonem,
1619 1270 1662 1298 et

231 1334 336 1375 Levi
363 1335 480 1385 Levi,
512 1346 553 1376 et
576 1335 706 1376 Judas
721 1335 888 1383 Judam,
921 1345 962 1374 et
991 1333 1145 1390 reliqui
1176 1351 1336 1386 omnes,
1368 1336 1439 1392 qui
1468 1336 1512 1376 in
1542 1335 1656 1376 tribu

230 1412 341 1452 Juda
369 1424 487 1463 sunt,
525 1414 577 1453 ab
607 1412 722 1453 illius
752 1411 883 1467 stirpe
915 1411 1149 1462 venientes,
1178 1412 1308 1453 Judas
1338 1425 1656 1469 nuncupantur:

233 1500 275 1529 et
318 1488 546 1545 replicatae
592 1500 688 1530 sunt
732 1488 975 1544 Scripturae
1019 1489 1062 1530 in
1107 1490 1220 1530 tribu
1262 1490 1372 1530 Juda
1414 1491 1657 1532 nominibus

230 1566 351 1608 Juda.
423 1566 484 1606 Ea
522 1583 627 1622 quae
668 1566 711 1606 in
751 1565 1117 1607 benedictionibus
1153 1568 1287 1608 Jacob
1324 1583 1401 1622 per
1424 1567 1463 1622 ¹)
1503 1568 1657 1609 Mosen

233 1643 284 1682 de
307 1643 458 1682 Ruben
491 1654 532 1683 et
561 1643 737 1684 Simeon
768 1655 810 1684 et
838 1644 941 1683 Levi
971 1656 1013 1684 et
1036 1644 1148 1684 Juda
1179 1644 1387 1694 dicuntur,
1422 1655 1462 1685 et
1494 1645 1655 1695 ceteris,

230 1735 316 1759 non
355 1718 414 1759 sic
454 1719 711 1760 conveniunt
747 1721 1016 1776 patriarchis,
1059 1732 1108 1761 ut
1144 1720 1228 1770 his,
1271 1721 1343 1776 qui
1383 1722 1653 1774 cognomines

232 1812 380 1837 eorum
410 1808 589 1852 propter
616 1797 802 1838 familiae
830 1797 1017 1838 radicem
1044 1797 1301 1838 exstiterunt.
1346 1798 1652 1856 ,‚Benjamin²)

233 1874 357 1929 lupus
386 1890 513 1930 rapax
543 1875 596 1914 ad
624 1876 879 1916 matutinum
909 1876 1109 1925 comedit,
1141 1886 1181 1916 et
1212 1876 1264 1915 ad
1294 1891 1513 1931 vesperam
1539 1876 1655 1918 dabit

234 1957 412 1992 escam.“
468 1950 692 2010 Benjamin
732 1953 807 1993 ille
845 1969 1060 2008 nunquam
1097 1953 1179 1993 suit
1207 1953 1331 2008 lupus
1360 1969 1506 2008 rapax,
1543 1954 1655 1995 Ben-

230 2026 359 2083 jamin
388 2027 463 2068 ille
492 2044 708 2084 nunquam
735 2029 778 2069 in
808 2045 1026 2085 vesperam
1056 2029 1174 2070 dedit
1204 2046 1359 2071 escam:
1391 2033 1465 2072 sed
1494 2032 1549 2082 is,
1582 2033 1654 2089 qui

229 2115 349 2144 natus
389 2116 450 2145 est
489 2121 538 2146 ex
578 2106 692 2146 tribu
733 2105 977 2164 Benjamin,
1022 2107 1238 2148 Hebraeus
1261 2109 1303 2164 ³)
1351 2124 1399 2148 ex
1436 2109 1654 2160 Hebraeis,

228 2179 342 2237 juxta
385 2181 521 2234 legem
556 2183 818 2238 pharisaeus,
865 2184 1133 2226 circumcisus
1178 2197 1327 2226 octavo
1368 2186 1457 2237 die,
1501 2186 1654 2245 Benja-

228 2257 317 2298 min
341 2258 383 2314 ⁴)
423 2259 745 2314 praedicabatur
781 2261 907 2317 lupus
948 2279 1077 2318 rapax
1119 2263 1171 2303 ad
1213 2262 1467 2303 matutinum
1511 2280 1653 2305 come-

229 2336 353 2386 dens,
395 2324 561 2392 quando
604 2337 765 2395 juvenis
804 2338 907 2390 fuit3
944 2351 985 2380 et
1023 2339 1066 2380 in
1105 2356 1322 2395 vesperam
1361 2341 1460 2381 dans
1502 2357 1651 2393 escam,

230 2412 397 2468 quando
439 2414 611 2454 credens
650 2415 914 2470 spiritualem
942 2416 1137 2472 praebuit
1167 2416 1308 2458 cibum
1338 2433 1361 2458 a
1389 2435 1431 2459 se
1464 2419 1648 2461 ecclesiis

345 2559 384 2614 ¹)
415 2559 525 2600 Edd.
556 2560 752 2601 Merlini:
785 2573 828 2602 et
857 2563 1021 2604 Mosen.
1141 2565 1184 2621 ²)
1219 2564 1325 2606 Gen.
1355 2564 1509 2614 XLIX,
1539 2564 1606 2607 27.

342 2628 385 2682 ³)
417 2628 496 2669 Ed.
528 2630 682 2670 Ruaei:
720 2632 1074 2687 „praedicabatur
1104 2635 1333 2684 Hebraeus,
1366 2651 1413 2675 ex
1443 2634 1645 2675 Hebraeis

225 2682 373 2741 juxta“
413 2697 489 2726 etc.
531 2709 582 2715 —-
621 2687 731 2728 Edd.
772 2705 872 2729 vero
912 2690 973 2731 M.
1012 2703 1145 2732 recte:
1186 2692 1436 2742 „Hebraeus
1474 2707 1522 2731 ex
1560 2691 1645 2731 He-

225 2740 381 2790 braeis,
412 2740 560 2798 juxta“
594 2754 672 2784 etc.
1261 2769 1263 2771 ·

344 2810 386 2867 ⁴)
419 2811 551 2853 Deest
580 2813 662 2854 hoc
692 2815 814 2865 loco,
847 2816 920 2856 cfr.
951 2833 1042 2872 pag.
1074 2816 1158 2874 huj.
1191 2829 1278 2859 not.
1300 2816 1363 2861 3.:
1395 2816 1645 2873 „praedica-

227 2868 384 2909 batur“
415 2868 457 2909 in
488 2870 550 2910 ed.
583 2870 728 2912 Ruaei.
