1759 3134
690 144 828 185 L1BER
858 146 913 186 ΙΙ.
1430 149 1514 195 415

104 271 256 311 corpus
295 272 471 312 sponsae
512 257 687 298 dicitur:
727 258 947 314 ‚,quam¹)
978 260 1192 314 speciosae
1240 263 1373 304 factae
1421 278 1515 307 sunt

101 348 229 384 genae
260 339 396 375 tuae.“
451 333 508 375 Et
535 335 724 385 observa,
755 334 853 390 quia
881 350 968 375 non
998 336 1122 379 dixit:
1155 355 1281 394 quam
1304 341 1517 397 speciosae

102 421 198 450 sunt
235 425 363 463 genae
399 422 517 452 tuae:
561 411 656 452 sed:
701 412 924 468 ‚,quam²)
953 413 1169 469 speciosae
1199 418 1332 459 factae
1363 426 1516 461 sunt:“

102 499 149 529 ut
179 488 389 538 ostendat,
429 487 545 544 prius
590 487 761 545 quidem
799 506 886 531 non
925 506 992 532 eas
1033 491 1090 533 ita
1130 493 1255 535 fuisse
1295 496 1518 552 speciosaS,

103 565 232 621 sed³)
264 576 540 622 posteaquam
565 565 748 623 suscepit
779 567 922 609 oscula
949 568 1117 624 sponsi,
1149 582 1189 611 et
1218 571 1322 627 ipse,
1353 573 1426 629 qui
1455 574 1520 615 lo·-

106 644 311 699 quebatur
349 659 426 699 per
464 643 715 700 prophetas,
761 643 877 700 prius
916 645 1062 698 affuit,
1107 659 1148 688 et
1183 648 1402 691 mundavit
1439 650 1520 692 sibi

103 718 184 775 ipsi
215 719 435 762 ecclesiam
465 738 583 763 suam
619 721 786 763 lavacro
817 737 970 778 aquae,
1014 734 1055 764 et
1082 724 1183 766 fecit
1215 741 1307 767 eam
1334 742 1421 768 non
1449 727 1521 771 ha-

101 797 202 839 bere
231 799 440 840 maculam
469 811 540 840 aut
568 815 734 853 rugam,
780 810 821 840 et
850 799 1107 852 agnitionem
1137 802 1200 844 sui
1229 803 1438 860 praestitit
1467 804 1521 858 ei,

103 884 201 916 tunc
230 876 364 917 factae
393 889 489 918 sunt
516 877 729 934 speciosae
759 893 887 930 genae.
918 876 1017 935 ejus.
1065 878 1187 920 Tunc
1217 880 1329 922 enim
1359 882 1521 923 castitas
1575 881 1580 883 “

105 963 146 992 et
174 952 379 1008 pudicitia
409 966 451 995 et
480 954 714 1007 virginitas,
755 971 860 1011 quae
889 955 1006 1011 prius
1034 972 1123 997 non
1152 957 1310 1010 fuerat,
1349 976 1427 1015 per
1455 976 1522 1000 ec-

105 1030 254 1072 clesiae
293 1048 413 1086 genas
452 1032 644 1088 specioso
689 1033 844 1075 decore
885 1032 1039 1075 diffusa
1077 1045 1149 1076 est.
1219 1034 1340 1089 Quae
1381 1048 1522 1078 tamen

103 1124 302 1162 genarum
330 1109 516 1166 specieS,
546 1109 589 1150 id
621 1122 702 1161 est,
731 1110 961 1167 pudicitiae
993 1123 1034 1153 et
1065 1110 1261 1153 castitatis
1291 1114 1523 1156 turturibus

105 1199 383 1244 comparatur.
450 1188 682 1229 Turturum
729 1189 869 1230 ferunt
906 1187 1150 1247 hujusmodi
1188 1202 1378 1232 naturam
1422 1209 1523 1244 esse,

106 1276 153 1305 ut
188 1281 326 1321 neque
364 1267 572 1307 masculus
610 1277 778 1322 praeter
816 1283 943 1308 uuam
981 1267 1183 1308 feminam
1223 1269 1345 1310 adeat
1385 1269 1524 1321 aliam,

103 1357 181 1383 nec
212 1343 369 1385 femina
405 1344 500 1400 plus
539 1360 664 1400 quam
694 1361 823 1384 unum
854 1344 1037 1401 patiatur
1064 1362 1246 1386 marem:
1293 1346 1350 1388 ita
1382 1360 1450 1398 ut,
1490 1348 1524 1388 si

104 1421 287 1472 accidat,
325 1421 458 1463 altero
489 1421 724 1477 intercepto
756 1438 972 1477 superesse
1002 1423 1203 1474 alterum,
1241 1424 1398 1480 pariter
1429 1441 1524 1465 cum

106 1498 283 1556 conjuge
314 1498 538 1540 exstinctus
567 1499 620 1540 sit
662 1499 702 1539 ei
732 1499 979 1542 concubitus
1020 1516 1152 1544 amor.
1213 1502 1526 1543 convenienter

105 1592 204 1628 ergo
235 1576 470 1617 similitudo
503 1576 678 1618 turturis
709 1589 874 1634 aptatur
905 1578 1125 1630 ecclesiae,
1168 1580 1283 1635 quod
1323 1580 1392 1620 vel
1422 1580 1525 1621 alte-

105 1653 189 1694 rius
220 1654 300 1694 viri
328 1665 426 1709 post
458 1653 670 1695 Christum
702 1654 944 1711 conjugium
972 1655 1148 1706 nesciat,
1179 1656 1247 1696 vel
1279 1657 1394 1712 quod
1426 1673 1525 1697 con—

106 1731 305 1773 tinentiae
346 1743 386 1772 et
425 1731 655 1788 pudicitiae
701 1731 746 1772 in
795 1748 842 1773 ea
888 1743 1087 1789 tanquam
1126 1745 1339 1775 turturum
1375 1734 1524 1776 volitet

106 1809 350 1851 multitudo.
404 1809 648 1851 Secundum
677 1809 782 1851 hanc
811 1809 1130 1862 intelligentiam
1163 1811 1289 1853 etiam
1319 1812 1526 1854 cervicem

107 1904 284 1945 sponsae
313 1885 580 1942 accipiamus.
639 1887 761 1942 Quae
799 1887 887 1929 sine
929 1887 1060 1928 dubio
1099 1887 1201 1930 illac
1237 1888 1417 1942 intelligi
1455 1890 1528 1931 de-

106 1964 264 2020 bent4)
295 1964 477 2015 animae,
523 1980 629 2020 quae
661 1964 815 2007 Christi
850 1964 996 2024 jugum
1025 1965 1282 2022 suscipiunt,
1327 1966 1528 2008 dicentis:

110 2042 400 2099 „suscipite⁵)
436 2058 565 2098 super
591 2058 666 2084 vos
703 2041 848 2099 jugum
878 2059 1041 2094 meum,
1086 2043 1182 2100 quia
1211 2043 1356 2102 jugum
1384 2061 1529 2086 meum

107 2136 231 2162 suave
264 2125 364 2163 est.“
404 2119 679 2171 *obedientia
709 2135 808 2173 ergo
841 2120 927 2180 ejus
960 2121 1142 2163 cervices
1185 2120 1271 2179 ejus
1310 2122 1529 2178 appellan-

107 2210 187 2239 tur.
249 2196 399 2239 Cervix
429 2213 527 2250 ergo
559 2196 646 2255 ejus
676 2198 867 2253 speciosa
897 2200 1003 2241 facta
1036 2211 1097 2241 est
1126 2199 1235 2241 sicut
1263 2199 1527 2251 redimicula,

110 2287 152 2316 et
179 2275 347 2316 merito.
407 2273 548 2329 Quam
579 2274 690 2316 enim
729 2275 846 2332 prius
875 2276 1244 2334 praevaricationis
1282 2276 1531 2320 inobedien-

110 2353 167 2394 tia
195 2365 365 2409 turpem
394 2353 576 2403 fecerat,
616 2369 726 2394 nunc
756 2355 997 2397 obedientia
1035 2354 1137 2396 fidei
1166 2356 1400 2412 speciosam
1429 2356 1530 2397 fecit

112 2443 152 2472 et
190 2430 421 2487 pulchram.
497 2429 649 2471 Cervix
689 2446 786 2483 crgo
835 2444 906 2474 tua
945 2433 1136 2490 speciosa
1179 2434 1287 2475 facta
1325 2445 1387 2474 est
1424 2433 1530 2474 sicut

111 2507 372 2551 redimicula.
431 2508 499 2548 Ad
528 2519 754 2565 utrumque
786 2509 899 2551 enim
936 2510 1206 2562 subauditur,
1244 2509 1433 2567 speciosa
1470 2510 1530 2552 fa-

235 2684 273 2740 ¹)
305 2682 467 2726 Cautio.
500 2683 533 2734 I,
571 2682 636 2727 10.
754 2683 798 2742 ²)
830 2685 987 2728 Cantic.
1023 2687 1056 2735 I,
1089 2685 1154 2729 10.

231 2754 272 2808 ³)
303 2753 413 2795 Edd.
443 2753 504 2794 M.
535 2755 646 2804 „sed
674 2766 821 2811 postea
852 2758 1018 2812 quando
1050 2754 1268 2811 suscepit“
1299 2767 1376 2797 etc.

230 2825 273 2879 ⁴)
304 2823 413 2864 Edd.
445 2824 505 2865 M.
537 2825 802 2875 ,‚‹lebeant.“

233 2894 274 2950 ⁵)
305 2893 391 2936 cfr.
423 2894 572 2936 Mani„
605 2894 682 2944 xl,
711 2895 778 2940 29.
811 2894 876 2937 30.
