1759 3134
734 113 876 153 Lfflssn
906 112 962 153 11.
1465 118 1549 163 425

139 226 397 277 tegebantur,
430 240 524 264 caro
559 223 644 280 ejus
677 234 757 263 est:
789 222 951 279 aliaque
983 223 1200 266 innumera
1231 242 1276 266 ex
1308 227 1395 284 ejus
1411 245 1548 272 resur-

135 301 320 342 rectione
356 301 579 355 patebunt,
618 315 703 340 non
743 298 825 356 jam
865 316 992 355 parva
1028 313 1074 342 ut
1110 301 1226 358 prius
1266 303 1548 358 distinctione,

135 379 207 419 sed
217 377 413 419 latissima
431 377 471 431 ¹)
505 375 765 433 expositione
789 378 1008 431 patefacta.
1057 378 1207 420 Adhuc
1228 392 1367 423 autem
1395 394 1442 424 ut
1464 384 1549 426 cla-

133 454 218 496 rius
238 454 322 504 fiat,
343 454 457 511 quod
483 452 604 494 dicit:
636 452 851 509 ‚,usque²)
882 469 965 508 quo
986 470 1055 495 rex
1072 455 1125 496 sit
1142 456 1187 497 in
1201 458 1394 500 recubitu
1409 476 1485 502 suo
1502 467 1547 502 :“

135 530 257 572 etiam
289 531 339 572 de
367 531 549 571 secunda
577 529 749 572 Balaam
789 529 1032 586 prophetia,
1075 548 1179 588 quae
1210 535 1262 576 de
1294 535 1460 578 Christo
1491 537 1549 580 ita

135 607 333 658 continet,
363 607 649 663 proferemus:
682 605 879 657 „orietur
895 607 950 664 3),
982 607 1140 665 inquit,
1170 611 1291 653 stella
1323 628 1370 654 ex
1400 615 1548 666 Jacob,

133 695 174 725 et
204 684 311 726 exiet
340 685 470 726 homo
512 684 566 725 de
601 682 759 724 semine
798 681 907 741 ejus,
948 696 988 726 et
1029 685 1319 731 dominabitur
1357 690 1547 743 gentibus

129 761 286 803 multis.
343 761 604 803 Exaltabitur
635 760 729 813 Gog
759 776 933 813 reguum
965 760 1073 820 ejus,
1115 775 1156 804 et
1186 777 1344 808 crescet
1372 784 1548 821 regnum

130 837 229 897 ejus.
287 839 404 880 Deus
436 839 587 880 educet
624 854 721 879 eum
752 853 799 878 ex
826 819 1022 896 ‘Aegypto
1063 839 1171 882 sicut
1208 842 1342 894 gloria
1380 845 1549 889 unicor-

128 915 213 967 nis,
244 927 285 958 et
316 916 511 957 comedet
540 926 682 969 gentes
712 914 984 957 inimicorum
1013 933 1208 969 suorum,
1241 931 1282 960 et
1312 921 1548 965 crassitudi-

125 1008 197 1033 nes
240 1008 388 1034 eorum
430 992 705 1034 emedullabit
721 991 783 1048 4),
830 1004 870 1033 et
906 992 1052 1050 jaculis
1091 995 1174 1036 suis
1212 995 1423 1050 sagittabit
1463 1016 1545 1043 eos.

127 1071 413 1122 Recumbens‚
452 1081 500 1112 ut
538 1070 607 1111 leo
647 1069 900 1127 requiescet,
953 1081 992 1111 et
1038 1071 1144 1113 sicut
1193 1075 1353 1116 catulus
1401 1078 1546 1121 leonis.

129 1147 234 1202 Quis
263 1148 480 1190 suscitabit
512 1146 669 1189 eum?“
731 1146 960 1189 Considera
1001 1164 1098 1202 ergo
1116 1148 1156 1207 ⁵)
1197 1166 1244 1192 ex
1279 1151 1340 1195 his
1372 1153 1550 1207 diligen-

125 1225 227 1275 tius,
275 1237 316 1267 et
354 1226 472 1276 vide,
514 1225 732 1282 quomodo
766 1224 901 1265 omnis
941 1225 1175 1267 similitudo
1216 1228 1306 1270 auri
1337 1247 1466 1287 usque
1495 1233 1548 1274 ad

125 1313 358 1345 extremum
387 1315 572 1360 tempus,
615 1303 666 1344 ad
697 1302 934 1344 recubitum
963 1303 1070 1357 regis
1101 1304 1283 1356 scilicet,
1322 1319 1430 1349 stare
1459 1325 1548 1351 me-

124 1392 323 1422 moratur.
383 1381 487 1422 Post
517 1381 617 1421 haec
657 1396 754 1432 ergo
788 1380 1037 1422 exaltabitur
1069 1381 1186 1435 Gog,
1225 1382 1270 1424 id
1302 1396 1384 1435 est,
1422 1403 1548 1444 super

123 1470 231 1500 tecta
260 1475 434 1511 regnum
475 1457 584 1516 ejus,
632 1474 726 1498 cum
766 1457 965 1499 videlicet
1004 1459 1057 1499 de
1094 1458 1214 1500 terris
1257 1462 1310 1502 ad
1349 1463 1548 1506 coelestia

123 1535 250 1577 fuerit
290 1547 401 1578 tecta
431 1535 689 1577 translatum.
751 1535 837 1577 Sed
877 1535 928 1575 de
965 1534 1027 1576 his
1068 1535 1256 1592 plenius,
1295 1552 1426 1594 prout
1454 1542 1547 1583 Do-

122 1614 258 1655 minus
280 1614 407 1665 dedit,
438 1613 482 1654 in
501 1614 788 1654 Numerorum
821 1612 930 1653 libro
962 1612 1173 1668 persecuti
1188 1614 1229 1670 ὃ)
1261 1632 1415 1659 sumus.
1464 1620 1547 1661 Re,

123 1691 333 1749 quiramus
363 1707 474 1740 sane,
505 1690 540 1732 si
574 1690 699 1732 etiam
728 1689 879 1732 sanctis
906 1689 1094 1746 patribus
1123 1690 1224 1747 ipsis
1253 1705 1293 1734 et
1311 1696 1544 1752 prophetis,

122 1770 192 1826 qui
223 1769 563 1810 ministraverunt
594 1770 770 1810 verbum
800 1779 895 1809 ante
937 1768 1163 1810 adventum
1193 1769 1373 1813 Domini
1412 1776 1546 1816 nostri

118 1848 219 1888 Jesu
249 1846 425 1897 Christi,
463 1845 737 1903 perfectionis
782 1843 926 1902 hujus,
967 1845 1140 1902 verique
1170 1848 1261 1888 auri
1291 1850 1420 1902 gratia
1450 1852 1544 1894 data

119 1926 191 1966 sit:
224 1942 276 1966 an
304 1936 468 1967 tantum
497 1925 637 1965 futura
667 1924 769 1965 haec
798 1923 1097 1974 intellexerint,
1129 1936 1170 1966 et
1199 1925 1243 1966 in
1271 1926 1422 1983 spiritu
1448 1946 1545 1972 ven-

118 2015 211 2045 tura
240 2002 545 2060 praeviderint:
591 2013 715 2058 atque
756 2003 810 2043 ob
848 2003 930 2043 hoc
969 2003 1112 2043 solum
1152 2002 1302 2045 dixerit
1331 2006 1543 2051 Dominus

118 2082 170 2122 de
209 2082 442 2131 Abraham,
486 2080 582 2137 quia
625 2080 980 2136 desideraverit&
1012 2080 1155 2122 videre
1199 2081 1312 2124 diem
1353 2083 1461 2141 ejus,
1501 2099 1543 2128 et

117 2159 282 2210 viderit,
314 2172 355 2201 et
383 2161 558 2202 laetatus
588 2157 653 2207 sit,
687 2158 803 2214 quod
832 2157 993 2199 scilicet
1022 2157 1065 2199 in
1090 2159 1241 2215 spiritu
1260 2161 1400 2203 futura
1420 2180 1539 2220 prae-

234 2384 274 2440 ¹)
305 2383 404 2424 Mss.
437 2382 703 2432 ,‚latissima.“
761 2382 879 2424 Libri
911 2382 1013 2424 editi
1046 2384 1104 2440 (e.
1133 2401 1166 2425 e.
1194 2385 1287 2427 edd.
1316 2387 1421 2443 M.):
1454 2389 1541 2439 „al-

114 2440 282 2482 tissima.
296 2446 320 2464 “

230 2512 273 2567 2)
306 2509 463 2552 Cantic.
496 2509 529 2558 Ι,
562 2508 625 2551 12.

230 2582 273 2637 3)
306 2581 390 2623 Cfr.
422 2582 547 2622 Num.
578 2579 736 2630 XXIV,
768 2579 833 2624 17.
866 2581 965 2622 coll.
988 2581 1023 2625 7.
1055 2581 1093 2625 8.
1126 2581 1164 2624 9.

230 2651 272 2707 ⁴)
303 2651 412 2693 Edd.
444 2650 504 2692 M.
538 2650 874 2720 „medullabitf‘

232 2721 272 2777 ⁵)
305 2721 413 2762 Edd.
446 2721 506 2762 M.
542 2737 674 2774 „ergo
708 2732 749 2761 et
780 2736 827 2762 ex
857 2721 955 2763 his“
987 2734 1064 2764 etc.

232 2789 273 2846 6)
303 2790 411 2837 Edd.
443 2790 504 2832 M.
537 2790 835 2847 „prosecuti.“

235 2861 275 2917 ⁷)
306 2860 414 2902 Edd.
432 2861 491 2902 M.
510 2861 878 2912 „desideraverit.“
896 2886 946 2895 —
975 2863 1060 2905 Cfr.
1080 2878 1140 2909 εν.
1159 2863 1312 2904 Joann.
1328 2863 1445 2914 VIII,
1465 2862 1530 2907 56.
