1738 3134
237 158 290 201 14
641 161 863 202 Onlssnms
893 172 940 201 m
968 158 1264 202 EzEcmEtEM

237 284 307 313 tur
349 272 426 313 tibi
468 274 642 313 verbum
682 272 850 329 juvans,
897 284 944 312 ut
982 270 1201 312 revertaris
1240 270 1282 310 in
1321 270 1499 326 patriam
1543 283 1670 312 tuam.

238 352 559 392 Sacramentum
600 361 660 390 est
701 362 742 390 et
782 350 841 400 id,
886 350 1002 405 quod
1033 349 1075 389 in
1108 347 1337 400 aenigmate
1370 359 1410 388 et
1440 364 1462 388 a
1492 348 1671 389 Daniele

239 427 408 476 dicitur,
451 438 493 468 et
530 428 581 467 ab
625 428 834 482 Apostolo
878 427 1162 468 abscondente
1201 425 1361 481 pariter
1392 437 1430 466 et
1461 425 1673 466 revelante

239 516 442 546 narratur.
513 506 562 546 In
609 506 744 545 Adam
804 521 949 545 omnes
1003 504 1210 544 morimur
1245 503 1286 558 ¹)
1332 514 1373 542 et
1417 501 1459 542 in
1507 502 1672 544 Christo

242 598 387 623 omnes
418 582 692 624 vivificamur.
754 582 856 622 Fuit
896 581 1053 638 quippe
1085 582 1222 622 Adam
1261 580 1303 621 in
1344 578 1564 635 paradiso,
1602 580 1675 620 sed

239 675 410 715 serpens
443 659 695 716 captivitatis
741 658 827 716 ejus
868 676 987 700 causa
1027 658 1206 708 exstitit,
1249 669 1290 698 et
1328 656 1429 698 fecit
1465 668 1513 696 ut
1552 656 1677 715 ejice-

239 748 355 777 retur
391 736 478 778 sive
523 738 574 778 de
612 738 870 787 Jerusalem,
909 737 995 777 sive
1028 737 1079 777 de
1110 735 1328 792 paradiso,
1372 746 1413 776 et
1443 734 1605 774 veniret
1634 734 1676 775 in

239 814 384 854 locum
434 815 543 855 hunc
584 815 883 872 lacrymarum.
931 815 1114 870 Serpens
1163 812 1294 854 hostis
1337 824 1397 853 est
1441 811 1673 853 contrarius

241 891 419 932 veritati.
492 891 735 933 Contrarius
775 904 914 933 autem
951 908 1036 933 non
1077 909 1098 933 a
1138 889 1350 947 principio
1397 901 1558 930 creatus
1599 901 1674 939 est,

240 983 377 1024 neque
426 968 566 1009 statim
606 986 733 1025 super
770 981 918 1025 pectus
959 981 1001 1009 et
1040 980 1230 1009 ventrem
1267 984 1390 1008 suum
1429 966 1674 1017 ambulavit,

239 1059 376 1100 neque
408 1045 490 1086 suit
520 1047 571 1085 ab
603 1046 724 1087 initio
756 1046 1018 1087 maledictus.
1068 1045 1204 1088 Sicuti
1231 1045 1368 1085 Adam
1400 1056 1441 1085 et
1470 1044 1561 1085 Eva
1588 1060 1674 1085 non

240 1121 394 1170 statim,
425 1133 472 1162 ut
501 1122 601 1162 facti
631 1135 740 1173 sunt,
782 1135 1084 1179 peccaverunt:
1126 1123 1183 1163 ita
1215 1134 1255 1163 et
1284 1138 1453 1178 serpens
1489 1122 1570 1163 fuit
1600 1122 1674 1163 ali-

239 1199 407 1254 quando
440 1214 528 1239 non
558 1216 742 1255 serpens,
784 1217 879 1241 cum
909 1201 952 1241 in
981 1200 1175 1256 paradiso
1208 1199 1459 1240 deliciarum
1486 1215 1676 1240 morare—

238 1285 318 1315 tur.
379 1275 503 1316 Unde
548 1288 697 1332 postea
743 1293 941 1317 corruens
991 1278 1046 1316 ob
1091 1287 1264 1332 peccata
1310 1275 1466 1317 meruit
1505 1276 1671 1317 audire:

238 1362 313 1401 „tu
336 1351 379 1407 ²)
419 1352 678 1404 signaculum
717 1354 1028 1405 similitudinis,
1076 1370 1232 1395 corona
1270 1354 1434 1395 decoris
1474 1354 1516 1395 in
1555 1370 1674 1410 para—

240 1428 331 1469 diso
359 1428 446 1469 Dei
475 1441 595 1471 natus
628 1447 690 1472 es:
731 1432 867 1472 donec
897 1431 1065 1472 inventa
1095 1443 1156 1472 est
1185 1430 1381 1487 iniquitas
1411 1431 1455 1471 in
1486 1443 1550 1481 te,
1587 1447 1674 1471 am-

238 1505 394 1546 bulasti
423 1505 718 1549 immaculatus
747 1508 790 1549 in
823 1508 1017 1549 omnibus
1048 1507 1125 1549 viis
1158 1508 1284 1548 tuis.“
1326 1508 1394 1549 De
1427 1524 1511 1564 quo
1548 1508 1672 1549 etiam

237 1583 322 1623 Job
351 1596 575 1635 memorat,
618 1585 714 1641 (suia
744 1585 786 1626 in
819 1598 1048 1642 conspectu
1079 1585 1385 1642 omnipotentis
1414 1585 1499 1626 Dei
1529 1602 1675 1641 super-

237 1659 375 1701 bierit.
436 1661 635 1711 „Cecidit
666 1664 709 1719 3)
751 1663 909 1719 quippe
950 1664 1001 1704 de
1046 1663 1169 1704 coelo
1209 1661 1402 1713 Lucifer,
1441 1662 1513 1719 qui
1549 1679 1671 1704 mane

239 1736 476 1787 oriebatur,
519 1739 723 1780 contritus
764 1752 825 1781 est
863 1757 990 1797 super
1027 1746 1231 1781 terram.“
1289 1740 1400 1781 Vide
1439 1756 1672 1781 consonan-

238 1814 338 1855 tiam
369 1815 614 1871 prophetici
647 1817 959 1875 evangelicique
992 1817 1208 1859 sermonis.
1269 1817 1505 1873 Prophetes
1547 1817 1670 1859 dicit:

238 1891 422 1942 „cecidit
446 1892 489 1947 ¹²)
521 1894 572 1933 de
606 1894 727 1934 coelo
759 1895 951 1945 Lucifer,
993 1895 1065 1951 qui
1095 1910 1217 1935 mane
1249 1894 1485 1945 oriebatur,
1517 1894 1673 1935 contri-

236 1981 302 2009 tus
346 1980 408 2010 est
443 1985 571 2025 super
607 1977 803 2012 terram.“
861 1972 980 2012 Jesus
1012 1971 1223 2027 loquitur:
1264 1970 1499 2021 „videbam
1526 1971 1567 2025 ⁵)
1597 1971 1672 2013 Sa-

234 2057 375 2086 tanam
413 2046 528 2101 quasi
566 2047 707 2100 fulgur
750 2049 802 2089 de
843 2049 966 2089 coelo
1002 2049 1266 2089 cadentem.“
1327 2049 1378 2088 In
1409 2063 1492 2104 quo
1525 2047 1670 2089 differt

238 2121 379 2164 dicere
409 2123 573 2176 fulgur,
613 2137 683 2166 aut
711 2126 956 2166 Luciferum
996 2127 1046 2166 de
1091 2126 1214 2166 coelo
1254 2124 1476 2167 ruentem?
1537 2125 1667 2179 Quod

239 2201 292 2241 ad
325 2216 415 2241 rem
445 2201 645 2257 pertinet,
678 2202 813 2244 omnis
846 2202 1117 2245 consonantia
1148 2203 1199 2242 de
1233 2203 1405 2243 cadente
1437 2214 1509 2243 est.
1550 2203 1666 2243 Deus

225 2276 398 2334 *quippe
443 2291 627 2320 mortem
670 2296 758 2321 non
804 2281 926 2331 fecit,
975 2297 1052 2321 nec
1096 2279 1300 2321 malitiam
1350 2291 1547 2336 operatus
1592 2291 1665 2320 est.

238 2354 437 2395 Liberum
477 2356 696 2398 arbitrium
739 2370 779 2398 et
808 2358 984 2408 homini,
1016 2369 1055 2399 et
1087 2357 1235 2411 angelo
1267 2357 1320 2397 ad
1348 2356 1539 2397 universa
1572 2372 1668 2412 per·

237 2431 364 2474 misit.
425 2433 505 2475 Hic
544 2433 628 2490 jam
665 2423 985 2488 intelligendum
1027 2447 1107 2485 est,
1149 2433 1367 2490 quomodo
1398 2449 1475 2489 per
1505 2432 1666 2474 arbitrii

238 2509 481 2552 libertatem
510 2510 582 2551 alii
613 2511 665 2553 ad
695 2512 906 2554 bonorum
940 2511 1259 2554 conscenderint
1294 2511 1337 2567 6)
1368 2510 1664 2560 summitatem,

359 2600 400 2685 ἰ)
431 2629 682 2681 lconxv,
711 2632 778 2675 22.
898 2631 944 2688 2)
971 2629 1431 2681 Ezech.xxv111‚12,
1462 2629 1514 2674 13
1537 2640 1576 2670 et
1598 2627 1662 2672 15.

356 2700 398 2755 ³)
428 2700 550 2742 Jesai.
568 2702 684 2753 XIV,
707 2702 771 2746 12.
905 2701 947 2757 ⁴)
977 2701 1098 2743 Jesai.
1121 2701 1236 2750 XIV,
1268 2699 1334 2743 12.

357 2768 398 2824 ⁵)
429 2770 530 2810 Luc.
550 2771 604 2821 X,
635 2772 700 2816 18.

359 2839 402 2895 ⁶)
433 2839 542 2881 Edd.
588 2841 790 2883 Merlini:
849 2844 1175 2885 conscenderent
1229 2838 1533 2888 summitatem,
1590 2838 1660 2878 alii

240 2908 482 2937 corruerent
513 2909 590 2938 etc.
