1759 3134
648 119 845 161 nomm
876 118 950 158 IX.
1431 119 1510 162 125

94 231 299 291 justitiae,
339 232 603 287 resplendet,
646 243 687 272 et
732 232 891 271 clarum
928 239 988 269 est
1026 240 1118 270 ante
1156 229 1370 270 homines:
1415 247 1510 272 cum

97 321 236 349 autern
260 308 446 350 Christus
476 308 648 358 venerit,
679 318 771 348 ante
804 323 898 347 eum
931 308 1285 348 contenebrescet.
1342 306 1512 348 Dicitur

98 398 138 425 ct
177 386 299 426 alibi:
349 386 456 436 „lux
484 386 524 442 ¹)
561 386 604 425 in
640 384 820 425 tenebris
860 384 1015 424 lucet.“
1074 384 1193 437 Quae
1234 395 1295 424 est
1323 384 1397 424 illa
1426 385 1510 435 lux,

100 479 205 519 quae
245 464 358 502 lucet
395 463 438 502 in
478 461 688 503 tenebris?
741 462 959 501 Justorum
998 461 1069 501 lux
1099 460 1140 500 in
1171 461 1352 501 tenebris
1382 462 1508 503 lucet.

99 540 146 579 In
178 538 326 594 quibus
356 539 568 581 tenebris?
625 537 711 579 Ubi
743 550 832 588 „cst
848 539 890 594 ²)
919 537 1041 578 nobis
1075 548 1284 577 certamen
1314 539 1509 579 adversus

99 627 283 656 rectores
321 617 586 656 tenebrarum
625 615 838 655 istarum.“
896 615 1011 654 Haec
1047 612 1118 669 qui
1149 612 1388 665 diligentius
1418 616 1512 655 lon-

97 692 269 748 giusque
302 692 551 742 discusserit,
581 709 664 733 non
693 690 852 747 poterit
876 690 1024 741 inflari,
1054 690 1199 730 videns
1223 691 1365 730 lumen
1388 708 1508 731 suum

94 769 149 808 ad
176 769 532 824 comparationem
556 768 727 826 majoris
750 767 919 808 luminis
939 768 1130 808 tenebras
1150 767 1346 823 reputari.
1394 768 1511 822 Quid

96 856 160 886 est
199 845 355 902 justitia
390 862 506 897 mea,
553 845 713 886 etiamsi
750 846 905 887 Paulus
946 845 1163 900 apostolus
1201 843 1329 886 fiam?
1396 844 1511 898 Quid

99 922 281 972 castitas,
312 922 473 963 etiamsi
500 923 690 978 Joseph?
748 922 865 977 Quid
894 921 1125 971 fortitudo,
1163 921 1288 962 etiam
1318 922 1351 962 si
1381 923 1510 964 Judas

97 999 399 1040 Macchabaeus
424 999 643 1043 exsistam?
688 999 807 1054 Quid
830 1000 911 1040 alia
930 999 1060 1040 virtus
1083 997 1323 1055 sapientiae,
1350 999 1510 1040 etiamsi

94 1076 301 1118 Salomon
330 1093 567 1133 appaream,
597 1078 651 1118 ad
681 1077 1041 1134 comparationem
1064 1075 1162 1127 Dei,
1195 1088 1236 1116 et
1265 1076 1318 1116 ad
1348 1091 1509 1127 eorum,

92 1153 167 1209 qui
195 1154 394 1195 meliores
424 1154 545 1196 sunt?
599 1155 736 1207 Ergo,
774 1165 822 1195 ut
851 1154 990 1195 dicere
1026 1169 1320 1209 coeperamus,
1359 1152 1512 1209 iniqui-

96 1241 155 1270 tas
183 1229 402 1286 justificat,
434 1242 476 1272 et
502 1231 662 1290 justitia
689 1231 871 1271 aliorum
902 1230 1215 1286 comparatione
1247 1231 1510 1271 condemnat.

99 1306 286 1348 Idcirco:
318 1319 400 1358 „ut
422 1308 465 1364 3)
495 1304 730 1364 justificeris
760 1307 1022 1348 sermonibus
1051 1307 1147 1357 tuis,
1179 1318 1220 1347 et
1248 1307 1387 1347 vincas
1417 1323 1512 1347 eum

94 1382 348 1440 judicaris:“
390 1384 543 1425 dicitur
581 1386 633 1425 ad
658 1385 814 1426 Deum.
873 1384 920 1426 Si
957 1400 1025 1424 me
1064 1385 1156 1424 vult
1192 1383 1350 1423 salvare
1379 1383 1511 1433 Deus,

95 1475 182 1500 non
219 1460 344 1501 affert
381 1460 424 1500 in
462 1460 666 1517 judicium
707 1461 850 1501 lumen
886 1477 1047 1506 suum:‚
1071 1460 1106 1500 si
1145 1460 1236 1499 vult
1266 1475 1352 1500 esse
1377 1460 1420 1515 ⁴)
1450 1459 1513 1500 in-

92 1537 332 1587 columem,
369 1553 457 1578 non
497 1538 635 1579 defert
664 1538 807 1578 lumen
839 1537 993 1580 Christi
1025 1536 1108 1578 sui:
1146 1536 1336 1592 alioquin
1365 1536 1514 1592 puniet

95 1629 184 1654 me:
224 1614 361 1654 desert
390 1630 490 1655 vero
521 1615 666 1656 lumen
693 1615 929 1665 minorum,
961 1625 1176 1670 comparat
1203 1613 1308 1654 mihi
1337 1613 1513 1653 inferio-

94 1707 161 1732 res
190 1707 391 1747 quosque.
452 1690 623 1745 Quanto
664 1691 844 1747 amplius
881 1690 1061 1748 majores
1095 1689 1199 1730 mihi
1228 1689 1512 1746 melioresque

98 1767 338 1819 contulerit,
368 1779 483 1808 tanto
513 1768 609 1824 plus
638 1767 769 1825 justus
800 1783 895 1817 ero,
924 1767 960 1807 si
989 1766 1056 1807 illi
1086 1784 1109 1808 a
1136 1783 1205 1807 me
1234 1766 1393 1823 reperti
1420 1767 1512 1807 fue-

95 1845 179 1886 rint
220 1844 417 1886 minores.
492 1845 700 1887 Similiter
738 1856 798 1886 est
839 1844 949 1884 illud
992 1843 1250 1896 intelligere,
1297 1843 1413 1900 quod
1460 1844 1510 1883 ab

96 1922 308 1977 Apostolo
341 1921 513 1962 dicitur:
552 1921 671 1972 „alia
692 1922 735 1978 5)
765 1920 899 1974 gloria
930 1920 1052 1971 solis,
1092 1920 1172 1962 alia
1211 1920 1346 1973 gloria
1374 1921 1511 1971 lunae,

95 1998 176 2039 alia
205 1998 339 2051 gloria
367 1998 607 2039 stellarum:
649 1998 771 2040 stella
801 1998 914 2039 enim
942 2013 966 2039 a
993 1998 1117 2039 stella
1146 1997 1291 2039 differt
1320 1997 1363 2037 in
1393 1997 1514 2038 clari-

94 2086 198 2117 tate:
239 2075 299 2116 sic
337 2075 587 2117 resurrectio
624 2081 933 2118 mortuorunm
990 2074 1122 2116 Verbi
1160 2074 1312 2128 gratia,
1350 2074 1513 2127 fulgens

94 2164 138 2193 et
174 2153 284 2194 illud
322 2152 457 2204 sidus,
500 2169 587 2194 non
624 2153 669 2194 in
707 2164 936 2210 conspectu
971 2151 1188 2194 lucidioris
1227 2151 1395 2201 stellae,
1439 2151 1514 2192 sed

96 2230 373 2281 obscurioris,
413 2230 552 2272 micat.
622 2229 729 2284 Quis
764 2242 956 2272 nostrum
996 2241 1140 2286 potest
1174 2229 1228 2271 ad
1265 2228 1394 2269 instar
1430 2228 1514 2268 ful-

96 2321 192 2358 gere
236 2307 388 2349 lunae?
460 2307 566 2363 Quis
605 2308 864 2349 lucidiorum
884 2308 926 2365 ⁶)
964 2306 1150 2349 siderum
1188 2321 1404 2347 coruscare
1448 2305 1512 2344 lu-

96 2382 240 2425 mine?
283 2385 526 2427 Secundum
554 2386 612 2436 id,
643 2386 759 2442 quod
787 2385 992 2441 scriptum
1022 2397 1083 2427 est
1108 2384 1151 2426 in
1168 2383 1369 2425 Daniele:
1401 2381 1510 2434 „ful-

97 2460 254 2511 gebunt
273 2460 315 2517 ⁷)
344 2461 453 2504 sicut
480 2462 626 2504 stellae
654 2462 697 2504 in
726 2462 933 2505 saecula.“

216 2627 255 2684 ¹)
284 2627 361 2669 Ev.
391 2630 541 2672 Joann.
572 2632 606 2682 I,
636 2633 674 2675 5.
795 2632 838 2689 ²)
870 2632 954 2675 Cfr.
986 2631 1139 2687 Ephes.
1171 2629 1244 2678 VI,
1275 2628 1340 2671 12.

211 2698 254 2754 ³)
285 2697 438 2740 Psalm.
469 2700 538 2750 LI,
568 2699 607 2742 4.
640 2701 730 2758 (L.)
849 2703 892 2759 ⁴)
921 2701 1029 2743 Edd.
1060 2698 1254 2741 Merlini:
1286 2697 1422 2739 etiam.

210 2767 254 2824 ⁵)
286 2768 371 2810 Cfr.
396 2769 526 2811 ICor.
543 2769 636 2820 XV,
651 2770 718 2814 41.
735 2770 801 2814 42.
932 2771 976 2826 6)
1005 2770 1084 2811 Ed.
1101 2768 1254 2810 Ruaei:
1277 2766 1505 2809 lucidioris.

212 2837 254 2895 ⁷)
288 2839 393 2880 Dan.
424 2840 523 2891 XII,
553 2839 592 2884 3.
626 2863 675 2870 -
706 2840 815 2883 Edd.
845 2841 908 2883 M.
941 2852 982 2881 et
1009 2841 1061 2882 R.
1094 2838 1290 2891 „stella.“
