1759 3134
668 136 865 178 HommA
895 134 950 174 II.
1433 143 1516 188 273

91 261 241 306 postas,
271 264 402 295 mors,
434 259 475 287 et
505 247 741 303 desperatio
774 256 845 286 est.
894 244 1085 302 „Adiuro
1104 248 1142 304 ¹)
1170 265 1267 303 ergo
1299 268 1372 293 vos
1399 254 1511 296 filiae

90 326 357 367 Hierusalem
385 324 432 363 in
463 323 700 371 virtutibus,
731 333 772 362 et
800 321 843 361 in
870 321 1028 363 viribus
1060 325 1186 376 agri.“
1243 327 1370 386 Cujus
1401 332 1513 383 agri?

92 405 257 458 Nempe
287 401 401 442 illius
431 400 516 452 agri
546 399 676 456 pleni,
708 410 832 454 quem'
862 400 1077 440 benedixit
1100 402 1142 457 ²)
1172 403 1396 448 Dominus.

203 478 267 521 10.
314 476 446 531 „Si3)
472 474 720 524 levaveritis,
756 486 797 514 et
825 475 1122 518 suscitaveritis
1146 480 1372 534 caritatem,
1405 502 1510 540 quo—

89 558 142 597 ad
170 570 302 610 usque
333 554 436 594 velit
466 570 546 593 vox
575 551 785 593 fratruelis
814 552 911 593 mei.
967 553 1080 594 Ecce
1111 555 1178 596 hic
1199 558 1325 609 venit,
1356 562 1506 602 saliens

88 649 214 688 super
240 636 450 671 montes.“
509 631 625 670 Haec
654 628 789 668 adhuc
828 628 1019 685 loquitur
1050 632 1246 683 ecclesia,
1288 636 1506 678 exhortans

86 707 440 757 adolescentulas,
480 718 526 746 ut
565 707 617 746 ad
656 704 798 760 sponsi
838 720 1142 761 praeparentur
1178 711 1426 754 adventum:
1473 715 1504 754 si

83 797 225 825 tamen
256 785 397 825 venire
428 783 626 833 voluerit,
658 794 698 823 et
726 799 849 822 suum
878 782 962 822 illis
992 787 1195 839 praebere
1227 789 1506 845 colloquium.

82 863 233 902 Adhuc
259 862 386 914 igitur
410 863 609 917 loquente
642 876 702 910 ea,
733 860 847 900 venit
864 877 1055 916 sponsus,
1086 879 1212 918 quem
1233 864 1365 918 digito
1386 884 1505 909 mon-

82 951 195 989 strat,
229 950 269 979 et
299 939 422 979 dicit:
453 954 589 988 „ecce
614 938 655 992 ⁴¹)
687 929 756 977 hic
787 937 926 986 venit,
958 937 1112 979 saliens
1145 957 1272 996 super
1300 951 1507 985 montes.“

82 1016 275 1068 Intellige
317 1031 494 1071 sponsae
534 1013 714 1055 animam
750 1015 918 1054 beatam
952 1027 1077 1070 atque
1106 1018 1361 1071 perfectam,
1402 1038 1506 1076 quae

82 1093 202 1133 citius
232 1092 384 1141 videat,
417 1092 537 1132 citius
557 1091 761 1132 sermonis
789 1091 1102 1147 contempletur
1127 1095 1367 1147 adventum,
1400 1115 1505 1153 quae

82 1169 163 1210 sibi
192 1168 440 1224 sapientiam
472 1169 630 1209 venisse
662 1168 833 1218 sentiat,
867 1181 908 1209 et
939 1169 1174 1220 caritatem,
1207 1183 1248 1212 et
1278 1173 1389 1214 dieat
1418 1192 1504 1216 non

82 1245 340 1286 videntibus:
374 1261 498 1295 „ecce
527 1245 568 1301 ⁵)
601 1245 669 1285 hic
700 1244 856 1285 venit.“
916 1246 1060 1297 Orate,
1089 1259 1136 1288 ut
1166 1260 1207 1289 et
1238 1266 1314 1302 ego
1345 1253 1504 1307 possim

82 1323 244 1363 dicere:
283 1338 415 1371 „ecce
444 1321 491 1377 ⁶)
520 1321 587 1362 hic
619 1321 775 1361 venit.“
833 1321 880 1362 Si
911 1323 1022 1363 enim
1051 1336 1234 1379 potuero
1265 1327 1349 1368 Dei
1382 1330 1507 1371 ‹lisse-

76 1416 169 1440 rere
199 1415 413 1439 sermones
441 1398 502 1454 7),
542 1399 860 1453 quodammodo
901 1410 942 1439 et
982 1416 1058 1452 ego
1098 1401 1256 1443 dicam:
1297 1421 1432 1453 „ecce
1455 1409 1501 1461 ⁸)

75 1476 144 1516 hic
173 1475 329 1516 venit.“
389 1474 519 1528 Quo?
576 1476 675 1515 Non
703 1474 870 1530 utique,
911 1475 986 1515 ubi
1018 1478 1160 1529 vallis,
1203 1496 1290 1521 non
1319 1483 1393 1523 ubi
1423 1485 1500 1525 hu·-

73 1553 192 1594 milia
220 1554 327 1593 loca.
389 1550 488 1605 Quo
520 1550 661 1592 venit?
718 1551 917 1602 „Saliens
941 1552 982 1609 9)
1012 1569 1140 1609 super
1169 1569 1359 1610 montes,
1391 1572 1502 1603 tran-

74 1631 215 1672 siliens
253 1645 379 1685 super
419 1628 591 1668 colleS.“
652 1628 698 1669 Si
736 1628 865 1669 fueris
905 1646 1049 1680 mons,
1090 1632 1185 1672 salit
1214 1633 1257 1674 in
1286 1647 1328 1676 te
1359 1653 1499 1680 sermo

77 1708 176 1748 Dei.
236 1707 283 1748 Si
312 1722 399 1746 non
429 1705 608 1745 valueris
642 1722 729 1746 esse
757 1723 894 1756 mons,
925 1708 998 1747 scd
1027 1709 1158 1749 fueris
1188 1711 1324 1763 collis,
1355 1731 1504 1757 secun-

80 1786 156 1825 dus
186 1800 209 1824 a
238 1794 397 1832 monte,
429 1781 637 1822 transiliet
665 1798 792 1838 super
820 1795 875 1824 te.
937 1783 1077 1838 Quam
1104 1802 1204 1827 vero
1236 1790 1426 1844 pulchra,
1462 1806 1503 1835 et

75 1860 367 1902 convenientia
406 1860 530 1899 rebus
568 1860 795 1902 vocabula!
869 1860 977 1902 Salit
1015 1879 1144 1918 super
1177 1880 1366 1918 montes,
1406 1871 1504 1926 quia

75 1937 257 1995 majores
295 1948 411 1977 sunt:
452 1936 633 1976 transilit
672 1953 799 1992 super
839 1939 992 1988 colles,
1038 1940 1134 1995 quia
1169 1942 1355 1985 minores
1394 1961 1502 1990 sunt.

74 2017 173 2057 Non
190 2013 372 2055 transilit
390 2029 518 2068 super
534 2025 713 2064 montes,
737 2030 824 2054 non
845 2014 938 2055 salit
960 2033 1087 2072 super
1099 2018 1244 2059 colles.
1275 2021 1414 2070 „Ecce
1433 2025 1502 2081 ¹⁰)

74 2092 142 2133 hic
172 2091 307 2141 venit,
337 2090 487 2130 saliens
517 2107 643 2147 super
672 2103 862 2140 montes,
904 2092 1141 2134 transiliens
1171 2111 1298 2151 super
1330 2101 1504 2143 colles.“

189 2168 256 2213 11.
303 2167 492 2218 „Similis
510 2168 582 2224 ¹¹)
608 2180 668 2218 est
697 2169 909 2210 fratruelis
939 2186 1058 2210 meus
1090 2187 1279 2226 capreae,
1311 2189 1382 2217 aut
1412 2179 1502 2219 hin-

73 2246 176 2286 nulo
209 2261 431 2286 cervorum
460 2245 504 2286 in
532 2245 748 2286 montibus
778 2246 973 2287 Bethel.“
1032 2248 1148 2289 Haec
1181 2251 1265 2291 duo
1299 2254 1496 2297 animalia

75 2322 117 2361 in
148 2321 377 2377 Scripturis
407 2323 669 2378 frequentius
698 2323 991 2366 nominantur:
1029 2336 1069 2366 et
1100 2343 1184 2382 quo
1217 2330 1398 2386 amplius
1428 2334 1499 2374 ad-

74 2399 250 2449 mireris,
280 2398 444 2454 saepius
472 2399 614 2456 juncta
643 2412 872 2456 ponuntur.
933 2402 1026 2452 „Et
1049 2403 1119 2458 ¹²)
1151 2404 1253 2447 haec
1283 2421 1399 2459 sunt,
1430 2410 1500 2460 ait,

194 2518 232 2573 ¹)
265 2517 423 2558 Cantic.
456 2518 512 2566 II,
544 2518 581 2559 7.
700 2519 744 2576 2)
777 2520 863 2576 Cfr,
897 2521 1003 2561 Gen.
1033 2522 1190 2563 XXVI.

188 2588 231 2641 3)
262 2587 421 2628 Cantic.
452 2587 509 2636 II,
541 2588 578 2629 7.
607 2587 647 2631 8.
768 2589 810 2645 ⁴²)
844 2589 1003 2632 Cantic.
1035 2592 1091 2641 Π,
1120 2591 1159 2634 8.

189 2659 231 2713 ⁵)
265 2657 422 2698 Cantic.
454 2658 511 2707 II,
541 2657 580 2700 8.
700 2657 747 2712 6>
779 2659 937 2701 Cantic.
970 2661 1025 2711 II,
1054 2660 1093 2704 8.

192 2726 232 2782 ⁷)
262 2727 371 2767 Edd.
403 2727 598 2768 Merlini:
630 2743 881 2770 sermonem.

187 2795 231 2851 8)
263 2796 423 2837 Cantic.
443 2798 498 2847 II,
520 2796 561 2840 8.
650 2798 691 2853 ⁹)
724 2797 883 2840 Cantic.
904 2800 960 2851 II,
977 2799 1020 2843 8.
1100 2801 1170 2857 ¹⁰)
1204 2803 1362 2847 Cantic.
1385 2808 1440 2856 ΙῘ,
1459 2808 1499 2850 8.

163 2866 234 2920 ¹¹)
268 2865 427 2907 Cantic.
462 2867 517 2916 II,
542 2866 580 2910 9.
706 2864 776 2922 ¹²)
807 2869 935 2911 Deut.
965 2871 1086 2927 XIV,
1111 2871 1150 2914 4.

72 2941 301 2984 Onmnms
333 2944 503 2986 OPERA.
538 2944 660 2987 ΤοΜ.
685 2947 804 2988 XIV.
1204 2949 1258 2992 18
