1759 3134
663 129 858 170 HommA
891 130 945 169 Π.
1436 133 1517 177 275

104 257 253 280 vorum
294 257 420 296 super
459 251 623 280 montes
666 239 846 282 Bethel?
902 241 1004 281 Esto
1045 257 1165 282 mons
1205 242 1521 295 ecclesiasticus,

101 333 221 357 mons
251 318 401 357 domus
426 317 522 367 Dei,
554 329 594 357 et
626 317 764 357 veniet
794 319 847 357 ad
876 328 917 357 te
947 333 1124 372 sponsus
1154 319 1302 360 similis
1331 337 1517 377 capreae,

100 394 167 433 vel
197 394 371 433 hinnulo
404 410 623 434 cervorum
653 409 780 449 super
807 406 972 435 montes
992 394 1155 435 Bethel.
1217 396 1362 438 Cernit
1389 414 1517 454 spon-

99 487 190 510 sum
220 470 577 526 appropinquasse
609 470 806 520 vicinius,
849 471 919 526 qui
950 483 1042 511 ante
1073 489 1200 527 super
1229 487 1394 515 montes
1423 491 1516 516 ver-

98 549 265 587 sabatur
307 558 348 586 et
385 548 538 597 colles,
577 547 789 589 assimulat
826 563 922 587 eum
960 549 1265 589 transilientem
1300 562 1423 606 atque
1454 568 1515 593 sa-

97 624 281 664 lientem.
328 623 382 663 Et
410 625 632 680 posthaec
656 625 694 680 ¹)
725 625 777 664 ad
807 641 864 674 se,
898 635 939 664 et
967 625 1020 665 ad
1049 625 1150 666 alias
1180 627 1514 670 adolescentulas

96 699 309 740 advenisse
340 717 607 753 cognoscens,
638 701 758 741 dicit:
791 717 916 751 „ecce
934 702 975 757 2)
1006 702 1074 742 hic
1107 715 1220 744 retro
1251 716 1351 759 post
1378 706 1514 760 parie-

94 788 181 817 tem
210 784 443 819 nostrum.“
502 779 548 820 Si
579 779 864 820 aedificaveris
893 779 1119 834 parietem,
1152 793 1193 822 et
1222 781 1372 822 feceris
1399 783 1514 823 aedi—

94 855 335 896 ficationem
351 856 449 906 Dei,
480 857 618 897 veniet
637 868 734 912 post
752 855 957 912 parietem
979 868 1110 898 tuum.
1159 858 1455 914 „prospiciens
1470 859 1513 915 3)

91 949 169 987 per
196 933 438 973 fenestras.“
497 933 591 974 Una
629 934 807 973 fenestra
846 950 952 974 unus
992 946 1052 974 est
1089 950 1251 985 sensus,
1286 951 1365 991 per
1404 936 1514 976 hunc

91 1009 299 1065 prospicit
336 1026 537 1065 sponsus,
577 1009 658 1050 alia
695 1011 877 1050 fenestra
915 1010 1021 1050 alius
1061 1023 1122 1052 est
1159 1027 1324 1061 sensus,
1363 1024 1405 1052 et
1439 1029 1515 1068 per

92 1086 202 1127 hune
231 1103 408 1143 sponsus
437 1086 620 1127 sollicite
652 1099 892 1129 contuetur.
938 1088 1022 1128 Per
1040 1105 1147 1144 quos
1169 1105 1312 1130 sensus
1342 1089 1455 1130 enim
1471 1089 1513 1146 4)

92 1180 178 1204 non
206 1164 413 1220 prospicit
442 1180 581 1205 sermo
611 1164 726 1206 Dei?
769 1164 887 1218 Quid
917 1164 970 1205 sit
994 1176 1135 1205 autem
1163 1166 1408 1221 prospicere
1436 1183 1515 1224 per

94 1241 314 1291 fenestras,
345 1253 388 1282 et
418 1242 636 1297 quomodo
667 1258 744 1297 per
775 1258 841 1282 eas
871 1258 1047 1298 sponsus
1077 1242 1300 1298 adspiciat,
1336 1260 1513 1300 sequens

94 1319 267 1359 docebit
297 1319 549 1375 exemplum.
610 1318 696 1359 Ubi
727 1335 813 1358 non
842 1318 1050 1374 prospicit
1079 1335 1280 1375 sponsus,
1311 1321 1371 1361 ibi
1398 1338 1513 1363 mors

93 1395 305 1436 invenitur
332 1397 607 1445 adscendens,
654 1407 700 1436 ut
738 1395 913 1447 legimus
952 1397 995 1435 in
1035 1396 1270 1438 Hieremia:
1309 1415 1445 1447 „ecce
1470 1399 1512 1454 ⁵)

92 1488 206 1512 mors
243 1472 461 1513 adscendit
501 1489 579 1529 per
616 1473 816 1513 fenestras
852 1483 1025 1514 nostras.
1040 1479 1063 1498 ‘⁶
1139 1473 1322 1527 Quando
1362 1476 1514 1518 videris

92 1549 316 1590 mulierem
354 1551 406 1590 ad
447 1550 831 1606 concupiscendum
873 1566 984 1600 eam,
1024 1551 1108 1607 jam
1146 1568 1261 1593 mors
1299 1554 1516 1596 adscendit

91 1643 169 1682 per
207 1627 406 1668 fenestras
444 1639 546 1668 tuas.
623 1628 859 1677 „Eminens
882 1627 927 1681 6)
966 1644 1043 1683 per
1080 1629 1233 1668 retia.“
1307 1631 1514 1684 Intellige,

91 1704 189 1759 quia
227 1705 270 1744 in
308 1704 450 1744 medio
493 1706 743 1759 laqueorum
780 1705 990 1753 ambulas,
1039 1715 1080 1744 et
1118 1705 1263 1746 subtus
1302 1707 1515 1750 machinas

93 1793 273 1822 transeas
302 1781 581 1823 imminentes.
643 1781 798 1823 Omnia
829 1781 987 1822 retibus
1016 1781 1142 1836 plena
1171 1794 1289 1833 sunt,
1321 1783 1514 1828 diabolus

94 1860 246 1915 laqueo
286 1870 433 1899 cuncta
471 1860 714 1916 complevit.
791 1859 838 1901 Si
874 1871 1013 1900 autem
1055 1860 1217 1900 venerit
1256 1860 1335 1901 tibi
1371 1878 1510 1903 sermo

93 1936 189 1987 Dei,
221 1948 262 1977 et
292 1936 481 1992 coeperit
512 1936 697 1978 eminere
729 1938 781 1977 de
806 1936 978 1987 retibus,
1010 1936 1143 1978 dices:
1176 1937 1342 1987 „anima
1362 1938 1406 1992 7)
1436 1956 1514 1980 no—

93 2026 176 2055 stra
214 2025 357 2069 erepta
398 2025 459 2053 est
497 2013 549 2054 de
587 2014 739 2070 laqueo
774 2014 1027 2055 venantium.
1087 2016 1279 2071 Laqueus
1310 2016 1514 2058 contritus

94 2104 168 2142 est,
199 2102 241 2132 et
268 2107 346 2132 nos
379 2091 544 2132 liberati
574 2108 728 2133 sumus.
787 2091 1009 2133 Benedicti
1038 2109 1113 2133 vos
1144 2109 1166 2133 a
1196 2092 1412 2144 Domino,
1441 2095 1513 2149 qui

94 2168 196 2209 feeit
227 2169 395 2209 coelum
426 2180 469 2209 et
498 2174 694 2210 terram.“
751 2169 921 2210 Eminet
951 2170 1078 2223 igitur
1104 2186 1282 2226 sponsus
1312 2186 1390 2226 per
1410 2170 1515 2212 retia

94 2246 173 2286 tibi
205 2246 331 2286 vitam
357 2246 400 2302 8)
429 2245 597 2287 faciens.
656 2248 777 2288 Jesus
808 2247 1024 2288 descendit
1063 2248 1116 2288 ad
1145 2259 1299 2299 terras,
1337 2248 1514 2307 subjecit

94 2339 138 2363 se
168 2322 325 2363 retibus
355 2323 525 2363 mundi:
569 2323 715 2364 videns
744 2340 940 2376 magnum
969 2324 1189 2365 hominum
1220 2341 1386 2379 gregem
1416 2328 1513 2368 reti-

215 2518 257 2574 ¹)
287 2518 395 2558 Edd.
427 2518 620 2558 Merlini:
654 2520 746 2560 hoc.

213 2589 255 2644 2)
289 2588 444 2630 Cantic.
474 2589 531 2638 II,
560 2588 599 2631 9.
719 2589 765 2645 ³)
795 2589 952 2631 Cantic.
985 2591 1039 2640 II,
1070 2591 1108 2632 9.

215 2658 259 2711 ⁴)
289 2659 421 2699 Deest
451 2658 634 2708 „enim“
665 2659 708 2699 in
739 2660 803 2700 ed.
835 2661 981 2702 Ruaei.

216 2731 257 2785 5)
287 2730 444 2770 Jerem.
475 2730 551 2780 IX,
581 2729 648 2773 21.
768 2730 813 2785 ὃ)
843 2729 1000 2772 Cantic.
1034 2732 1087 2781 H,
1117 2731 1155 2774 9.

217 2799 260 2853 ⁷)
292 2798 380 2844 Csr.
409 2799 561 2841 Psalm.
593 2800 786 2850 CXXIV,
818 2800 856 2842 7.
886 2800 926 2844 8.

214 2870 257 2925 ⁸)
287 2870 394 2910 Edd.
424 2869 618 2911 Merlini:
651 2870 769 2911 viam.

1096 2946 1184 2990 18*
