1759 3134
250 137 335 182 28&
544 140 765 180 ORIGENJS
795 150 839 179 m
871 138 1052 181 CANTm.
1086 140 1389 182 CANTICORUM

252 253 408 308 sponsi,
441 268 487 291 ex
520 251 671 291 eodem
701 251 974 292 nihilominus
1007 252 1132 303 libro,
1163 253 1235 308 qui
1257 251 1534 307 Canticun11)
1568 252 1672 293 Can-

252 331 434 371 ticorum
466 328 773 384 attitulatur2),
806 329 1109 382 cognoscimus.
1154 329 1417 370 Possibilitas
1443 328 1553 368 enim
1581 329 1673 370 data

255 419 316 448 est
356 407 481 447 etiam
507 405 550 462 3)
589 407 688 462 ipsis
727 407 869 448 amicis
909 407 1053 462 sponsi
1093 405 1232 460 aliqua
1270 405 1431 455 dicere,
1482 422 1528 446 ea
1570 405 1675 445 dun·
1713 418 1716 422 ’

252 496 382 534 taxat,
425 501 530 540 quae
568 484 785 525 audierant
823 486 874 525 ab
916 485 1008 539 ipso
1041 499 1219 538 sponso,
1258 484 1458 523 laetantes
1491 483 1543 522 de
1576 498 1675 522 con-

249 562 467 621 junctione
497 578 686 617 sponsae.
748 562 819 603 Fit
859 578 955 613 ergo
995 577 1133 601 sermo
1175 562 1226 600 ab
1256 560 1346 615 ipsa
1374 575 1548 616 sponsa,
1588 576 1674 599 non

249 640 388 680 solum
418 640 468 680 ad
500 656 722 694 sponsum,
762 640 834 679 sed
877 639 1002 679 etiam
1034 639 1085 678 ad
1116 637 1471 677 adolescentulas:
1515 648 1555 677 et
1585 653 1674 676 rur-

249 734 340 758 sum
371 717 515 772 sponsi
539 716 581 772 ⁴)
611 733 749 756 sermo
782 732 869 756 non
909 716 1206 757 tantummodo
1248 715 1299 754 ad
1338 731 1558 770 sponsam,
1598 714 1671 753 sed

250 794 377 835 etiam
406 795 456 834 ad
489 793 646 833 amicos
679 793 871 845 dirigitur
901 792 1057 849 sponsi.
1117 792 1172 832 Et
1195 792 1277 832 hoc
1304 803 1377 841 est,
1408 792 1524 846 quod
1548 806 1672 845 supra

250 871 443 921 diximus,
475 887 642 911 carmen
660 870 848 925 nuptiale
874 870 917 910 in
942 871 1120 910 modum
1147 868 1342 909 dramatis
1370 884 1456 908 esse
1491 866 1674 908 conscri-

246 961 382 1005 ptum.
454 948 613 988 Drama
653 948 765 988 enim
807 948 961 988 dicitur
988 948 1055 1003 5),
1092 958 1138 986 ut
1177 946 1219 986 in
1256 946 1388 987 scenis
1428 945 1490 998 agi
1529 944 1673 985 sabula

247 1028 371 1077 solet,
401 1026 475 1067 ubi
506 1026 692 1066 diversae
721 1041 928 1081 personae
959 1024 1306 1064 introducuntur:
1350 1035 1390 1063 et
1422 1021 1513 1064 aliis
1554 1038 1670 1063 acce-

248 1104 465 1154 dentibus,
506 1103 597 1143 aliis
639 1102 765 1143 etiam
795 1102 1126 1150 discedentibus,
1164 1118 1187 1141 a
1219 1101 1411 1151 diversis,
1454 1112 1494 1141 et
1523 1101 1575 1140 ad
1606 1100 1671 1140 di-

245 1197 387 1222 versos
421 1191 558 1220 textus
596 1178 846 1219 narrationis
881 1178 1087 1233 expletur.
1147 1176 1268 1230 Quae
1302 1177 1464 1229 singula
1493 1193 1568 1217 suo
1602 1193 1670 1216 or-

246 1258 344 1299 dine
383 1256 588 1312 scriptura
627 1256 729 1296 haec
769 1254 978 1305 continet,
1019 1266 1245 1310 totumque
1277 1270 1430 1309 corpus
1463 1252 1549 1312 ejus
1580 1269 1670 1310 my-

243 1336 356 1377 sticis
394 1337 604 1376 formatur
643 1333 836 1389 eloquiis.
911 1333 998 1374 Sed
1033 1332 1175 1388 primo
1219 1331 1324 1372 scire
1366 1348 1444 1372 nos
1484 1338 1670 1387 oportet,

244 1413 467 1470 quoniam,
512 1412 619 1453 sicut
659 1411 834 1467 puerilis
874 1422 983 1451 aetas
1022 1426 1110 1450 non
1149 1421 1348 1450 movetur
1385 1410 1438 1450 ad
1476 1425 1667 1449 amorem

242 1489 487 1547 passibilem
507 1489 573 1545 6),
612 1488 668 1529 ita
697 1505 775 1529 nec
807 1489 859 1529 ad
891 1487 1093 1544 capienda
1118 1486 1161 1541 ⁷)
1193 1486 1364 1542 quidem
1396 1487 1523 1526 verba
1551 1487 1667 1536 haee,

241 1568 419 1624 parvula
459 1578 499 1607 et
535 1566 737 1607 infantilis
773 1561 988 1607 interioris
1031 1563 1215 1604 hominis
1261 1576 1371 1605 aetas
1417 1563 1666 1613 admittitur,

238 1646 416 1687 illorum
445 1644 629 1694 scilicet,
671 1644 743 1699 qui
780 1644 891 1684 lacte
931 1643 972 1684 in
1004 1641 1172 1684 Christo
1211 1641 1402 1692 aluntur,
1440 1658 1527 1682 non
1567 1641 1663 1682 cibo

240 1723 345 1764 forti
367 1723 434 1779 8),
480 1734 521 1763 et
567 1720 641 1777 qui
685 1736 796 1761 nunc
833 1720 1021 1776 primum
1059 1719 1310 1760 rationabile
1351 1731 1392 1760 et
1433 1719 1520 1760 sine
1561 1720 1664 1759 dolo

241 1801 306 1841 lac
345 1798 660 1855 concupiscunt.
720 1799 771 1839 In
794 1797 838 1853 9)
872 1796 1010 1838 verbis
1053 1796 1163 1838 enim
1199 1797 1362 1839 Cantici
1393 1797 1666 1839 Canticorum

359 1926 399 1982 ¹)
428 1926 539 1968 Edd.
568 1925 764 1968 BIerlini:
798 1924 970 1966 Cantica
1001 1924 1288 1968 canticorum.

355 1997 398 2053 2)
429 1997 530 2038 Mss.
569 1996 889 2046 ,‚attitulatur.“
954 1994 1073 2036 Libri
1115 1995 1218 2035 editi
1256 1995 1316 2050 (V.
1358 2011 1392 2037 e.
1432 1994 1526 2034 edd.
1560 1993 1664 2047 1510:

239 2053 552 2105 ,‚intitulatur.“
609 2054 660 2094 R.

356 2125 399 2180 3)
429 2125 562 2165 Deest
593 2123 792 2174 „etiam“
822 2122 865 2162 in
896 2122 992 2162 edd.
1023 2122 1082 2162 ⁷M.

356 2194 398 2251 ⁴²)
430 2196 564 2235 Deest
593 2193 807 2249 ‚,sponsi“
840 2193 883 2232 in
914 2193 1009 2232 edd.
1039 2191 1100 2232 M.

356 2266 403 2320 ⁵)
432 2266 483 2305 In
521 2264 639 2305 libris
679 2263 802 2304 editis
841 2262 899 2318 (v.
942 2279 975 2302 c.
1011 2262 1105 2301 edd.
1136 2261 1240 2316 M.):
1283 2260 1472 2310 „dieitur
1512 2261 1663 2301 multa—

238 2339 334 2364 rum
361 2337 639 2378 personarum
670 2319 889 2368 cantilena,
919 2330 966 2358 ut
995 2319 1037 2358 in
1068 2317 1201 2358 scenis
1217 2323 1242 2341 “
1266 2329 1342 2357 etc.
1392 2317 1478 2358 Sed
1499 2316 1542 2356 in
1561 2318 1662 2359 Mss.

240 2379 434 2421 omnibus
463 2377 617 2419 nostris
643 2378 793 2418 desunt
815 2377 958 2416 verba:
990 2375 1247 2425 „multarum
1269 2390 1546 2429 personarum
1569 2390 1663 2414 can-

236 2437 417 2478 tilena.“
474 2436 525 2476 R,

353 2505 396 2559 ὅ)
425 2505 526 2547 MSS·
567 2503 857 2561 „passibilem
871 2508 895 2527 ιι
954 2501 1072 2542 Libri
1112 2501 1214 2542 editi
1255 2502 1312 2557 (v.
1357 2517 1391 2541 e.
1428 2501 1522 2542 edd.
1554 2500 1658 2555 M.):

238 2562 586 2620 ,‚possibilium,“
640 2561 694 2601 R·
792 2581 795 2583 Α

354 2634 395 2688 7)
425 2633 535 2673 Edd.
564 2630 758 2673 Merlini:
791 2629 1056 2685 capiendum,

351 2703 395 2759 ⁸)
425 2703 534 2743 Edd.
565 2700 762 2743 Merlini:
792 2699 908 2749 forti,
939 2701 1013 2741 sed
1042 2715 1151 2740 nunc
1179 2698 1350 2755 quidem
1380 2697 1566 2754 primum
1595 2711 1659 2736 ra-

235 2759 462 2802 tionabile:
496 2771 537 2800 et
567 2758 655 2799 sine
686 2757 788 2797 dolo
822 2768 899 2797 etc.

350 2830 393 2886 ⁹)
426 2829 564 2871 Codd.
605 2827 827 2869 Beccensis
873 2839 913 2868 et
956 2824 1243 2867 Belvacensis:
1292 2825 1377 2874 ,‚In
1421 2821 1656 2880 proverbiis

233 2888 381 2929 enim“
412 2898 488 2928 etc.
548 2886 598 2926 R.

1752 2360 1759 2391 ἶ
