1759 3134
227 142 309 187 352
522 142 743 183 OmGEle
771 153 818 182 ΙΝ
850 142 1032 184 ΕΑΝΤιε.
1067 143 1368 184 (ΞΑΝτιοοιωΜ

231 268 274 297 et
305 256 403 297 talia
435 256 640 312 quaedam
672 254 858 296 dicamus
889 255 940 296 ad
973 271 1090 296 cum:
1131 254 1334 311 scriptum
1376 266 1457 296 cst:
1499 270 1654 310 „prae-

229 345 400 390 ceptum
430 333 467 390 ¹)
506 332 686 374 Domini
725 333 936 384 lucidum,
975 332 1215 373 illuminans
1258 333 1456 373 oculos.“
1528 331 1656 373 Dicat

230 428 328 465 crgo
370 411 514 463 nobis,
555 410 627 468 qui
665 422 760 452 sunt
803 410 938 461 oculi,
976 410 1047 466 qui
1084 409 1382 451 illuminantur
1411 409 1504 450 luce
1535 426 1655 466 prae·

229 489 354 546 cepti.
415 489 470 530 Et
500 489 677 530 iterum:
711 490 811 545 „qui
833 490 873 542 ²)
908 489 1032 528 habet
1062 504 1180 529 aures
1212 487 1423 539 audiendi,
1457 488 1654 531 «11ιᾶἰᾶὶέα

229 567 350 621 Quae
375 578 470 608 sunt
500 583 618 609 aures
650 566 764 617 istae,
797 583 895 623 quas
929 566 998 622 qui
1030 565 1234 617 habuerit,
1265 566 1354 622 ipsc
1384 566 1499 606 solus
1531 567 1655 606 verba

229 644 387 687 Christi
425 644 569 686 audire
609 643 800 686 dicatur?
857 644 913 685 Et
950 643 1123 684 iterum:
1164 643 1403 700 „quoniam
1426 644 1468 701 ³)
1504 643 1656 686 Christi

226 724 363 764 bonus
395 723 506 764 odor
534 738 676 764 sumus
707 722 866 763 Deo:“
908 733 949 763 et
988 722 1030 762 in
1071 721 1181 764 aliis:
1223 733 1419 776 „gustate
1441 722 1484 778 ⁴)
1526 733 1566 762 et
1597 720 1657 762 vi-

228 803 349 853 dete,
392 800 593 858 quoniam
633 799 768 842 suavis
809 811 870 841 est
898 799 1152 841 Dominus.“
1210 800 1266 842 Et
1305 798 1408 856 quid
1442 799 1548 841 alius
1578 799 1657 841 ait:

227 895 411 932 „manus
443 879 483 935 ⁵)
516 889 683 919 nostrae
714 878 993 934 palpaverunt
1024 879 1074 919 de
1106 878 1237 919 verbo
1269 877 1419 919 vhaef‘
1477 879 1658 920 Putasne

227 958 268 999 in
300 957 363 998 his
395 955 593 998 omnibus
623 972 708 996 non
741 956 1005 1007 movebitur,
1042 968 1089 997 ut
1119 957 1306 998 advertat
1335 957 1437 998 haec
1466 957 1658 998 universa

226 1052 316 1077 non
346 1036 398 1076 de
432 1033 650 1090 corporeis
681 1033 868 1075 sensibus
903 1035 1036 1085 dieta,
1075 1035 1149 1075 sed
1182 1035 1231 1075 de
1262 1034 1344 1086 his,
1375 1052 1481 1092 quos
1512 1052 1658 1077 secun-

229 1114 330 1154 dum
362 1111 610 1153 interiorem
640 1110 858 1151 hominem
889 1111 1022 1152 inesse
1047 1111 1275 1168 unicuique
1299 1113 1550 1156 docuimus?
1578 1114 1656 1155 nisi

229 1191 265 1231 si
295 1188 578 1231 contentionis
612 1200 653 1229 et
683 1187 901 1245 jactantiae
935 1188 1037 1229 vitio
1069 1189 1216 1242 agitur,
1247 1190 1319 1246 qui
1350 1189 1559 1248 ejusmodi
1587 1204 1658 1233 est.

229 1266 398 1323 Quibus
441 1265 551 1307 vitiis
593 1265 794 1322 quoniam
836 1277 876 1307 ct
919 1266 1028 1307 visus
1069 1265 1143 1306 ille
1185 1266 1362 1308 interior
1401 1281 1657 1321 excaecatur,

229 1358 271 1387 et
310 1346 511 1387 odoratus
553 1344 816 1395 occluditur,
858 1356 899 1386 et
938 1344 1172 1385 obduratur
1195 1345 1236 1402 6)
1274 1346 1462 1397 auditus,
1501 1347 1654 1388 merito

228 1441 306 1466 nec
338 1423 508 1474 videre,
541 1439 647 1480 quae
677 1422 911 1480 spiritualia
942 1434 1060 1474 sunt,
1101 1439 1179 1464 nec
1211 1424 1356 1465 audire
1387 1437 1551 1481 potest,
1582 1425 1655 1466 sed

228 1519 307 1544 nec
339 1503 518 1543 odorem
549 1501 676 1542 istum
708 1501 866 1543 Christi
898 1516 1061 1557 capere,
1093 1518 1177 1558 quo
1208 1518 1319 1543 nunc
1350 1514 1525 1559 recepto
1555 1503 1657 1544 ado-

226 1580 483 1623 lescentulae
513 1579 638 1629 istae,
676 1578 719 1619 in
753 1579 903 1636 quibus
933 1581 1041 1621 bene
1076 1596 1196 1621 sanus
1229 1592 1270 1621 et
1298 1580 1439 1633 vigens
1470 1593 1558 1622 crat
1588 1581 1654 1621 hic

225 1676 390 1710 sensus,
428 1657 471 1699 in
504 1658 682 1699 odorem
713 1669 1026 1710 unguentorum
1056 1657 1143 1714 ejus
1176 1669 1347 1699 currunt
1376 1670 1475 1715 post
1504 1658 1657 1715 ipsum,

224 1756 303 1781 nec
333 1735 536 1780 deficiunt
569 1746 803 1787 currentes,
834 1746 906 1777 aut
936 1735 1155 1787 laborant,
1187 1734 1284 1792 quia
1313 1736 1515 1778 suavitate
1551 1737 1657 1778 odo—

225 1818 280 1860 ris
312 1816 466 1874 ipsius,
500 1814 571 1871 qui
604 1826 665 1856 est
695 1815 747 1856 de
779 1812 864 1855 vita
893 1813 937 1855 in
966 1813 1120 1865 vitam,
1150 1814 1333 1856 refectae
1363 1813 1515 1872 jugiter
1543 1813 1658 1855 inva-

224 1896 401 1939 lescunt.
475 1893 625 1934 Potest
662 1892 798 1934 adhuc
839 1903 880 1933 et
918 1892 1000 1933 hoc
1039 1893 1172 1933 modo
1215 1892 1373 1950 accipi,
1419 1894 1535 1950 quod
1577 1893 1654 1934 ait:

224 1983 523 2028 „unguentum
545 1970 590 2027 ⁷)
625 1970 880 2013 exinanitum
910 1987 1067 2012 nomen
1098 1983 1230 2012 tuum.
1291 1971 1524 2028 Propterea
1553 1972 1656 2012 ado-

224 2051 480 2094 lescentulae
513 2050 750 2091 dilexerunt
778 2055 863 2091 te.“
921 2048 1169 2102 Unigenitus
1200 2048 1286 2089 Dei
1315 2049 1452 2100 filius,
1485 2066 1579 2091 cum
1610 2049 1653 2090 in

224 2130 362 2171 forma
391 2127 477 2168 Dei
512 2139 619 2169 essct
645 2128 714 2184 8),
756 2126 980 2168 exinanivit
1018 2138 1153 2168 semet
1191 2126 1351 2182 ipsum,
1393 2139 1433 2168 et
1470 2128 1653 2169 formam

223 2207 334 2249 servi
365 2204 539 2261 accepit.
587 2204 829 2246 Exinanivit
858 2217 998 2246 autem
1018 2206 1069 2246 de
1099 2204 1364 2261 plenitudine
1397 2205 1485 2246 sine
1507 2205 1653 2257 dubio,

224 2286 269 2328 in
300 2301 381 2342 qua
412 2294 508 2325 erat.
570 2282 642 2323 Illi
670 2282 789 2336 ergo,
830 2282 903 2339 qui
933 2282 1100 2333 dicunt,
1142 2282 1239 2340 quia
1280 2283 1368 2335 „de
1392 2283 1433 2341 9)
1471 2283 1653 2339 plenitu—

227 2364 325 2406 dine
357 2362 446 2421 ejus
475 2376 553 2403 nos
586 2377 730 2402 omnes
759 2359 1040 2416 accepimus,“
1072 2360 1152 2417 ipsi
1181 2373 1277 2404 sunt
1300 2361 1653 2415 adolescentulae,

344 2556 386 2613 1)
414 2554 570 2597 Psalm.
602 2552 722 2603 XIX,
750 2551 791 2595 8.
911 2552 955 2610 2)
985 2552 1136 2595 Matth.
1167 2553 1289 2605 XIII,
1320 2552 1359 2597 9.

340 2628 383 2684 ³)
415 2627 457 2667 II
481 2625 579 2668 Cor.
611 2624 667 2674 II,
702 2622 767 2668 15.
886 2624 929 2681 ⁴)
959 2624 1115 2666 Psalm.
1145 2622 1347 2675 XXXIV,
1380 2622 1419 2668 8.

341 2700 383 2757 ⁵)
413 2698 433 2738 I
453 2698 605 2738 Joann.
636 2695 671 2743 I,
705 2693 742 2737 1.

338 2771 380 2822 ὅ)
409 2768 519 2809 Edd.
550 2763 747 2807 Merlini:
781 2764 1012 2806 obturatur.

341 2841 386 2894 Ἰ)
418 2837 575 2882 Cantic.
610 2836 643 2885 J,
673 2833 711 2878 3.
832 2834 874 2889 ⁸)
907 2835 991 2877 Csr.
1024 2835 1211 2891 Philipp.
1245 2836 1300 2886 II,
1329 2834 1367 2878 b‘.
1400 2835 1436 2878 7.

340 2912 382 2965 9)
412 2909 486 2950 Ev.
520 2902 671 2948 Joann.
707 2905 739 2959 I,
774 2904 836 2948 16.
