1759 3134
245 150 327 194 370
537 150 758 192 On1G1-:Nis
788 163 833 191 m
866 151 1048 192 CANTm.
1082 150 1383 193 CANTmonuM

247 263 443 305 duistis.‘¹
505 263 589 304 Sed
632 274 673 304 et
703 262 787 304 viui
829 264 990 304 fusores
1032 262 1141 320 ejus:
1187 264 1371 305 arbitror
1410 263 1550 320 dici')
1595 265 1670 305 do-

249 354 408 392 ctores,
450 340 520 397 qui
558 341 747 382 Verbum
778 341 862 381 Dei
902 352 941 381 et
981 340 1215 382 doctrinam
1257 341 1372 398 quasi
1412 341 1554 382 vinum
1593 358 1669 397 po-

245 419 357 475 pulis
389 421 588 469 miscent,
628 420 744 475 quod
775 419 1016 460 auditorum
1050 419 1178 460 corda
1210 419 1421 461 laetificet.
1481 418 1599 460 Vidit
1630 430 1670 460 et

244 496 489 538 holocausta
521 496 628 554 ejus,
669 497 910 538 orationum
940 498 1027 538 sine
1062 497 1193 538 dubio
1225 496 1668 553 supplicationumque

242 574 449 633 mysteria.
510 575 628 617 Haec
661 591 758 628 ergo
793 575 933 615 omnia
964 574 1036 614 ubi
1069 575 1173 615 vidit
1216 574 1258 614 in
1291 574 1420 615 domo
1461 575 1567 627 regis
1597 592 1670 631 pa-

243 651 375 704 cifici,
421 652 509 693 imo
525 653 569 709 ²)
611 652 788 703 Christi,
834 652 949 705 nigra
988 653 1088 694 haec
1129 664 1169 694 et
1210 654 1398 694 formosa
1438 654 1670 710 obstupuit,

243 742 285 771 et
315 730 370 771 ait
400 732 453 772 ad
485 747 606 772 eum:
637 746 795 781 „verus
812 730 854 786 ³)
888 742 949 771 est
979 746 1132 780 sermo,
1165 747 1288 786 quem
1311 731 1454 771 audivi
1484 731 1526 772 in
1558 743 1668 772 terra

240 824 335 849 mea
369 809 420 850 de
452 810 583 850 verbo
614 819 715 859 tuo,
755 820 797 849 et
828 808 880 849 de
909 807 1135 865 prudentia
1165 821 1247 851 tua.
1262 815 1286 834 “
1343 809 1529 865 Propter
1560 809 1669 850 enim

240 887 419 927 verbum
448 898 591 938 tuum,
626 888 740 944 quod
771 886 923 940 agnovi
957 903 1103 928 verum
1135 903 1222 928 esse
1254 888 1458 938 verbum,
1489 887 1585 928 veni
1616 888 1669 928 ad

239 976 293 1006 te.
355 965 511 1007 Omnia
551 965 708 1006 etenim
748 966 898 1016 verba,
956 981 1060 1022 quae
1101 965 1205 1006 mihi
1229 964 1270 1022 ⁴)
1313 964 1580 1016 dicebantur,
1628 977 1669 1006 et

239 1059 346 1100 quae
377 1042 622 1094 audiebam,
669 1060 765 1085 cum
797 1058 929 1084 essem
967 1043 1011 1084 in
1051 1055 1162 1085 terra
1194 1061 1310 1096 mea,
1356 1060 1380 1086 a
1420 1043 1668 1085 doctoribus

237 1121 400 1162 scilicet
428 1121 585 1163 saeculi
617 1132 658 1162 et
688 1119 978 1177 philosophis,
1022 1136 1110 1161 non
1141 1133 1256 1162 erant
1286 1138 1396 1164 vera.
1457 1122 1576 1163 Istud
1607 1133 1668 1163 est

237 1199 378 1239 solum
395 1215 542 1240 verum
568 1199 758 1249 verbum,
791 1198 907 1254 quod
943 1208 1004 1238 est
1033 1197 1075 1238 in
1107 1209 1158 1240 te.
1209 1200 1294 1241 Sed
1324 1200 1510 1241 fortassis
1542 1216 1666 1257 quae-

236 1278 416 1318 rendum
458 1276 693 1328 videbitur,
743 1275 962 1332 quomodo
1013 1274 1124 1316 dicat
1147 1276 1188 1331 5)
1227 1277 1315 1329 regi
1363 1277 1505 1331 regina
1550 1278 1666 1329 haec,

238 1355 334 1412 quia
363 1372 451 1397 non
482 1354 643 1397 credidi
674 1354 759 1405 his,
808 1370 914 1410 quae
947 1352 1194 1395 dicebantur
1223 1355 1327 1396 mihi
1372 1357 1423 1397 de
1453 1368 1518 1408 te,
1568 1374 1664 1398 cum

235 1434 381 1490 utique
423 1450 510 1475 non
548 1432 729 1474 venisset
770 1433 824 1474 ad
862 1432 1100 1483 Christum,
1138 1432 1217 1474 nisi
1260 1435 1517 1478 credidisset.
1579 1436 1663 1478 Sed

236 1512 347 1563 vide,
379 1512 412 1553 si
434 1527 658 1568 possumus
684 1509 766 1551 hoc
791 1511 924 1551 modo
957 1511 1137 1563 solvere,
1172 1513 1288 1569 quod
1332 1513 1603 1570 proponitur.
1621 1512 1663 1571 6)

234 1592 368 1643 „Non
386 1590 426 1646 ⁷)
458 1589 521 1640 iis,
551 1589 702 1644 inquit,
736 1589 909 1640 credidi,
942 1589 1012 1646 qui
1045 1590 1330 1646 loquebantur
1358 1591 1504 1634 mihi.“
1562 1593 1659 1633 'Non

233 1668 347 1709 enim
377 1667 507 1708 fidem
536 1683 676 1708 meam
706 1667 750 1707 in
780 1667 904 1718 illos,
946 1667 1019 1724 qui
1049 1668 1183 1709 locuti
1213 1681 1309 1710 sunt
1338 1670 1389 1710 de
1421 1681 1485 1720 te,
1515 1671 1589 1711 sed
1618 1671 1661 1711 in

231 1758 274 1787 te
306 1745 459 1797 direxi,
500 1745 544 1786 id
577 1757 659 1796 est,
698 1761 786 1787 non
821 1746 1088 1797 hominibus,
1129 1746 1202 1787 sed
1240 1745 1319 1787 tibi
1359 1747 1519 1789 credidi
1547 1749 1659 1790 Deo.

230 1823 286 1865 Et
316 1840 394 1880 per
422 1823 521 1865 illos
553 1823 726 1880 quidem
755 1823 912 1875 audivi,
943 1825 995 1866 ad
1025 1836 1067 1867 te
1098 1835 1237 1866 autem
1267 1823 1377 1877 veni,
1410 1837 1450 1867 et
1472 1826 1552 1868 tibi
1573 1843 1661 1868 cre-

231 1901 342 1953 didi,
381 1902 494 1958 apud
526 1919 652 1958 quem
683 1903 820 1944 multo
851 1903 974 1959 plura
1006 1902 1202 1945 viderunt
1233 1904 1349 1946 oculi
1385 1904 1491 1955 mei,
1532 1921 1656 1961 quam

229 1980 580 2021 annuntiabantur
607 1981 725 2022 mihi.
787 1981 951 2023 Revera
982 1981 1116 2033 enim,
1151 1999 1246 2024 cum
1274 1983 1515 2040 pervenerit
1544 1983 1659 2036 nigra

229 2057 332 2098 haec
382 2069 423 2099 et
474 2059 662 2101 formosa
710 2059 754 2100 in
792 2059 1060 2101 Hierusalem
1101 2060 1351 2112 coelestem,
1396 2073 1436 2102 et
1475 2061 1656 2114 ingressa

228 2134 357 2175 fuerit
386 2135 592 2177 visionem
615 2137 730 2193 pacis
745 2138 882 2179 multo
908 2138 1030 2195 plura
1059 2150 1100 2180 et
1123 2138 1497 2192 magnificentiora,
1529 2155 1654 2195 quam

227 2229 339 2254 nunc
371 2212 409 2254 ei
440 2226 535 2255 sunt
565 2215 830 2268 annuntiata,
860 2216 1101 2273 perspiciet.
1161 2219 1284 2259 Nunc
1316 2216 1428 2258 enim
1456 2228 1652 2273 tanquam

229 2290 273 2331 in
302 2292 477 2348 speculo
511 2305 553 2335 et
582 2293 838 2347 aenigmate,
880 2306 981 2337 tunc
1011 2307 1151 2338 autem
1182 2295 1343 2337 videbit
1373 2294 1480 2336 facie
1512 2295 1564 2335 ad
1594 2294 1654 2334 fa-

341 2502 381 2560 ¹)
411 2503 519 2546 Edd.
551 2506 612 2548 M.
643 2538 668 2558 ‚,
682 2503 798 2550 dicit.
813 2514 837 2533 “

339 2575 381 2631 ²)
412 2574 524 2617 Edd.
554 2577 616 2620 M.
647 2578 770 2629 „imo
806 2577 972 2635 pacifici
1004 2576 1207 2620 Christi.“

339 2646 382 2701 ³)
414 2647 577 2701 IRegg.
609 2649 663 2699 X,
693 2649 732 2692 6.
768 2650 856 2707 (ΙΙΙ
872 2649 1020 2706 Regg.)

267 2714 270 2716 ’
335 2713 377 2772 ⁴)
409 2715 543 2759 Deest
571 2718 746 2770 „mihi“
778 2720 823 2761 in
855 2721 950 2762 edd.
981 2721 1043 2762 Μ.

336 2787 377 2842 ⁵)
406 2787 516 2829 Edd.
548 2790 609 2831 M.
640 2790 883 2840 „dicebat.“
987 2789 1029 2847 εἰ)
1059 2790 1139 2833 Ed.
1170 2790 1222 2831 R.
1257 2788 1370 2830 sola:
1401 2788 1645 2844 „ponitur.“

333 2858 375 2913 ⁷)
406 2859 570 2912 IRegg.
602 2861 655 2910 X,
688 2862 728 2903 7.
760 2863 852 2919 (HI
869 2862 1019 2918 Regg.)
1053 2888 1102 2893 —
1133 2860 1242 2901 Edd.
1275 2858 1468 2901 Merlini:
1508 2860 1646 2910 „Non

215 2913 278 2954 bis
291 2920 314 2938 “
349 2925 425 2955 etc.
