1738 3134
664 161 864 202 HomnA
893 161 948 201 II.
1460 163 1516 206 37

101 271 272 312 omnino
313 271 424 312 caeci
462 284 568 313 sunt.
628 271 674 313 Si
711 283 911 327 peccator
947 289 1060 322 sum,
1103 271 1209 312 nihil
1248 272 1396 322 video,
1437 290 1515 315 nec

97 366 270 404 possum
290 349 472 390 veritatis
503 350 646 389 lumen
676 349 904 404 adspicere.
950 350 1027 399 „In
1049 349 1088 404 ¹)
1113 348 1317 405 judicium
1341 350 1513 406 quippe,

99 426 177 476 ait,
214 426 258 466 in
287 427 492 466 mundum
520 426 646 466 istum
677 426 795 476 veni,
833 437 880 466 ut
908 442 995 466 non
1024 425 1212 466 videntes
1244 427 1432 478 videant,
1472 439 1512 467 et

98 503 286 544 videntes
326 503 437 544 caeci
474 504 631 543 fiant:“
677 503 711 543 si
755 515 895 544 autem
932 502 1085 561 jnstus,
1131 502 1294 558 accipio
1339 504 1512 556 gratiam

97 597 119 620 a
148 581 260 631 Deo,
293 593 333 621 et
365 582 415 621 de
445 596 513 620 me
544 596 712 635 quoque
743 580 896 621 dicitur
926 580 1081 620 videns.
1130 578 1370 634 Prophetae
1400 580 1512 621 enim

96 660 353 699 vocabantur
390 669 484 697 ante
524 656 723 697 videntes.
789 658 880 707 „Et
903 659 946 713 ²)
990 656 1062 713 qui
1099 655 1237 704 vides,
1276 655 1354 705 ait,
1392 657 1510 703 vade,

97 735 300 775 descende
331 734 374 774 in
403 746 558 774 terram
587 735 719 784 Juda‚
764 746 804 775 et
832 735 892 776 ibi
927 749 1213 782 commorare,
1254 745 1295 773 et
1324 732 1384 773 ibi
1412 749 1512 788 pro-

94 812 296 866 phetabis.
356 812 405 851 In
433 810 586 851 Bethel
626 824 765 852 autem
805 812 888 870 jam
924 828 1012 852 non
1051 809 1220 867 adjicies
1250 822 1297 850 ut
1327 810 1511 866 prophe-

93 895 195 928 tes.“
251 889 307 928 Et
336 905 502 928 rursum
531 888 654 929 alibi:
687 887 820 937 „visio
843 889 909 942 3),
943 903 1069 944 quam
1098 887 1205 928 vidit
1232 887 1371 937 Isaias,
1398 887 1510 928 filius

92 966 266 1005 Amos.“
308 964 476 1014 Beatus,
509 965 575 1005 cui
604 965 810 1005 revelabit
827 965 1039 1005 Dominus
1071 965 1218 1005 oeulos
1249 966 1302 1005 ad
1331 964 1511 1005 videnda

92 1041 302 1082 mirabilia
331 1043 382 1082 de
412 1043 504 1095 lege
528 1042 626 1092 Dei,
657 1041 772 1100 juxta
802 1042 1138 1083 obsecrationem
1168 1042 1415 1097 prophetae,
1449 1041 1510 1081 di—

93 1118 242 1159 centis:
280 1120 456 1169 „revela
479 1120 521 1176 ⁴)
562 1120 710 1161 oculos
746 1136 887 1170 meos,
927 1131 968 1160 et
998 1119 1273 1161 considerabo
1305 1118 1515 1159 mirabilia

91 1197 142 1236 de
172 1197 263 1248 lege
292 1203 405 1237 tua.“

204 1272 244 1314 4.
286 1274 513 1314 Videamus
555 1286 696 1315 autem
735 1287 776 1315 et
813 1275 943 1315 alium
982 1291 1240 1324 sermonem,
1279 1290 1356 1330 per
1386 1290 1512 1330 quem

90 1350 512 1405 pseudoprophetae,
559 1363 600 1391 et
643 1351 737 1391 falsi
780 1350 966 1403 magistri
1009 1351 1314 1406 corripiuntur:
1357 1367 1377 1390 a
1425 1367 1510 1405 quo

92 1442 244 1481 quaeso
274 1438 322 1466 ut
353 1428 566 1468 orantibus
588 1428 709 1468 vobis
740 1444 816 1480 ego
842 1444 972 1483 purus
994 1427 1193 1468 inveniar.
1242 1426 1360 1481 Quae
1393 1428 1511 1482 est⁵)

90 1502 218 1555 igitur
247 1503 491 1559 correptio?
548 1504 705 1554 „Sicut
727 1505 768 1560 6)
800 1504 949 1560 vulpes
979 1503 1021 1544 in
1056 1504 1245 1553 deserto,
1276 1505 1511 1559 prophetae

89 1580 153 1621 tui
188 1581 368 1621 Israel.“
426 1581 597 1622 Animal
636 1582 785 1638 vulpes
824 1598 1006 1637 nequam
1043 1593 1127 1631 est,
1172 1593 1409 1630 versutum,
1451 1580 1512 1620 in-

93 1658 305 1699 domabile
338 1670 419 1708 est,
456 1660 595 1699 ferum
627 1670 698 1700 est.
759 1659 938 1708 „Dicite
964 1658 1029 1714 ⁷),
1060 1657 1117 1698 ait
1148 1658 1362 1707 Salvator,
1393 1656 1512 1711 vulpi

90 1734 178 1775 isti:
218 1751 314 1775 ecce
338 1735 380 1790 8)
421 1734 652 1774 sanationes
690 1735 866 1789 perficio
909 1734 1060 1783 hodie,
1102 1745 1143 1774 et
1173 1751 1282 1783 cras,
1321 1745 1361 1773 et
1388 1732 1513 1773 tertia

93 1811 160 1852 die
193 1817 505 1852 consummor.“
551 1811 636 1851 Has
658 1811 807 1867 vulpes
835 1810 1083 1852 necessarias
1115 1810 1261 1850 habuit
1291 1811 1512 1850 adversum

92 1889 343 1942 alienigenas
373 1889 602 1944 Sampson,
636 1905 811 1943 quarum
842 1888 983 1928 caudis
1014 1904 1111 1927 cum
1140 1886 1234 1939 igne
1265 1887 1426 1937 vinctis,
1458 1911 1508 1916 —

90 1977 294 2006 trecentas
340 1964 452 2005 enim
497 1976 664 2020 ceperat
708 1988 782 2014 —-,
825 1964 870 2004 in
912 1964 1199 2020 perditionem
1242 1981 1307 2004 cas
1345 1965 1512 2016 frugum

91 2043 205 2084 misit
243 2042 472 2083 hostilium.
546 2041 792 2083 Istiusmodi
829 2053 925 2082 sunt
961 2042 1056 2082 falsi
1092 2041 1298 2094 magistri,
1344 2040 1512 2089 versuti,

92 2120 276 2173 maligni,
308 2131 349 2160 et
378 2119 520 2160 bestiis
551 2119 722 2160 similes.
783 2118 830 2160 Si
858 2118 954 2160 talis
984 2136 1089 2169 sum,
1120 2119 1268 2174 vulpes
1296 2135 1408 2159 sum:
1440 2119 1514 2158 sed

91 2214 178 2239 non
207 2197 457 2253 simpliciter
485 2197 655 2252 vulpes,
692 2213 841 2236 verum
879 2196 1027 2251 vulpes
1057 2195 1101 2236 in
1132 2195 1328 2245 desertis,
1367 2195 1515 2250 vulpes

95 2274 138 2314 in
173 2274 412 2329 parietinis,
451 2273 601 2329 vulpes
641 2273 685 2313 in
723 2275 919 2329 rupibus:
967 2274 1068 2314 haec
1109 2273 1222 2314 enim
1260 2272 1303 2312 in
1342 2272 1514 2312 diversis

95 2351 280 2393 sensibus
319 2351 598 2393 continentur.
657 2350 915 2408 Versipelles
954 2350 1023 2392 isti
1061 2363 1103 2392 et
1140 2367 1321 2406 nequam
1350 2366 1516 2404 semper

210 2544 257 2600 ⁶¹)
289 2545 366 2588 Ev.
394 2546 544 2587 Joann.
575 2546 651 2596 IX,
682 2545 750 2589 39.
869 2548 914 2603 ²)
945 2549 1091 2588 Amos.
1122 2546 1219 2595 VII,
1251 2545 1316 2587 12.
1351 2545 1414 2588 13.

213 2616 258 2671 3)
288 2614 410 2656 Jesai.
442 2617 475 2664 I,
508 2616 545 2658 1.
665 2615 707 2671 ⁴)
737 2616 890 2658 Psalm.
924 2617 1078 2666 CXIX,
1105 2615 1170 2658 18.
1201 2615 1439 2671 (CXV111.)

217 2685 259 2741 ⁵)
289 2685 399 2725 Edd.
429 2685 623 2726 hIerlini:
657 2698 717 2726 est
749 2702 845 2739 ergo
878 2687 1005 2740 igitur
1035 2698 1114 2727 etc.

218 2756 260 2808 ⁶)
292 2755 443 2795 Ezech.
475 2755 597 2804 XIII,
627 2755 665 2797 4.
786 2758 827 2811 ⁷)
861 2759 960 2797 Luc.
989 2757 1114 2805 XIII,
1145 2755 1211 2800 3⁵2.

107 2881 146 2922 ἃ.
215 2825 259 2880 8)
290 2825 398 2866 Edd.
429 2825 490 2867 M.
522 2839 765 2880 perperam:
797 2843 893 2868 ecce
922 2825 1174 2869 sanationes:
1208 2823 1414 2880 perfectio
1446 2823 1519 2861 110-

137 2898 174 2923 ιε
206 2893 283 2924 etc.
