1759 3134
704 136 843 174 LnssEn
874 133 927 172 ΙΙ.
1439 131 1522 174 379

110 249 187 290 erit
218 265 337 290 causa
367 249 453 289 ulla
485 250 726 303 despectus,
765 257 808 285 et
836 256 935 284 tunc
964 246 1165 285 reddetur
1194 244 1296 285 mihi
1331 245 1401 284 lux
1431 260 1524 285 mea

111 338 152 367 et
180 327 382 381 splendor
410 341 550 365 meus:
581 324 624 365 in
653 334 898 378 tantumque
929 323 1196 377 propelletur
1225 339 1247 363 a
1278 338 1370 371 me,
1402 337 1526 378 quam

110 420 219 444 nunc
249 401 578 458 exprobratis¹)‚
609 399 686 440 ista
713 398 902 451 nigredo,
932 410 980 439 ut
1010 397 1135 439 etiam
1165 400 1235 440 lux
1261 398 1411 440 mundi
1439 415 1528 439 me-

111 496 203 520 rear
231 478 447 535 appellari.
507 477 577 520 Sic
608 492 706 529 ergo
737 476 802 516 sol
841 476 916 516 iste
949 474 1122 532 quidem
1150 476 1326 517 visibilis
1358 492 1406 517 ea
1437 492 1529 517 cor-

110 574 228 613 pora,
258 555 408 612 quibus
438 571 460 596 a
484 571 648 596 summo
674 553 895 595 libramine
915 553 1129 602 insederit,
1158 553 1338 595 infuscat
1362 565 1403 595 et
1423 553 1526 595 urit:

114 651 161 675 ea
192 651 306 684 vero,
337 649 441 690 quae
470 633 623 688 procul
653 642 748 672 sunt
778 642 819 672 et
856 632 905 671 ab
932 630 1009 672 ista
1035 630 1331 672 collibratione
1362 630 1528 683 longius

111 711 260 768 posita,
293 721 509 752 conservat
541 709 585 750 in
616 710 796 751 candore
826 725 917 759 suo,
950 725 1028 750 nec
1057 708 1230 749 omnino
1253 707 1338 749 urit
1366 724 1427 757 ea,
1457 707 1532 748 sed

112 787 333 829 illuminat.
394 788 602 830 solvero
634 785 882 842 spiritualis,
926 788 997 842 qui
1038 797 1098 827 est
1134 786 1200 827 sol
1238 784 1443 842 justitiae,
1488 784 1531 826 in

113 865 228 906 cuius
259 864 464 920 pennis2)
494 864 644 905 sanitas
685 879 772 905 esse
812 863 988 913 dicitur,
1035 880 1056 904 e
1088 863 1298 905 contrario
1333 879 1404 904 eos
1442 862 1534 919 qui-

113 943 222 991 dem,
254 958 358 998 quos
387 941 491 982 recti
523 941 660 983 cordis
690 940 921 991 invenerit,
966 951 1008 982 et
1037 941 1089 982 nd
1119 941 1271 982 libram
1299 940 1364 982 sui
1392 940 1534 996 splen-

112 1018 226 1060 doris
257 1017 543 1069 consistentes,
571 1018 853 1076 illuminat3),
888 1030 930 1060 et
948 1018 1066 1060 omni
1088 1019 1255 1072 fulgore
1279 1019 1534 1061 circumdat:

115 1113 185 1137 eos
217 1108 371 1146 autem,
402 1096 474 1152 qui
506 1097 680 1153 oblique
710 1096 911 1138 incedunt
936 1113 1032 1137 cum
1056 1112 1121 1147 eo,
1150 1096 1385 1138 necessario
1409 1095 1535 1138 etiam

115 1173 204 1230 ipse
236 1173 408 1230 oblique
437 1190 524 1215 non
554 1184 641 1214 tam
660 1173 846 1229 respicit,
879 1190 1003 1230 quam
1021 1173 1212 1230 despicit,
1233 1173 1315 1214 hoc
1345 1173 1395 1214 iis
1416 1188 1537 1230 prae-

114 1262 246 1292 stante
278 1251 554 1292 inconstantia
592 1267 664 1293 sua
704 1262 745 1292 et
786 1250 1070 1292 instabilitate.
1133 1250 1366 1305 Quomodo
1410 1249 1538 1300 enim,

116 1327 187 1384 qui
217 1327 403 1383 perversi
441 1339 557 1378 sunt,
602 1339 778 1384 possunt
816 1327 1050 1384 suscipere,
1098 1329 1214 1385 quod
1253 1338 1417 1369 rectum
1451 1325 1541 1369 est?

116 1405 243 1446 Velut
272 1405 307 1446 si
338 1421 465 1447 curvo
498 1405 612 1458 ligno
643 1405 840 1446 adhibeas
870 1405 1149 1447 rectissimam
1177 1405 1390 1459 regulam,
1421 1403 1540 1444 vide-

114 1483 229 1524 bitur
258 1482 430 1539 quidem
459 1499 537 1538 per
573 1482 760 1535 regulam
798 1482 913 1535 argui
950 1482 1151 1524 materiae
1194 1482 1396 1539 pravitas,
1451 1498 1539 1522 non

116 1573 255 1602 tamen
284 1561 428 1613 regula
459 1571 536 1610 est,
585 1576 689 1616 quae
720 1560 834 1613 ligno
868 1576 1032 1602 causam
1073 1559 1361 1617 perversitatis
1400 1559 1538 1616 impo-

116 1638 210 1680 suit.
269 1639 324 1679 Et
353 1638 451 1679 ideo
482 1637 766 1679 festinandum
796 1649 858 1678 est
886 1638 939 1678 ad
969 1637 1054 1678 vias
1085 1649 1240 1687 rectas,
1275 1649 1317 1679 et
1345 1638 1542 1679 standum

119 1716 160 1757 in
190 1715 348 1757 semitis
377 1715 593 1765 virtutum,
628 1730 680 1755 ne
711 1715 822 1755 forte
852 1715 918 1755 sol
947 1713 1129 1772 justitiae
1160 1727 1299 1757 rectus
1330 1715 1543 1766 incedens,

119 1793 151 1834 si
181 1810 257 1834 nos
290 1792 486 1849 obliquos
517 1804 624 1833 stare
653 1791 838 1833 inveniat
869 1803 910 1833 et
938 1809 1181 1849 perversos,
1220 1792 1424 1850 despiciat
1452 1809 1543 1844 nos,

121 1882 161 1912 et
203 1870 436 1912 efficiamur
478 1869 694 1923 denigrati.
763 1871 812 1910 In
861 1881 1060 1926 quantum
1113 1870 1225 1912 enim
1242 1870 1284 1926 ⁴)
1326 1871 1544 1927 incapaces

121 1948 324 1990 fuerimus
355 1947 460 1989 lucis
493 1946 594 2005 ejus,
626 1947 668 1988 in
697 1958 860 1988 tantum
890 1947 1074 1988 tenebris
1116 1960 1158 1989 et
1186 1947 1396 2000 nigredini
1429 1947 1546 1990 dabi-

120 2044 211 2068 mus
242 2027 397 2067 locum.
457 2024 596 2081 Hie⁵)
628 2024 739 2065 enim
770 2036 832 2066 est
867 2024 958 2081 ipse
995 2025 1083 2075 sol,
1130 2025 1203 2081 qui
1244 2037 1286 2067 et
1324 2027 1395 2067 lux
1433 2043 1545 2079 vera,

122 2103 362 2146 illuminans
393 2118 564 2144 ornnem
594 2102 809 2144 hominem
842 2101 1081 2143 venientem
1110 2101 1155 2142 in
1184 2103 1296 2145 hunc
1325 2105 1546 2156 mundum,

124 2195 165 2224 et
195 2182 268 2239 qui
296 2181 339 2222 in
369 2182 451 2222 hoc
480 2181 640 2222 mundo
674 2193 785 2231 erat,
830 2192 872 2221 et
899 2181 1080 2221 mundus
1119 2196 1197 2236 per
1233 2180 1373 2237 ipsum
1410 2183 1546 2236 factus

122 2271 194 2302 est.
252 2261 350 2301 Non
389 2259 500 2300 enim
538 2275 616 2316 per
655 2259 767 2300 istud
804 2257 969 2299 visibile
1008 2258 1151 2299 lumen
1189 2260 1372 2301 mundus
1411 2261 1546 2303 factus

123 2349 196 2388 est,
256 2354 350 2378 cum
382 2348 423 2378 et
451 2336 589 2394 ipsum
619 2337 763 2394 portio
793 2337 848 2378 sit
876 2336 1036 2388 mundi,
1068 2337 1142 2378 sed
1163 2353 1241 2393 per
1262 2337 1375 2378 istud
1396 2354 1545 2382 verum

122 2416 279 2466 lumen,
309 2432 332 2456 a
362 2431 445 2472 quo
477 2415 637 2456 lumine
669 2416 704 2457 si
731 2433 809 2457 nos
830 2414 1019 2471 perversi
1048 2414 1352 2465 incesserimus,
1383 2415 1546 2472 despici

124 2494 315 2537 dicimur.
374 2493 430 2534 Et
474 2492 616 2549 ipsum
661 2492 774 2534 enim
820 2492 944 2534 nobis
990 2509 1187 2550 perverse
1235 2493 1544 2546 incedentibus,

244 2677 282 2733 ¹)
312 2675 421 2717 Edd.
451 2675 512 2716 M.
544 2706 569 2725 „
583 2676 821 2731 exprobras.
837 2680 862 2700 “
979 2675 1024 2732 ²)
1053 2675 1162 2718 Edd.
1193 2675 1254 2717 M.
1287 2676 1524 2733 „poenis.“

242 2748 284 2804 ³)
315 2745 426 2791 Edd.
446 2745 506 2787 M.
527 2744 785 2795 ‚,illu1ninat:
815 2746 889 2787 sed
912 2757 953 2787 et
970 2763 1064 2788 cum
1083 2747 1250 2800 fulgore
1267 2746 1547 2791 circumdat.“

242 2819 284 2875 ⁴)
313 2817 422 2859 Edd.
452 2816 512 2859 M.
543 2847 569 2866 „
583 2831 683 2858 vero
717 2832 887 2873 capaces
919 2816 1122 2861 fuerimus
1134 2823 1158 2843 “
1190 2828 1267 2859 etc.

245 2889 287 2945 ⁵)
316 2888 425 2930 Edd.
455 2887 516 2930 M.
547 2885 694 2939 „Hinc
724 2885 871 2930 enim“
902 2898 985 2931 etc.
