1759 3134
210 117 292 161 206
653 117 725 160 Ex
757 117 967 158 Onffissnt:
998 114 1200 157 Sx-:Lssc‘m

201 234 289 288 χῆς
317 229 446 278 ὅλους
477 230 902 287 ὃιαγεγραμμένους
933 228 1110 282 ἔχοντες
1146 224 1271 286 πάσῃ
1314 223 1529 282 ὁμοιώσει
1557 228 1635 287 ἑρ-

209 311 350 354 πετοῦ
381 309 459 350 καὶ
488 302 701 363 κτήνους,
733 309 811 349 καὶ
840 308 1050 361 ματαίοις
1080 300 1392 360 βδελύγμασι,
1425 306 1500 346 καὶ
1530 303 1638 348 τού-

209 403 302 434 τοις
331 381 622 432 δουλεύοντες
657 386 733 426 καὶ
770 383 830 433 ὠς
870 387 996 430 θεοῖς
1035 378 1224 430 θύοντες
1265 383 1341 424 καὶ
1372 384 1638 438 θυμιῶντες,

210 462 324 507 ὥστε
353 460 435 517 τὴν
474 460 645 517 ἀτμίδα
683 464 762 504 τοῦ
800 457 1091 519 θυμιάματος
1121 458 1409 514 ἀναβαίνειν,
1439 462 1639 503 τουτέστι

210 540 260 585 τὸ
308 541 412 597 περὶ
457 537 606 582 αὐτῶν
667 541 830 593 θαῦμα
880 534 1155 593 ὑψούμενον
1208 537 1283 578 καὶ
1332 534 1641 595 ἐπαιρόμενον

212 616 287 661 ὑπ’
308 617 473 661 αὐτῶν.
510 613 832 673 Ἐγγράᾳουσι
862 615 911 658 δὲ
943 617 1082 656 ταῦτα
1112 618 1209 662 ταῖς
1239 613 1461 662 διανοίαις
1492 613 1643 658 αὐτῶν

214 694 390 751 κύκλῳ,
437 694 614 750 μηδένα
663 691 797 738 κενόν
836 694 1183 740 καταλείποντες
1221 693 1373 733 κακῶν
1412 690 1462 732 ἓν
1492 690 1644 739 αὐτοῖς

210 771 370 827 τόπον,
404 769 462 820 ὠς
492 770 547 814 δι’
583 768 702 814 ὅλων
732 766 848 814 εἶναι
886 772 1216 827 γεγραμμένον
1244 773 1338 816 τοῖς
1365 773 1534 822 κακοῖς,
1567 770 1644 810 καὶ

211 850 292 894 τὸν
330 847 456 905 ἱερὸν
491 846 571 891 τὸν
615 845 874 903 ἑβδομάδος
921 845 1090 889 κύκλον
1139 850 1504 902 μετατεθεικέναι
1551 844 1642 888 ἀπὸ

213 931 304 972 τῶν
334 925 481 984 ἁγίων
511 926 587 968 ἐπὶ
617 926 669 969 τα
703 927 891 974 εἴδωλα,
924 922 1037 968 ὥστε
1067 926 1145 966 καὶ
1174 921 1256 978 τὴν
1287 925 1427 966 οἱονεὶ
1455 919 1643 977 βεβαιό-

211 1022 319 1060 τητα
351 1005 400 1048 ἐν
429 1008 521 1052 τοῖς
545 1008 753 1060 χείροσιν
783 1000 945 1050 αὐτοὺς
973 1001 1230 1056 ἀντιλαβεῖν.
1297 1003 1519 1043 Τοιοῦτον
1549 997 1644 1057 γάρ

214 1083 307 1126 ἔστι
338 1079 410 1125 τό·
445 1082 618 1136 „mezo
651 1077 967 1136 ἑβδομήκοντα
999 1074 1162 1135 ἄνδρες
1192 1079 1242 1121 ἐκ
1274 1081 1363 1120 τῶν
1393 1081 1643 1135 πρεσβυτέ-

213 1175 306 1218 ρων
339 1161 466 1201 οἴκου
492 1153 722 1213 Ἰσραήλ.“
771 1154 873 1199 εΌτε
915 1156 967 1199 δὲ
1004 1154 1030 1210 ἡ
1071 1153 1253 1198 διάνοια
1292 1157 1371 1197 τοῦ
1400 1153 1645 1212 προφήτου

215 1235 300 1295 ὁρᾷ
331 1236 385 1278 τὰ
417 1236 467 1278 ἒν
496 1237 558 1289 τῷ
593 1236 703 1288 οἴκῳ
734 1235 809 1286 τῆς
837 1229 1030 1276 ἑκάστου
1053 1235 1144 1275 τῶν
1166 1229 1528 1289 ἁμαρτανόντων
1551 1242 1646 1289 ψυ-

207 1317 315 1371 χῆς,
364 1315 640 1368 εἷσαγομένη
678 1307 770 1353 ύπὸ
808 1313 887 1353 τοῦ
919 1306 1200 1366 πνεύματος,
1242 1310 1319 1352 ἐπὶ
1352 1309 1403 1353 τὰ
1434 1309 1648 1368 πρόθυρα

215 1394 290 1445 τῆς
320 1390 458 1444 αὐλῆς
485 1390 661 1442 βλέπει·
700 1389 777 1429 καὶ
817 1387 909 1430 ἔστι.
940 1403 993 1443 γε
1025 1385 1113 1441 ὀπή
1145 1403 1208 1435 τις
1239 1390 1317 1429 καὶ
1349 1391 1475 1444 ἴχνος
1505 1388 1555 1432 ἐν
1585 1391 1648 1444 τῷ

217 1470 452 1525 λεγομένῳ
481 1469 633 1521 τοίχῳ,
668 1463 722 1507 δι’
757 1455 807 1518 ἧς
837 1465 914 1506 ἐπὶ
945 1467 1106 1508 πλεῖον
1134 1466 1448 1521 ἐξεταζομένης
1476 1469 1554 1509 καὶ
1583 1469 1649 1523 τῷ

217 1547 458 1602 ἒρευνῶντι
488 1540 612 1599 λόγῳ
643 1542 1014 1596 ἔξορυττομένης,
1059 1540 1141 1585 ὅλα
1182 1539 1370 1585 δύναται
1400 1546 1585 1598 βλέπειν
1621 1543 1643 1587 ὁ

214 1621 306 1666 ὑπὸ
342 1625 420 1665 τοῦ
453 1625 583 1664 θείου
614 1615 875 1675 πνεύματος
912 1622 1278 1676 πεφωτισμένος,
1319 1623 1501 1675 βλέπων
1529 1620 1645 1678 μετά

216 1697 298 1754 τὴν
329 1696 448 1753 ὀπὴν
476 1699 553 1740 καὶ
582 1694 758 1755 θύραν,
800 1694 854 1738 δι’
887 1686 937 1749 ἧς
969 1697 1062 1739 ἔστι.
1090 1696 1170 1739 τὸν
1200 1694 1338 1740 αὐτὸν
1367 1700 1444 1740 καὶ
1475 1698 1647 1747 διεξελ-

215 1782 319 1821 θεῖν
350 1774 398 1819 τὸ
431 1778 725 1830 νενοημένον.
799 1776 920 1827 Φησὶ
962 1774 1013 1817 δὲ
1053 1775 1159 1830 περὶ
1196 1770 1355 1828 ταύτης
1394 1777 1469 1829 τῆς
1505 1772 1650 1832 θύρας

219 1855 268 1897 ἒν
307 1856 359 1914 τῇ
395 1849 612 1895 Ἰωάννου
642 1849 937 1906 ἀποκαλύψει
969 1849 1027 1899 ὠς
1056 1851 1106 1894 ἓν
1135 1848 1310 1907 ἑκάστῳ
1340 1849 1653 1908 τυγχανούσης

218 1934 296 1974 καὶ
339 1929 362 1974 ὁ
410 1929 583 1984 σωτήρ·
633 1927 855 1984 ,‚?‹502)²),
914 1928 1077 1983 ἕστηκα
1122 1929 1199 1971 ἐπὶ
1242 1928 1324 1983 τὴν
1365 1926 1519 1986 θύραν
1573 1932 1650 1971 καὶ

217 2005 392 2066 κρούω·
435 2004 516 2050 {civ
554 2023 618 2055 τις
658 2005 820 2065 ἀνοίγῃ
849 2022 958 2062 μοι,
998 2002 1313 2062 εἰσελεύσομαι
1350 2004 1465 2063 πρὸς
1494 2004 1648 2061 αὐτὸν,

219 2088 297 2129 καὶ
326 2081 556 2137 δειπνήσει)
588 2082 681 2138 μετ’
716 2083 907 2126 αύτοῦ.“

336 2159 559 2220 ,,Διότι3)
600 2156 755 2204 εἷπον·
799 2161 1178 2216 ἔγκαταλέλοιπεν
1219 2156 1242 2202 ὁ
1280 2156 1484 2217 κύριος.“
1553 2159 1648 2203 Οὐκ

219 2235 275 2297 ἦν
306 2244 416 2297 περί
442 2254 541 2301 τινα
583 2237 663 2279 ἕνα
700 2237 811 2279 ποτὲ
853 2237 1279 2292 ἕναποτεταγμένον
1316 2232 1483 2290 τόπον,
1538 2235 1649 2280 ἀλλὰ

221 2321 330 2374 περὶ
367 2314 449 2359 τὸν
485 2311 681 2357 ἑκάστου
723 2315 918 2356 κοιτῶνα
955 2311 1009 2356 τὰ
1047 2313 1311 2369 ἑωραμένα·
1344 2316 1421 2356 καὶ
1451 2314 1647 2357 κοιτῶνα

221 2411 276 2452 γε
303 2392 384 2437 τὸν
414 2390 640 2448 κρυπτὸν,
693 2392 828 2440 ἔθους
875 2387 1003 2439 ὄντος
1041 2393 1089 2445 τῆ
1130 2393 1310 2450 γραφῇ,
1358 2390 1411 2433 τὰ
1455 2389 1649 2436 κατὰτὸ

221 2470 504 2528 ἡγεμονικὸν
533 2471 611 2511 καὶ
641 2466 912 2527 ,,κρυπτὸν“
942 2471 1111 2523 καλεῖν,
1144 2467 1237 2511 ἔσθ’
1274 2466 1347 2512 ὅτε
1378 2469 1428 2512 δὲ
1456 2472 1535 2511 καὶ
1566 2486 1649 2512 τα-

222 2554 386 2605 μιεῖον.
452 2549 675 2591 Τοιοῦτον
713 2544 804 2603 γάρ
845 2547 937 2589 ἐστι
973 2543 1051 2601 τό·
1089 2548 1297 2601 ,,εἴσελθε
1314 2545 1359 2600 4)
1397 2550 1458 2594 εἰς
1487 2545 1536 2589 τὸ
1566 2563 1646 2589 τα-

345 2778 385 2834 l)
414 2777 564 2817 Ezech.
597 2776 714 2825 VIII,
749 2777 812 2818 11.
936 2776 978 2831 2)
1011 2775 1097 2818 Cfr.
1128 2774 1307 2831 Apocal.
1339 2774 1417 2824 III,
1446 2773 1511 2817 20.

343 2855 389 2909 ὁ)
421 2854 506 2895 Cfr.
538 2853 689 2894 Ezech.
719 2853 837 2901 VIN,
870 2852 933 2896 12.
1056 2852 1103 2906 4)
1131 2851 1281 2892 ΝΙειῐώ.
1313 2851 1387 2900 VI,
1416 2848 1454 2892 6.
