1759 3134
643 158 842 199 HOMILIA
872 155 965 195 VII.
1464 160 1516 203 97

92 272 222 310 domo
262 285 334 309 sua
376 269 616 325 quempiam
656 270 708 310 de
754 267 913 308 familia
950 267 1161 309 Dominus
1208 269 1425 325 corripiat,
1472 283 1511 311 et

92 358 262 402 peccata
294 345 379 402 ejus
412 357 613 402 exponat,
651 345 776 394 alius,
816 343 886 399 qui
916 359 1052 399 nuper
1085 357 1218 386 emtus
1250 357 1330 396 est,
1368 363 1510 388 servus

90 424 234 464 videns
278 422 407 479 patris
446 422 627 462 familiae
668 421 957 476 disciplinam,
1003 437 1106 477 quae
1149 423 1309 478 culpet,
1353 441 1510 480 quaeve

91 501 326 551 collaudet,
369 500 586 540 instruitur
623 499 674 539 ad
710 514 794 538 non
832 497 1072 538 faciendum
1100 497 1160 552 ¹),
1205 515 1307 553 quae
1345 502 1509 556 priores

88 578 226 618 secere
269 577 479 627 conservi,
522 589 562 617 et
599 576 650 616 ad
689 575 769 614 hoc
811 574 926 614 omni
965 574 1109 614 labore
1149 576 1337 626 festinat,
1378 590 1422 618 ut
1462 596 1507 620 ea

88 655 235 704 saciat,
278 671 356 711 per
393 670 496 710 quae
536 652 607 693 alii
647 653 855 692 honorem
897 662 937 691 et
976 651 1215 692 libertatem
1255 669 1276 694 a
1315 653 1507 695 Domino

86 743 436 786 promeruerunt:
467 729 523 769 ita
555 741 595 769 et
624 745 701 769 nos
726 727 954 777 audientes,
986 727 1029 768 in
1053 728 1204 784 quibus
1231 731 1373 786 culpet
1390 728 1508 773 Deus

89 807 175 848 sive
204 808 451 856 Jerusalem,
482 806 568 847 sive
598 805 833 847 universam
849 805 1065 855 Judaeam,
1094 805 1180 846 sive
1210 824 1335 849 unam
1366 827 1510 866 quam-

88 884 191 925 libet
237 901 284 924 ex
327 884 518 924 tribubus
562 882 805 939 specialiter
848 882 1185 938 delinquentem,
1229 901 1315 926 non
1359 903 1509 942 parum

88 960 284 1001 utilitatis
314 960 555 1015 accipimus,
586 976 636 1000 ne
669 972 710 1000 et
741 960 782 1000 in
814 960 914 1000 haec
946 964 1202 1011 corruamus,
1234 961 1277 1002 in
1309 980 1413 1019 quae
1445 981 1512 1005 ce—

85 1037 164 1077 teri
196 1048 454 1077 corruerunt.
514 1036 590 1077 Est
629 1048 768 1077 autem
807 1037 1063 1093 principium
1101 1038 1330 1080 hodiernae
1361 1041 1509 1082 lectio—

84 1113 167 1164 nis,
198 1113 295 1170 quia
323 1125 457 1155 vestes
489 1131 511 1154 a
540 1115 636 1155 Deo
669 1113 878 1169 acceperit
907 1115 1165 1165 Jerusalem,
1209 1127 1249 1156 et
1279 1107 1429 1158 fecerit
1460 1135 1507 1159 ex

85 1191 147 1232 his
178 1191 256 1232 sibi
286 1191 425 1232 sutilia
445 1191 489 1246 ²)
522 1191 726 1246 quaedam
756 1190 997 1241 simulacra,
1040 1204 1078 1232 et
1116 1193 1322 1234 fornicata
1359 1195 1412 1235 sit
1441 1213 1511 1235 su-

84 1284 162 1323 per
191 1268 253 1308 iis.
313 1268 380 1308 De
422 1266 571 1322 quibus
608 1266 720 1324 juxta
759 1266 1084 1322 possibilitatem
1122 1286 1259 1310 meam
1301 1270 1342 1311 in
1372 1272 1508 1327 priori

84 1361 277 1385 sermone
310 1343 498 1392 disserui,
532 1344 686 1383 docens
717 1344 832 1393 istos,
865 1345 935 1399 qui
968 1345 1205 1401 Scripturas
1236 1347 1432 1398 lacerant,
1467 1362 1507 1390 et

85 1437 108 1461 a
137 1420 272 1461 verbis
303 1421 429 1460 verba
460 1419 729 1474 disrumpunt
762 1433 1009 1462 consuentes
1044 1438 1112 1471 ea,
1146 1434 1187 1462 et
1219 1425 1508 1466 commentitia

87 1498 283 1549 dogmata
315 1508 634 1552 componentes,
666 1496 821 1537 servire
853 1497 992 1547 idolis,
1024 1514 1128 1553 quae
1159 1515 1301 1541 earum
1322 1502 1506 1543 vestibus

84 1573 323 1614 induerunt.
378 1574 502 1623 „Non
521 1574 562 1629 3)
594 1573 637 1614 in
667 1574 986 1614 tabernaculum
1015 1591 1159 1615 meum
1186 1572 1372 1629 intrabis,
1402 1581 1508 1622 foris

86 1667 148 1700 es,
181 1662 221 1691 et
255 1650 359 1690 foris
388 1649 616 1690 manebis.“
676 1650 765 1691 Scit
796 1651 1013 1706 Scriptura
1042 1665 1205 1694 sanctos
1234 1655 1368 1706 intus,
1410 1674 1509 1712 pec—

85 1739 246 1768 catores
278 1727 382 1767 foris
434 1742 532 1766 esse.
593 1726 726 1779 Igitur
763 1727 1020 1778 Jerusalem,
1064 1729 1161 1785 quia
1200 1726 1299 1771 talia
1336 1745 1509 1787 peccata

87 1804 318 1854 commisit,
366 1815 412 1843 ut
450 1819 537 1843 non
580 1815 792 1844 mereatur
826 1804 980 1845 intrare
1020 1807 1369 1862 repromissiones
1406 1805 1506 1862 Dei,

87 1893 128 1922 et
158 1881 320 1921 dicatur
348 1881 400 1920 ad
442 1896 556 1921 eam:
598 1891 678 1929 „et
700 1878 743 1936 4ἰ)
785 1897 871 1921 non
909 1878 1136 1924 intrabis:“
1176 1901 1414 1937 caveamus,
1452 1904 1504 1927 ne

85 1958 196 1998 forte
229 1969 268 1997 et
297 1957 418 1997 nobis
450 1957 677 2012 aliquando
711 1957 892 1998 dicatur:
925 1971 1002 2009 „et
1026 1961 1068 2016 ⁵)
1096 1978 1183 2002 non
1214 1962 1409 2004 intrabis:
1437 1981 1509 2004 ne-

89 2051 168 2090 que
199 2034 313 2074 fiet.“
371 2035 467 2075 Non
509 2046 569 2075 est
608 2035 871 2090 completum
899 2036 1003 2087 hoc,
1042 2039 1158 2093 quod
1190 2038 1362 2080 dicitur:
1401 2057 1510 2090 „ne-

89 2128 168 2168 que
190 2112 232 2166 ⁶)
266 2112 397 2152 fiet:“
429 2123 469 2152 et
499 2111 597 2152 ideo
629 2112 965 2154 subaudiendum
997 2114 1261 2165 extrinsecus,
1291 2127 1339 2156 ut
1367 2133 1509 2158 sensus

86 2188 220 2244 possit
259 2188 429 2244 expleri.
488 2189 571 2239 Ea,
611 2206 716 2245 quae
756 2189 835 2230 tibi
874 2191 1127 2246 repromissa
1167 2204 1262 2233 sunt
1291 2194 1423 2244 bona,
1469 2206 1508 2235 et

87 2277 309 2321 acceptura
339 2282 447 2315 eras,
478 2283 564 2307 non
594 2266 710 2308 fient.

199 2340 249 2383 2.-
295 2342 496 2397 Sequitur
533 2343 647 2384 aliud
689 2345 904 2386 delictum.
978 2346 1070 2395 „Et
1096 2347 1136 2402 ⁷)
1177 2348 1374 2404 accepisti
1414 2366 1505 2389 vasa

211 2536 250 2591 ¹)
280 2535 389 2577 Edd.
421 2539 614 2580 Merlini:
645 2541 835 2582 facienda
866 2558 913 2582 ea
943 2558 1048 2598 quae
1077 2542 1240 2598 priores
1270 2555 1348 2585 etc.

208 2606 250 2659 ²)
281 2605 390 2647 Edd.
430 2608 491 2649 M.
531 2609 613 2649 hoc
650 2626 819 2666 quoque
854 2611 978 2663 loco,
1010 2614 1082 2654 cfr.
1122 2630 1214 2670 pag.
1233 2613 1300 2657 96.
1332 2626 1420 2656 not.
1441 2615 1477 2659 1.

94 2694 118 2712 „
129 2661 338 2704 subtilia.“

210 2732 252 2787 3)
286 2731 372 2773 Cfr.
405 2732 554 2772 Ezech.
585 2733 701 2784 XVI,
732 2734 797 2778 16.
916 2739 958 2795 ⁴)
987 2739 1138 2780 Ezech.
1169 2740 1285 2790 XVI,
1319 2741 1383 2784 16.

210 2802 252 2857 ⁵)
284 2802 433 2843 Ezeeh.
465 2802 581 2852 xvi,
614 2803 678 2847 16.
800 2806 843 2862 ⁶)
872 2807 1021 2851 Ezech.
1052 2810 1168 2862 XVI,
1200 2810 1266 2854 16.

207 2871 250 2928 ⁷)
281 2872 431 2913 Επεὶ).
463 2872 578 2923 xvi,
610 2873 675 2916 17.

95 2947 314 2990 Omemus
346 2949 515 2992 OPERA.
547 2949 666 2992 Tom.
690 2951 808 2993 XIV.
1237 2956 1262 2997 7
