<?xml version="1.0" encoding="UTF-8"?>
<!DOCTYPE html PUBLIC "-//W3C//DTD XHTML 1.0 Transitional//EN"
    "http://www.w3.org/TR/xhtml1/DTD/xhtml1-transitional.dtd">
<html xmlns="http://www.w3.org/1999/xhtml" xml:lang="en" lang="en">
 <head>
  <title>
</title>
<meta http-equiv="Content-Type" content="text/html;charset=utf-8" />
  <meta name='ocr-system' content='tesseract 3.04.00' />
  <meta name='ocr-capabilities' content='ocr_page ocr_carea ocr_par ocr_line ocrx_word'/>
</head>
<body>
  <div class='ocr_page' id='page_1' title='image "./operaomniaquaegr14orig/operaomniaquaegr14orig_0186.png"; bbox 0 0 1759 3134; ppageno 0'>
   <div class='ocr_carea' id='block_1_1' title="bbox 244 137 1253 181">
    <p class='ocr_par' dir='ltr' id='par_1_1' title="bbox 244 137 1253 181">
     <span class='ocr_line' id='line_1_1' title="bbox 244 137 1253 181; baseline 0 0"><span class='ocrx_word' id='word_1_1' title='bbox 244 137 324 181; x_wconf 89' lang='grc'>170</span> <span class='ocrx_word' id='word_1_2' title='bbox 634 138 854 181; x_wconf 75' lang='lat' dir='ltr'>OmGEms</span> <span class='ocrx_word' id='word_1_3' title='bbox 885 151 928 180; x_wconf 76' lang='lat' dir='ltr'>m</span> <span class='ocrx_word' id='word_1_4' title='bbox 960 138 1253 181; x_wconf 72' lang='lat' dir='ltr'>Ezsscnuzfflm</span> 
     </span>
    </p>
   </div>
   <div class='ocr_carea' id='block_1_2' title="bbox 234 249 1662 2467">
    <p class='ocr_par' dir='ltr' id='par_1_2' title="bbox 234 249 1662 2467">
     <span class='ocr_line' id='line_1_2' title="bbox 243 249 1658 307; baseline 0.002 -16"><span class='ocrx_word' id='word_1_5' title='bbox 243 250 397 299; x_wconf 80' lang='lat' dir='ltr'>rabilc,</span> <span class='ocrx_word' id='word_1_6' title='bbox 450 249 565 304; x_wconf 86' lang='lat' dir='ltr'>quod</span> <span class='ocrx_word' id='word_1_7' title='bbox 610 266 762 307; x_wconf 84' lang='lat' dir='ltr'>corpus</span> <span class='ocrx_word' id='word_1_8' title='bbox 806 253 857 292; x_wconf 89' lang='lat' dir='ltr'>ab</span> <span class='ocrx_word' id='word_1_9' title='bbox 896 251 1176 291; x_wconf 86' lang='lat' dir='ltr'>adolescentia</span> <span class='ocrx_word' id='word_1_10' title='bbox 1215 251 1351 306; x_wconf 86' lang='lat' dir='ltr'>pergit</span> <span class='ocrx_word' id='word_1_11' title='bbox 1389 253 1441 291; x_wconf 91' lang='lat' dir='ltr'>ad</span> <span class='ocrx_word' id='word_1_12' title='bbox 1478 253 1658 294; x_wconf 87' lang='lat' dir='ltr'>senium:</span> 
     </span>
     <span class='ocr_line' id='line_1_3' title="bbox 244 325 1660 383; baseline 0.001 -15"><span class='ocrx_word' id='word_1_13' title='bbox 244 328 381 368; x_wconf 86' lang='lat' dir='ltr'>anima</span> <span class='ocrx_word' id='word_1_14' title='bbox 419 342 518 365; x_wconf 89' lang='lat' dir='ltr'>vcro</span> <span class='ocrx_word' id='word_1_15' title='bbox 560 325 594 366; x_wconf 88' lang='lat' dir='ltr'>si</span> <span class='ocrx_word' id='word_1_16' title='bbox 633 327 792 368; x_wconf 89' lang='lat' dir='ltr'>venerit</span> <span class='ocrx_word' id='word_1_17' title='bbox 831 330 881 369; x_wconf 90' lang='lat' dir='ltr'>ad</span> <span class='ocrx_word' id='word_1_18' title='bbox 921 330 1178 383; x_wconf 84' lang='lat' dir='ltr'>perfectum,</span> <span class='ocrx_word' id='word_1_19' title='bbox 1217 344 1238 368; x_wconf 89' lang='lat' dir='ltr'>a</span> <span class='ocrx_word' id='word_1_20' title='bbox 1276 340 1441 368; x_wconf 77' lang='lat' dir='ltr'><strong>senecta</strong></span> <span class='ocrx_word' id='word_1_21' title='bbox 1480 329 1522 369; x_wconf 88' lang='lat' dir='ltr'>in</span> <span class='ocrx_word' id='word_1_22' title='bbox 1560 331 1660 370; x_wconf 89' lang='lat' dir='ltr'>ado-</span> 
     </span>
     <span class='ocr_line' id='line_1_4' title="bbox 245 404 1660 462; baseline 0.001 -17"><span class='ocrx_word' id='word_1_23' title='bbox 245 404 485 445; x_wconf 86' lang='lat' dir='ltr'>lescentiam</span> <span class='ocrx_word' id='word_1_24' title='bbox 514 404 817 446; x_wconf 75' lang='lat' dir='ltr'>transmittitur.</span> <span class='ocrx_word' id='word_1_25' title='bbox 864 406 1026 446; x_wconf 77' lang='lat' dir='ltr'>Idcirco</span> <span class='ocrx_word' id='word_1_26' title='bbox 1059 405 1248 455; x_wconf 88' lang='lat' dir='ltr'>„etiamsi</span> <span class='ocrx_word' id='word_1_27' title='bbox 1267 407 1304 462; x_wconf 90' lang='lat'>¹)</span> <span class='ocrx_word' id='word_1_28' title='bbox 1327 405 1506 446; x_wconf 80' lang='lat' dir='ltr'>exterior</span> <span class='ocrx_word' id='word_1_29' title='bbox 1532 406 1660 446; x_wconf 83' lang='lat' dir='ltr'>homo</span> 
     </span>
     <span class='ocr_line' id='line_1_5' title="bbox 243 482 1660 537; baseline 0.001 -15"><span class='ocrx_word' id='word_1_30' title='bbox 243 493 387 522; x_wconf 87' lang='lat' dir='ltr'>noster</span> <span class='ocrx_word' id='word_1_31' title='bbox 413 482 711 537; x_wconf 78' lang='lat' dir='ltr'>corrumpitur,</span> <span class='ocrx_word' id='word_1_32' title='bbox 741 484 814 523; x_wconf 82' lang='lat' dir='ltr'>sed</span> <span class='ocrx_word' id='word_1_33' title='bbox 842 483 1016 523; x_wconf 83' lang='lat' dir='ltr'>interior</span> <span class='ocrx_word' id='word_1_34' title='bbox 1041 495 1266 523; x_wconf 87' lang='lat' dir='ltr'>renovatur</span> <span class='ocrx_word' id='word_1_35' title='bbox 1281 483 1334 523; x_wconf 84' lang='lat' dir='ltr'>de</span> <span class='ocrx_word' id='word_1_36' title='bbox 1352 483 1419 523; x_wconf 87' lang='lat' dir='ltr'>die</span> <span class='ocrx_word' id='word_1_37' title='bbox 1444 482 1484 523; x_wconf 87' lang='lat' dir='ltr'>in</span> <span class='ocrx_word' id='word_1_38' title='bbox 1508 483 1660 523; x_wconf 82' lang='lat' dir='ltr'>dicm.‘⁸</span> 
     </span>
     <span class='ocr_line' id='line_1_6' title="bbox 242 559 1662 616; baseline -0.001 -15"><span class='ocrx_word' id='word_1_39' title='bbox 242 559 448 615; x_wconf 88' lang='lat' dir='ltr'>Oportuit</span> <span class='ocrx_word' id='word_1_40' title='bbox 477 571 517 600; x_wconf 87' lang='lat' dir='ltr'>te</span> <span class='ocrx_word' id='word_1_41' title='bbox 547 576 668 600; x_wconf 87' lang='lat' dir='ltr'>nosse</span> <span class='ocrx_word' id='word_1_42' title='bbox 702 560 924 609; x_wconf 78' lang='lat' dir='ltr'>decorem,</span> <span class='ocrx_word' id='word_1_43' title='bbox 964 578 1086 616; x_wconf 84' lang='lat' dir='ltr'>quem</span> <span class='ocrx_word' id='word_1_44' title='bbox 1119 578 1189 600; x_wconf 87' lang='lat' dir='ltr'>rex</span> <span class='ocrx_word' id='word_1_45' title='bbox 1221 559 1502 615; x_wconf 85' lang='lat' dir='ltr'>concupiscit,</span> <span class='ocrx_word' id='word_1_46' title='bbox 1534 576 1662 615; x_wconf 87' lang='lat' dir='ltr'>opor-</span> 
     </span>
     <span class='ocr_line' id='line_1_7' title="bbox 241 636 1658 693; baseline 0 -15"><span class='ocrx_word' id='word_1_47' title='bbox 241 636 322 678; x_wconf 84' lang='lat' dir='ltr'>tuit</span> <span class='ocrx_word' id='word_1_48' title='bbox 350 647 391 677; x_wconf 85' lang='lat' dir='ltr'>te</span> <span class='ocrx_word' id='word_1_49' title='bbox 422 636 527 677; x_wconf 88' lang='lat' dir='ltr'>scire</span> <span class='ocrx_word' id='word_1_50' title='bbox 560 653 678 686; x_wconf 88' lang='lat' dir='ltr'>eum,</span> <span class='ocrx_word' id='word_1_51' title='bbox 719 637 790 692; x_wconf 88' lang='lat' dir='ltr'>qui</span> <span class='ocrx_word' id='word_1_52' title='bbox 828 638 1053 693; x_wconf 87' lang='lat' dir='ltr'>aliquando</span> <span class='ocrx_word' id='word_1_53' title='bbox 1086 637 1166 677; x_wconf 89' lang='lat' dir='ltr'>suit</span> <span class='ocrx_word' id='word_1_54' title='bbox 1197 637 1361 678; x_wconf 84' lang='lat' dir='ltr'>decoris</span> <span class='ocrx_word' id='word_1_55' title='bbox 1403 653 1578 677; x_wconf 85' lang='lat' dir='ltr'>corona:</span> <span class='ocrx_word' id='word_1_56' title='bbox 1619 649 1658 678; x_wconf 85' lang='lat' dir='ltr'>et</span> 
     </span>
     <span class='ocr_line' id='line_1_8' title="bbox 242 714 1658 767; baseline 0 -12"><span class='ocrx_word' id='word_1_57' title='bbox 242 725 309 764; x_wconf 88' lang='lat' dir='ltr'>tu,</span> <span class='ocrx_word' id='word_1_58' title='bbox 342 731 437 754; x_wconf 89' lang='lat' dir='ltr'>cum</span> <span class='ocrx_word' id='word_1_59' title='bbox 467 714 596 754; x_wconf 87' lang='lat' dir='ltr'>fucris</span> <span class='ocrx_word' id='word_1_60' title='bbox 628 726 874 755; x_wconf 87' lang='lat' dir='ltr'>consecutus</span> <span class='ocrx_word' id='word_1_61' title='bbox 905 715 1008 755; x_wconf 86' lang='lat' dir='ltr'>hanc</span> <span class='ocrx_word' id='word_1_62' title='bbox 1041 715 1231 767; x_wconf 80' lang='lat' dir='ltr'>gloriam,</span> <span class='ocrx_word' id='word_1_63' title='bbox 1266 731 1363 755; x_wconf 85' lang='lat' dir='ltr'>cave</span> <span class='ocrx_word' id='word_1_64' title='bbox 1393 731 1444 754; x_wconf 89' lang='lat' dir='ltr'>ne</span> <span class='ocrx_word' id='word_1_65' title='bbox 1478 731 1658 765; x_wconf 76' lang='lat' dir='ltr'>corruas,</span> 
     </span>
     <span class='ocr_line' id='line_1_9' title="bbox 240 790 1656 847; baseline -0.001 -15"><span class='ocrx_word' id='word_1_66' title='bbox 240 791 273 832; x_wconf 90' lang='lat' dir='ltr'>si</span> <span class='ocrx_word' id='word_1_67' title='bbox 305 790 476 846; x_wconf 81' lang='lat' dir='ltr'>quidem</span> <span class='ocrx_word' id='word_1_68' title='bbox 508 802 548 831; x_wconf 91' lang='lat' dir='ltr'>et</span> <span class='ocrx_word' id='word_1_69' title='bbox 579 791 667 841; x_wconf 90' lang='lat' dir='ltr'>iste,</span> <span class='ocrx_word' id='word_1_70' title='bbox 700 791 770 847; x_wconf 87' lang='lat' dir='ltr'>qui</span> <span class='ocrx_word' id='word_1_71' title='bbox 805 792 984 840; x_wconf 85' lang='lat' dir='ltr'>corruit,</span> <span class='ocrx_word' id='word_1_72' title='bbox 1014 791 1272 843; x_wconf 78' lang='lat' dir='ltr'>signaculum</span> <span class='ocrx_word' id='word_1_73' title='bbox 1303 803 1389 831; x_wconf 86' lang='lat' dir='ltr'>erat</span> <span class='ocrx_word' id='word_1_74' title='bbox 1419 791 1656 831; x_wconf 87' lang='lat' dir='ltr'>similitudi·</span> 
     </span>
     <span class='ocr_line' id='line_1_10' title="bbox 240 867 1661 924; baseline -0.001 -15"><span class='ocrx_word' id='word_1_75' title='bbox 240 868 326 918; x_wconf 88' lang='lat' dir='ltr'>nis,</span> <span class='ocrx_word' id='word_1_76' title='bbox 365 868 514 923; x_wconf 89' lang='lat' dir='ltr'>plenus</span> <span class='ocrx_word' id='word_1_77' title='bbox 544 868 766 924; x_wconf 73' lang='lat' dir='ltr'>sapientia,</span> <span class='ocrx_word' id='word_1_78' title='bbox 812 881 853 909; x_wconf 89' lang='lat' dir='ltr'>et</span> <span class='ocrx_word' id='word_1_79' title='bbox 893 868 1055 909; x_wconf 83' lang='lat' dir='ltr'>decoris</span> <span class='ocrx_word' id='word_1_80' title='bbox 1089 884 1256 909; x_wconf 86' lang='lat' dir='ltr'>corona.</span> <span class='ocrx_word' id='word_1_81' title='bbox 1317 870 1401 918; x_wconf 82' lang='lat' dir='ltr'>„In</span> <span class='ocrx_word' id='word_1_82' title='bbox 1426 870 1468 924; x_wconf 83' lang='lat'>²)</span> <span class='ocrx_word' id='word_1_83' title='bbox 1500 867 1661 909; x_wconf 85' lang='lat' dir='ltr'>deliciis</span> 
     </span>
     <span class='ocr_line' id='line_1_11' title="bbox 239 945 1660 1002; baseline 0 -17"><span class='ocrx_word' id='word_1_84' title='bbox 239 945 419 1001; x_wconf 86' lang='lat' dir='ltr'>paradisi</span> <span class='ocrx_word' id='word_1_85' title='bbox 449 945 533 985; x_wconf 83' lang='lat' dir='ltr'>Dei</span> <span class='ocrx_word' id='word_1_86' title='bbox 562 945 623 985; x_wconf 86' lang='lat' dir='ltr'>tui</span> <span class='ocrx_word' id='word_1_87' title='bbox 653 946 905 1001; x_wconf 82' lang='lat' dir='ltr'>iniquinatus</span> <span class='ocrx_word' id='word_1_88' title='bbox 936 952 1021 986; x_wconf 87' lang='lat' dir='ltr'>es.“</span> <span class='ocrx_word' id='word_1_89' title='bbox 1068 947 1165 985; x_wconf 62' lang='lat' dir='ltr'>7Non</span> <span class='ocrx_word' id='word_1_90' title='bbox 1193 946 1249 986; x_wconf 87' lang='lat' dir='ltr'>ait</span> <span class='ocrx_word' id='word_1_91' title='bbox 1279 946 1529 1002; x_wconf 85' lang='lat' dir='ltr'>simpliciter</span> <span class='ocrx_word' id='word_1_92' title='bbox 1559 945 1660 1000; x_wconf 77' lang='lat' dir='ltr'>in3)</span> 
     </span>
     <span class='ocr_line' id='line_1_12' title="bbox 238 1022 1659 1078; baseline 0 -16"><span class='ocrx_word' id='word_1_93' title='bbox 238 1022 447 1078; x_wconf 81' lang='lat' dir='ltr'>paradiso,</span> <span class='ocrx_word' id='word_1_94' title='bbox 476 1023 549 1062; x_wconf 84' lang='lat' dir='ltr'>sed</span> <span class='ocrx_word' id='word_1_95' title='bbox 577 1022 617 1062; x_wconf 92' lang='lat' dir='ltr'>in</span> <span class='ocrx_word' id='word_1_96' title='bbox 649 1022 841 1077; x_wconf 80' lang='lat' dir='ltr'>paradiso</span> <span class='ocrx_word' id='word_1_97' title='bbox 874 1022 1132 1064; x_wconf 83' lang='lat' dir='ltr'>deliciarum.</span> <span class='ocrx_word' id='word_1_98' title='bbox 1191 1022 1377 1076; x_wconf 80' lang='lat' dir='ltr'>Quaero,</span> <span class='ocrx_word' id='word_1_99' title='bbox 1407 1035 1548 1063; x_wconf 84' lang='lat' dir='ltr'>utrum</span> <span class='ocrx_word' id='word_1_100' title='bbox 1579 1022 1659 1063; x_wconf 90' lang='lat' dir='ltr'>sint</span> 
     </span>
     <span class='ocr_line' id='line_1_13' title="bbox 238 1099 1657 1155; baseline -0.001 -15"><span class='ocrx_word' id='word_1_101' title='bbox 238 1100 444 1155; x_wconf 84' lang='lat' dir='ltr'>quaedam</span> <span class='ocrx_word' id='word_1_102' title='bbox 482 1099 663 1154; x_wconf 84' lang='lat' dir='ltr'>paradisi</span> <span class='ocrx_word' id='word_1_103' title='bbox 702 1099 986 1148; x_wconf 82' lang='lat' dir='ltr'>differentiae,</span> <span class='ocrx_word' id='word_1_104' title='bbox 1036 1110 1078 1139; x_wconf 86' lang='lat' dir='ltr'>et</span> <span class='ocrx_word' id='word_1_105' title='bbox 1119 1116 1214 1139; x_wconf 87' lang='lat' dir='ltr'>cum</span> <span class='ocrx_word' id='word_1_106' title='bbox 1253 1099 1343 1154; x_wconf 89' lang='lat' dir='ltr'>quis</span> <span class='ocrx_word' id='word_1_107' title='bbox 1383 1099 1424 1140; x_wconf 88' lang='lat' dir='ltr'>in</span> <span class='ocrx_word' id='word_1_108' title='bbox 1463 1100 1657 1155; x_wconf 88' lang='lat' dir='ltr'>paradiso</span> 
     </span>
     <span class='ocr_line' id='line_1_14' title="bbox 238 1175 1659 1230; baseline 0 -13"><span class='ocrx_word' id='word_1_109' title='bbox 238 1177 322 1217; x_wconf 87' lang='lat' dir='ltr'>Dei</span> <span class='ocrx_word' id='word_1_110' title='bbox 352 1175 500 1225; x_wconf 85' lang='lat' dir='ltr'>fucrit,</span> <span class='ocrx_word' id='word_1_111' title='bbox 539 1186 678 1214; x_wconf 88' lang='lat' dir='ltr'>tamen</span> <span class='ocrx_word' id='word_1_112' title='bbox 716 1191 800 1214; x_wconf 85' lang='lat' dir='ltr'>non</span> <span class='ocrx_word' id='word_1_113' title='bbox 838 1175 891 1215; x_wconf 88' lang='lat' dir='ltr'>sit</span> <span class='ocrx_word' id='word_1_114' title='bbox 929 1175 969 1214; x_wconf 90' lang='lat' dir='ltr'>in</span> <span class='ocrx_word' id='word_1_115' title='bbox 1008 1175 1200 1230; x_wconf 85' lang='lat' dir='ltr'>paradiso</span> <span class='ocrx_word' id='word_1_116' title='bbox 1244 1176 1512 1225; x_wconf 87' lang='lat' dir='ltr'>deliciarum,</span> <span class='ocrx_word' id='word_1_117' title='bbox 1553 1177 1659 1217; x_wconf 89' lang='lat' dir='ltr'>sicut</span> 
     </span>
     <span class='ocr_line' id='line_1_15' title="bbox 238 1251 1659 1308; baseline -0.001 -14"><span class='ocrx_word' id='word_1_118' title='bbox 238 1255 346 1294; x_wconf 89' lang='lat' dir='ltr'>latro</span> <span class='ocrx_word' id='word_1_119' title='bbox 390 1252 462 1292; x_wconf 82' lang='lat' dir='ltr'>ille</span> <span class='ocrx_word' id='word_1_120' title='bbox 499 1251 634 1306; x_wconf 87' lang='lat' dir='ltr'>prima</span> <span class='ocrx_word' id='word_1_121' title='bbox 673 1251 776 1291; x_wconf 89' lang='lat' dir='ltr'>hora</span> <span class='ocrx_word' id='word_1_122' title='bbox 816 1267 910 1291; x_wconf 77' lang='lat' dir='ltr'>cuni</span> <span class='ocrx_word' id='word_1_123' title='bbox 939 1251 1040 1291; x_wconf 83' lang='lat' dir='ltr'>Jesu</span> <span class='ocrx_word' id='word_1_124' title='bbox 1077 1252 1281 1304; x_wconf 82' lang='lat' dir='ltr'>ingressus</span> <span class='ocrx_word' id='word_1_125' title='bbox 1312 1264 1373 1293; x_wconf 88' lang='lat' dir='ltr'>cst</span> <span class='ocrx_word' id='word_1_126' title='bbox 1404 1252 1659 1308; x_wconf 84' lang='lat' dir='ltr'>paradisum.</span> 
     </span>
     <span class='ocr_line' id='line_1_16' title="bbox 238 1327 1659 1383; baseline -0.002 -10"><span class='ocrx_word' id='word_1_127' title='bbox 238 1331 285 1373; x_wconf 88' lang='lat' dir='ltr'>Si</span> <span class='ocrx_word' id='word_1_128' title='bbox 316 1348 339 1371; x_wconf 88' lang='lat' dir='ltr'>a</span> <span class='ocrx_word' id='word_1_129' title='bbox 368 1342 408 1371; x_wconf 89' lang='lat' dir='ltr'>te</span> <span class='ocrx_word' id='word_1_130' title='bbox 438 1345 605 1381; x_wconf 84' lang='lat' dir='ltr'>rogem:</span> <span class='ocrx_word' id='word_1_131' title='bbox 637 1340 812 1383; x_wconf 88' lang='lat' dir='ltr'>putasne</span> <span class='ocrx_word' id='word_1_132' title='bbox 843 1327 886 1367; x_wconf 89' lang='lat' dir='ltr'>in</span> <span class='ocrx_word' id='word_1_133' title='bbox 915 1328 1154 1382; x_wconf 85' lang='lat' dir='ltr'>paradisum</span> <span class='ocrx_word' id='word_1_134' title='bbox 1185 1330 1460 1382; x_wconf 85' lang='lat' dir='ltr'>introgressus</span> <span class='ocrx_word' id='word_1_135' title='bbox 1493 1341 1577 1380; x_wconf 90' lang='lat' dir='ltr'>est,</span> <span class='ocrx_word' id='word_1_136' title='bbox 1608 1347 1659 1371; x_wconf 86' lang='lat' dir='ltr'>an</span> 
     </span>
     <span class='ocr_line' id='line_1_17' title="bbox 235 1405 1655 1462; baseline -0.001 -12"><span class='ocrx_word' id='word_1_137' title='bbox 235 1408 353 1450; x_wconf 85' lang='lat' dir='ltr'>non?</span> <span class='ocrx_word' id='word_1_138' title='bbox 392 1423 477 1447; x_wconf 91' lang='lat' dir='ltr'>non</span> <span class='ocrx_word' id='word_1_139' title='bbox 519 1405 718 1454; x_wconf 88' lang='lat' dir='ltr'>dubium,</span> <span class='ocrx_word' id='word_1_140' title='bbox 765 1405 863 1460; x_wconf 90' lang='lat' dir='ltr'>quin</span> <span class='ocrx_word' id='word_1_141' title='bbox 910 1421 1005 1445; x_wconf 89' lang='lat' dir='ltr'>eum</span> <span class='ocrx_word' id='word_1_142' title='bbox 1048 1407 1302 1462; x_wconf 84' lang='lat' dir='ltr'>respondeas</span> <span class='ocrx_word' id='word_1_143' title='bbox 1344 1406 1655 1459; x_wconf 85' lang='lat' dir='ltr'>introgressum.</span> 
     </span>
     <span class='ocr_line' id='line_1_18' title="bbox 236 1483 1659 1538; baseline 0 -12"><span class='ocrx_word' id='word_1_144' title='bbox 236 1486 402 1527; x_wconf 84' lang='lat' dir='ltr'>Deinde</span> <span class='ocrx_word' id='word_1_145' title='bbox 434 1484 467 1524; x_wconf 92' lang='lat' dir='ltr'>si</span> <span class='ocrx_word' id='word_1_146' title='bbox 499 1500 664 1524; x_wconf 88' lang='lat' dir='ltr'>rursum</span> <span class='ocrx_word' id='word_1_147' title='bbox 703 1499 725 1523; x_wconf 87' lang='lat' dir='ltr'>a</span> <span class='ocrx_word' id='word_1_148' title='bbox 764 1494 805 1522; x_wconf 86' lang='lat' dir='ltr'>te</span> <span class='ocrx_word' id='word_1_149' title='bbox 845 1498 1063 1537; x_wconf 82' lang='lat' dir='ltr'>quaeram:</span> <span class='ocrx_word' id='word_1_150' title='bbox 1105 1483 1207 1538; x_wconf 89' lang='lat' dir='ltr'>quid</span> <span class='ocrx_word' id='word_1_151' title='bbox 1247 1499 1344 1536; x_wconf 84' lang='lat' dir='ltr'>ergo</span> <span class='ocrx_word' id='word_1_152' title='bbox 1387 1483 1659 1537; x_wconf 86' lang='lat' dir='ltr'>introgressus</span> 
     </span>
     <span class='ocr_line' id='line_1_19' title="bbox 235 1558 1658 1620; baseline 0 -17"><span class='ocrx_word' id='word_1_153' title='bbox 235 1562 496 1620; x_wconf 87' lang='lat' dir='ltr'>paradisum,</span> <span class='ocrx_word' id='word_1_154' title='bbox 537 1560 730 1601; x_wconf 88' lang='lat' dir='ltr'>statimne</span> <span class='ocrx_word' id='word_1_155' title='bbox 771 1558 1018 1600; x_wconf 83' lang='lat' dir='ltr'>deliciarum</span> <span class='ocrx_word' id='word_1_156' title='bbox 1054 1560 1151 1601; x_wconf 92' lang='lat' dir='ltr'>loco</span> <span class='ocrx_word' id='word_1_157' title='bbox 1184 1572 1381 1616; x_wconf 82' lang='lat' dir='ltr'>exceptus</span> <span class='ocrx_word' id='word_1_158' title='bbox 1413 1562 1506 1603; x_wconf 80' lang='lat' dir='ltr'>est?</span> <span class='ocrx_word' id='word_1_159' title='bbox 1547 1563 1658 1604; x_wconf 86' lang='lat' dir='ltr'>dicas</span> 
     </span>
     <span class='ocr_line' id='line_1_20' title="bbox 237 1635 1659 1695; baseline 0 -15"><span class='ocrx_word' id='word_1_160' title='bbox 237 1639 432 1687; x_wconf 83' lang='lat' dir='ltr'>forsitan,</span> <span class='ocrx_word' id='word_1_161' title='bbox 472 1637 568 1692; x_wconf 88' lang='lat' dir='ltr'>quia</span> <span class='ocrx_word' id='word_1_162' title='bbox 597 1636 733 1691; x_wconf 88' lang='lat' dir='ltr'>prima</span> <span class='ocrx_word' id='word_1_163' title='bbox 764 1636 864 1676; x_wconf 86' lang='lat' dir='ltr'>hora</span> <span class='ocrx_word' id='word_1_164' title='bbox 896 1635 1099 1688; x_wconf 84' lang='lat' dir='ltr'>ingressus</span> <span class='ocrx_word' id='word_1_165' title='bbox 1129 1636 1182 1676; x_wconf 88' lang='lat' dir='ltr'>sit</span> <span class='ocrx_word' id='word_1_166' title='bbox 1206 1635 1474 1692; x_wconf 69' lang='lat' dir='ltr'>paradisum,</span> <span class='ocrx_word' id='word_1_167' title='bbox 1513 1639 1555 1679; x_wconf 92' lang='lat' dir='ltr'>in</span> <span class='ocrx_word' id='word_1_168' title='bbox 1586 1657 1659 1695; x_wconf 88' lang='lat' dir='ltr'>pa-</span> 
     </span>
     <span class='ocr_line' id='line_1_21' title="bbox 235 1712 1654 1772; baseline -0.001 -15"><span class='ocrx_word' id='word_1_169' title='bbox 235 1716 372 1757; x_wconf 89' lang='lat' dir='ltr'>radiso</span> <span class='ocrx_word' id='word_1_170' title='bbox 405 1713 653 1755; x_wconf 84' lang='lat' dir='ltr'>deliciarum</span> <span class='ocrx_word' id='word_1_171' title='bbox 682 1712 765 1753; x_wconf 85' lang='lat' dir='ltr'>Dei</span> <span class='ocrx_word' id='word_1_172' title='bbox 798 1713 930 1753; x_wconf 86' lang='lat' dir='ltr'>factus</span> <span class='ocrx_word' id='word_1_173' title='bbox 960 1729 1047 1752; x_wconf 87' lang='lat' dir='ltr'>non</span> <span class='ocrx_word' id='word_1_174' title='bbox 1078 1725 1150 1753; x_wconf 92' lang='lat' dir='ltr'>est.</span> <span class='ocrx_word' id='word_1_175' title='bbox 1210 1713 1285 1755; x_wconf 88' lang='lat' dir='ltr'>Sin</span> <span class='ocrx_word' id='word_1_176' title='bbox 1316 1727 1456 1755; x_wconf 84' lang='lat' dir='ltr'>autem</span> <span class='ocrx_word' id='word_1_177' title='bbox 1486 1714 1568 1772; x_wconf 88' lang='lat' dir='ltr'>jam</span> <span class='ocrx_word' id='word_1_178' title='bbox 1599 1716 1654 1756; x_wconf 86' lang='lat' dir='ltr'>vi-</span> 
     </span>
     <span class='ocr_line' id='line_1_22' title="bbox 236 1789 1659 1846; baseline -0.001 -11"><span class='ocrx_word' id='word_1_179' title='bbox 236 1793 346 1835; x_wconf 85' lang='lat' dir='ltr'>deris</span> <span class='ocrx_word' id='word_1_180' title='bbox 377 1809 473 1833; x_wconf 86' lang='lat' dir='ltr'>eum</span> <span class='ocrx_word' id='word_1_181' title='bbox 503 1790 781 1846; x_wconf 85' lang='lat' dir='ltr'>accipientem</span> <span class='ocrx_word' id='word_1_182' title='bbox 813 1791 864 1830; x_wconf 89' lang='lat' dir='ltr'>de</span> <span class='ocrx_word' id='word_1_183' title='bbox 895 1789 1008 1842; x_wconf 82' lang='lat' dir='ltr'>ligno</span> <span class='ocrx_word' id='word_1_184' title='bbox 1038 1789 1159 1840; x_wconf 83' lang='lat' dir='ltr'>vitae,</span> <span class='ocrx_word' id='word_1_185' title='bbox 1192 1802 1232 1831; x_wconf 90' lang='lat' dir='ltr'>et</span> <span class='ocrx_word' id='word_1_186' title='bbox 1263 1792 1315 1832; x_wconf 86' lang='lat' dir='ltr'>de</span> <span class='ocrx_word' id='word_1_187' title='bbox 1346 1792 1505 1834; x_wconf 86' lang='lat' dir='ltr'>cunctis</span> <span class='ocrx_word' id='word_1_188' title='bbox 1536 1794 1659 1834; x_wconf 88' lang='lat' dir='ltr'>arbo—</span> 
     </span>
     <span class='ocr_line' id='line_1_23' title="bbox 236 1867 1659 1926; baseline 0 -14"><span class='ocrx_word' id='word_1_189' title='bbox 236 1871 363 1920; x_wconf 85' lang='lat' dir='ltr'>ribus,</span> <span class='ocrx_word' id='word_1_190' title='bbox 396 1886 495 1926; x_wconf 88' lang='lat' dir='ltr'>quas</span> <span class='ocrx_word' id='word_1_191' title='bbox 523 1885 609 1908; x_wconf 90' lang='lat' dir='ltr'>non</span> <span class='ocrx_word' id='word_1_192' title='bbox 641 1867 856 1908; x_wconf 75' lang='lat' dir='ltr'>interdixit</span> <span class='ocrx_word' id='word_1_193' title='bbox 884 1867 1016 1917; x_wconf 88' lang='lat' dir='ltr'>Deus,</span> <span class='ocrx_word' id='word_1_194' title='bbox 1050 1867 1106 1908; x_wconf 87' lang='lat' dir='ltr'>ita</span> <span class='ocrx_word' id='word_1_195' title='bbox 1135 1879 1182 1908; x_wconf 91' lang='lat' dir='ltr'>ut</span> <span class='ocrx_word' id='word_1_196' title='bbox 1213 1869 1264 1909; x_wconf 87' lang='lat' dir='ltr'>de</span> <span class='ocrx_word' id='word_1_197' title='bbox 1294 1870 1410 1910; x_wconf 90' lang='lat' dir='ltr'>omni</span> <span class='ocrx_word' id='word_1_198' title='bbox 1442 1870 1555 1923; x_wconf 85' lang='lat' dir='ltr'>ligno</span> <span class='ocrx_word' id='word_1_199' title='bbox 1587 1888 1659 1926; x_wconf 86' lang='lat' dir='ltr'>pa-</span> 
     </span>
     <span class='ocr_line' id='line_1_24' title="bbox 234 1944 1656 2000; baseline -0.002 -11"><span class='ocrx_word' id='word_1_200' title='bbox 234 1947 361 1989; x_wconf 81' lang='lat' dir='ltr'>radisi</span> <span class='ocrx_word' id='word_1_201' title='bbox 398 1957 660 1987; x_wconf 86' lang='lat' dir='ltr'>vescentem:</span> <span class='ocrx_word' id='word_1_202' title='bbox 707 1945 741 1986; x_wconf 91' lang='lat' dir='ltr'>si</span> <span class='ocrx_word' id='word_1_203' title='bbox 780 1944 1017 2000; x_wconf 80' lang='lat' dir='ltr'>adspexeris</span> <span class='ocrx_word' id='word_1_204' title='bbox 1056 1960 1174 1994; x_wconf 89' lang='lat' dir='ltr'>eum,</span> <span class='ocrx_word' id='word_1_205' title='bbox 1221 1957 1261 1986; x_wconf 87' lang='lat' dir='ltr'>et</span> <span class='ocrx_word' id='word_1_206' title='bbox 1299 1945 1413 1986; x_wconf 87' lang='lat' dir='ltr'>illius</span> <span class='ocrx_word' id='word_1_207' title='bbox 1454 1945 1575 1998; x_wconf 85' lang='lat' dir='ltr'>ligni,</span> <span class='ocrx_word' id='word_1_208' title='bbox 1617 1958 1656 1986; x_wconf 88' lang='lat' dir='ltr'>et</span> 
     </span>
     <span class='ocr_line' id='line_1_25' title="bbox 236 2021 1657 2078; baseline -0.002 -12"><span class='ocrx_word' id='word_1_209' title='bbox 236 2025 448 2074; x_wconf 88' lang='lat' dir='ltr'>omnium,</span> <span class='ocrx_word' id='word_1_210' title='bbox 487 2039 592 2078; x_wconf 86' lang='lat' dir='ltr'>quae</span> <span class='ocrx_word' id='word_1_211' title='bbox 628 2039 740 2063; x_wconf 88' lang='lat' dir='ltr'>nunc</span> <span class='ocrx_word' id='word_1_212' title='bbox 764 2022 804 2075; x_wconf 73' lang='lat'>⁴)</span> <span class='ocrx_word' id='word_1_213' title='bbox 846 2021 1061 2077; x_wconf 83' lang='lat' dir='ltr'>prohibita</span> <span class='ocrx_word' id='word_1_214' title='bbox 1088 2038 1174 2061; x_wconf 91' lang='lat' dir='ltr'>non</span> <span class='ocrx_word' id='word_1_215' title='bbox 1204 2021 1306 2071; x_wconf 87' lang='lat' dir='ltr'>sint,</span> <span class='ocrx_word' id='word_1_216' title='bbox 1346 2022 1487 2062; x_wconf 90' lang='lat' dir='ltr'>cibum</span> <span class='ocrx_word' id='word_1_217' title='bbox 1520 2024 1657 2073; x_wconf 87' lang='lat' dir='ltr'>edere,</span> 
     </span>
     <span class='ocr_line' id='line_1_26' title="bbox 234 2098 1657 2155; baseline -0.003 -11"><span class='ocrx_word' id='word_1_218' title='bbox 234 2115 278 2144; x_wconf 81' lang='lat' dir='ltr'>et</span> <span class='ocrx_word' id='word_1_219' title='bbox 307 2119 329 2143; x_wconf 89' lang='lat' dir='ltr'>a</span> <span class='ocrx_word' id='word_1_220' title='bbox 359 2114 400 2143; x_wconf 89' lang='lat' dir='ltr'>te</span> <span class='ocrx_word' id='word_1_221' title='bbox 434 2117 600 2152; x_wconf 79' lang='lat' dir='ltr'>rogem:</span> <span class='ocrx_word' id='word_1_222' title='bbox 631 2111 807 2155; x_wconf 86' lang='lat' dir='ltr'>putasne</span> <span class='ocrx_word' id='word_1_223' title='bbox 839 2098 915 2139; x_wconf 87' lang='lat' dir='ltr'>iste</span> <span class='ocrx_word' id='word_1_224' title='bbox 945 2115 1031 2138; x_wconf 91' lang='lat' dir='ltr'>non</span> <span class='ocrx_word' id='word_1_225' title='bbox 1062 2099 1202 2139; x_wconf 85' lang='lat' dir='ltr'>solum</span> <span class='ocrx_word' id='word_1_226' title='bbox 1232 2098 1275 2139; x_wconf 90' lang='lat' dir='ltr'>in</span> <span class='ocrx_word' id='word_1_227' title='bbox 1304 2098 1498 2154; x_wconf 87' lang='lat' dir='ltr'>paradiso</span> <span class='ocrx_word' id='word_1_228' title='bbox 1525 2101 1657 2141; x_wconf 86' lang='lat' dir='ltr'>factus</span> 
     </span>
     <span class='ocr_line' id='line_1_27' title="bbox 236 2175 1656 2233; baseline -0.002 -13"><span class='ocrx_word' id='word_1_229' title='bbox 236 2191 321 2230; x_wconf 87' lang='lat' dir='ltr'>est,</span> <span class='ocrx_word' id='word_1_230' title='bbox 360 2194 507 2219; x_wconf 79' lang='lat' dir='ltr'>verum</span> <span class='ocrx_word' id='word_1_231' title='bbox 543 2178 669 2217; x_wconf 88' lang='lat' dir='ltr'>etiam</span> <span class='ocrx_word' id='word_1_232' title='bbox 697 2178 738 2218; x_wconf 88' lang='lat' dir='ltr'>in</span> <span class='ocrx_word' id='word_1_233' title='bbox 762 2176 957 2233; x_wconf 86' lang='lat' dir='ltr'>paradiso</span> <span class='ocrx_word' id='word_1_234' title='bbox 989 2175 1236 2217; x_wconf 87' lang='lat' dir='ltr'>deliciarum</span> <span class='ocrx_word' id='word_1_235' title='bbox 1265 2176 1378 2218; x_wconf 81' lang='lat' dir='ltr'>Dei?</span> <span class='ocrx_word' id='word_1_236' title='bbox 1417 2176 1518 2232; x_wconf 82' lang='lat' dir='ltr'>quid</span> <span class='ocrx_word' id='word_1_237' title='bbox 1551 2177 1656 2218; x_wconf 85' lang='lat' dir='ltr'>mihi</span> 
     </span>
     <span class='ocr_line' id='line_1_28' title="bbox 236 2253 1652 2311; baseline -0.002 -13"><span class='ocrx_word' id='word_1_238' title='bbox 236 2257 351 2298; x_wconf 90' lang='lat' dir='ltr'>aliud</span> <span class='ocrx_word' id='word_1_239' title='bbox 388 2272 664 2311; x_wconf 89' lang='lat' dir='ltr'>responsurus</span> <span class='ocrx_word' id='word_1_240' title='bbox 702 2271 765 2304; x_wconf 89' lang='lat' dir='ltr'>es,</span> <span class='ocrx_word' id='word_1_241' title='bbox 809 2254 889 2294; x_wconf 89' lang='lat' dir='ltr'>nisi</span> <span class='ocrx_word' id='word_1_242' title='bbox 928 2269 1024 2293; x_wconf 92' lang='lat' dir='ltr'>eum</span> <span class='ocrx_word' id='word_1_243' title='bbox 1064 2253 1106 2293; x_wconf 87' lang='lat' dir='ltr'>in</span> <span class='ocrx_word' id='word_1_244' title='bbox 1144 2253 1324 2309; x_wconf 88' lang='lat' dir='ltr'>paradisi</span> <span class='ocrx_word' id='word_1_245' title='bbox 1364 2253 1527 2294; x_wconf 87' lang='lat' dir='ltr'>deliciis</span> <span class='ocrx_word' id='word_1_246' title='bbox 1559 2271 1652 2295; x_wconf 89' lang='lat' dir='ltr'>con-</span> 
     </span>
     <span class='ocr_line' id='line_1_29' title="bbox 235 2330 1654 2387; baseline -0.003 -11"><span class='ocrx_word' id='word_1_247' title='bbox 235 2333 456 2376; x_wconf 86' lang='lat' dir='ltr'>stitutum?</span> <span class='ocrx_word' id='word_1_248' title='bbox 515 2333 580 2373; x_wconf 85' lang='lat' dir='ltr'>Ad</span> <span class='ocrx_word' id='word_1_249' title='bbox 616 2333 722 2373; x_wconf 86' lang='lat' dir='ltr'>hanc</span> <span class='ocrx_word' id='word_1_250' title='bbox 749 2330 1054 2372; x_wconf 85' lang='lat' dir='ltr'>beatitudinem</span> <span class='ocrx_word' id='word_1_251' title='bbox 1082 2342 1128 2371; x_wconf 89' lang='lat' dir='ltr'>tu</span> <span class='ocrx_word' id='word_1_252' title='bbox 1158 2330 1348 2381; x_wconf 86' lang='lat' dir='ltr'>festinas,</span> <span class='ocrx_word' id='word_1_253' title='bbox 1389 2330 1459 2387; x_wconf 92' lang='lat' dir='ltr'>qui</span> <span class='ocrx_word' id='word_1_254' title='bbox 1502 2331 1654 2374; x_wconf 80' lang='lat' dir='ltr'>videris</span> 
     </span>
     <span class='ocr_line' id='line_1_30' title="bbox 235 2407 1657 2467; baseline -0.001 -15"><span class='ocrx_word' id='word_1_255' title='bbox 235 2412 444 2467; x_wconf 84' lang='lat' dir='ltr'>plangere.</span> <span class='ocrx_word' id='word_1_256' title='bbox 484 2411 588 2451; x_wconf 60' lang='lat' dir='ltr'>«Iste</span> <span class='ocrx_word' id='word_1_257' title='bbox 619 2425 741 2459; x_wconf 80' lang='lat' dir='ltr'>vero,</span> <span class='ocrx_word' id='word_1_258' title='bbox 762 2407 844 2464; x_wconf 54' lang='lat' dir='ltr'>*qui</span> <span class='ocrx_word' id='word_1_259' title='bbox 875 2407 1107 2463; x_wconf 85' lang='lat' dir='ltr'>plangitur,</span> <span class='ocrx_word' id='word_1_260' title='bbox 1149 2407 1228 2449; x_wconf 88' lang='lat' dir='ltr'>fuit</span> <span class='ocrx_word' id='word_1_261' title='bbox 1267 2409 1481 2464; x_wconf 83' lang='lat' dir='ltr'>quondam</span> <span class='ocrx_word' id='word_1_262' title='bbox 1511 2409 1554 2450; x_wconf 87' lang='lat' dir='ltr'>in</span> <span class='ocrx_word' id='word_1_263' title='bbox 1585 2409 1657 2450; x_wconf 86' lang='lat' dir='ltr'>de-</span> 
     </span>
    </p>
   </div>
   <div class='ocr_carea' id='block_1_3' title="bbox 238 2487 469 2530">
    <p class='ocr_par' dir='ltr' id='par_1_3' title="bbox 238 2487 469 2530">
     <span class='ocr_line' id='line_1_31' title="bbox 238 2487 469 2530; baseline -0.009 -1"><span class='ocrx_word' id='word_1_264' title='bbox 238 2488 345 2530; x_wconf 87' lang='lat' dir='ltr'>liciis</span> <span class='ocrx_word' id='word_1_265' title='bbox 373 2487 469 2528; x_wconf 90' lang='lat' dir='ltr'>Dei.</span> 
     </span>
    </p>
   </div>
   <div class='ocr_carea' id='block_1_4' title="bbox 356 2728 1467 2785">
    <p class='ocr_par' dir='ltr' id='par_1_4' title="bbox 356 2728 1467 2785">
     <span class='ocr_line' id='line_1_32' title="bbox 356 2728 1467 2785; baseline -0.001 -14"><span class='ocrx_word' id='word_1_266' title='bbox 356 2730 396 2785; x_wconf 91' lang='lat'>¹)</span> <span class='ocrx_word' id='word_1_267' title='bbox 428 2732 467 2771; x_wconf 87' lang='lat' dir='ltr'>II</span> <span class='ocrx_word' id='word_1_268' title='bbox 491 2730 588 2772; x_wconf 90' lang='lat' dir='ltr'>Cor.</span> <span class='ocrx_word' id='word_1_269' title='bbox 620 2731 692 2780; x_wconf 89' lang='lat' dir='ltr'>IV,</span> <span class='ocrx_word' id='word_1_270' title='bbox 731 2730 792 2774; x_wconf 72' lang='lat'>16.</span> <span class='ocrx_word' id='word_1_271' title='bbox 914 2730 956 2785; x_wconf 85' lang='grc'>2)</span> <span class='ocrx_word' id='word_1_272' title='bbox 986 2728 1136 2772; x_wconf 86' lang='lat' dir='ltr'>Ezech.</span> <span class='ocrx_word' id='word_1_273' title='bbox 1168 2729 1368 2780; x_wconf 84' lang='lat' dir='ltr'>XXVIII,</span> <span class='ocrx_word' id='word_1_274' title='bbox 1405 2728 1467 2775; x_wconf 85' lang='lat'>13.</span> 
     </span>
    </p>
   </div>
   <div class='ocr_carea' id='block_1_5' title="bbox 353 2800 1045 2856">
    <p class='ocr_par' dir='ltr' id='par_1_5' title="bbox 353 2800 1045 2856">
     <span class='ocr_line' id='line_1_33' title="bbox 353 2800 1045 2856; baseline 0.001 -16"><span class='ocrx_word' id='word_1_275' title='bbox 353 2801 395 2856; x_wconf 83' lang='lat'>³)</span> <span class='ocrx_word' id='word_1_276' title='bbox 424 2801 556 2841; x_wconf 88' lang='lat' dir='ltr'>Deest</span> <span class='ocrx_word' id='word_1_277' title='bbox 585 2800 699 2850; x_wconf 88' lang='lat' dir='ltr'>„in“</span> <span class='ocrx_word' id='word_1_278' title='bbox 732 2801 773 2841; x_wconf 88' lang='lat' dir='ltr'>in</span> <span class='ocrx_word' id='word_1_279' title='bbox 806 2802 868 2841; x_wconf 85' lang='lat' dir='ltr'>ed.</span> <span class='ocrx_word' id='word_1_280' title='bbox 902 2801 1045 2843; x_wconf 84' lang='lat' dir='ltr'>Ruaei.</span> 
     </span>
    </p>
   </div>
   <div class='ocr_carea' id='block_1_6' title="bbox 355 2870 903 2927">
    <p class='ocr_par' dir='ltr' id='par_1_6' title="bbox 355 2870 903 2927">
     <span class='ocr_line' id='line_1_34' title="bbox 355 2870 903 2927; baseline -0.007 -13"><span class='ocrx_word' id='word_1_281' title='bbox 355 2871 397 2927; x_wconf 73' lang='lat'>⁴)</span> <span class='ocrx_word' id='word_1_282' title='bbox 428 2871 536 2913; x_wconf 85' lang='lat' dir='ltr'>Edd.</span> <span class='ocrx_word' id='word_1_283' title='bbox 569 2870 762 2913; x_wconf 82' lang='lat' dir='ltr'>Merlini:</span> <span class='ocrx_word' id='word_1_284' title='bbox 795 2883 903 2912; x_wconf 87' lang='lat' dir='ltr'>tunc.</span> 
     </span>
    </p>
   </div>
  </div>
 </body>
</html>
