1759 3134
655 152 855 194 HommA
887 150 962 190 IX.
1443 153 1523 198 119

100 278 167 302 me
198 262 334 303 filium
366 262 537 304 diaboli.
596 295 622 314 .,
635 263 784 306 Omnis
810 262 849 318 ¹)
882 261 1014 311 enim,
1055 262 1126 317 qui
1155 262 1256 303 facit
1282 275 1518 318 peccatum,

100 357 146 380 cx
183 340 353 380 diabolo
384 352 501 381 natus
534 346 634 382 est.“
688 341 831 380 Virtus
862 355 930 378 me
961 338 1062 379 facit
1092 338 1217 379 etiam
1246 340 1418 381 fratrem
1447 343 1519 383 ha-

95 417 195 457 bere
237 416 469 466 Christum,
507 428 578 466 ut,
616 432 711 456 cum
748 417 884 455 bonus
923 431 970 454 ac
1007 415 1114 454 bene
1152 429 1337 458 moratus
1376 420 1514 469 fuero,

97 493 207 534 dicat
235 493 345 548 patri
375 510 472 534 suo:
513 493 724 543 „narrabo
751 492 793 544 ²)
831 507 988 531 nomen
1018 502 1139 532 tuum
1169 492 1366 534 fratribus
1394 496 1513 546 meis,

95 570 138 610 in
166 570 305 611 media
337 570 509 611 ecclesia
543 570 714 610 cantabo
746 575 831 609 te.“
878 569 932 608 Et
963 567 1154 623 loquitur
1184 569 1237 608 ad
1269 585 1372 619 eam,
1406 589 1508 627 quae

92 646 281 687 nuntiare
322 659 488 702 poterat
526 648 653 687 verba
689 645 799 704 ejus:
849 647 990 694 „vade
1017 645 1082 700 ³),
1130 656 1170 685 et
1209 645 1277 686 dic
1314 648 1510 690 fratribus

92 723 238 764 meis.“
299 723 530 777 Quomodo
572 734 713 763 autem
756 721 887 762 virtus
925 724 1099 763 fratrem
1137 721 1241 762 mihi
1279 723 1379 764 facit
1419 725 1514 765 Do·

92 801 253 841 minum
294 802 462 850 Jesum,
499 800 557 840 ita
593 799 754 841 malitia
791 799 1000 854 plurimos
1039 800 1186 840 fratres
1222 800 1425 856 acquirit,
1471 814 1511 842 et

91 877 166 918 hos
203 889 468 932 peccatores,
514 889 555 918 et
599 878 700 918 haec
738 877 829 932 ipsa
865 888 964 917 tunc
1003 876 1108 916 mihi
1146 878 1292 918 fratres
1330 891 1510 930 generat,

90 971 186 994 cum
224 954 412 994 creverit.
473 955 520 1007 Si
560 954 732 1010 quidem
771 954 938 1009 quando
979 953 1199 994 exordium
1236 966 1324 995 erat
1362 972 1512 1011 pecca—

92 1030 204 1071 tricis
220 1031 466 1080 Jerusalem,
496 1032 679 1072 necdum
709 1031 888 1071 habebat
918 1046 1107 1071 sororem
1140 1032 1384 1082 Samariam,
1414 1050 1511 1073 nec-

88 1108 189 1147 dum
230 1107 268 1148 ei
306 1119 391 1149 erat
436 1125 630 1161 germana
668 1110 882 1150 Sodoma:
932 1125 1028 1148 cum
1072 1124 1172 1148 vero
1217 1110 1422 1164 processit
1467 1110 1509 1150 in

84 1186 256 1234 scelere,
286 1196 334 1225 ut
362 1186 610 1240 praeteritus
640 1201 778 1225 sermo
811 1185 1074 1234 monstravit,
1104 1186 1256 1226 effecta
1279 1198 1340 1226 est
1367 1187 1507 1228 media

85 1263 263 1302 duarum
291 1278 506 1311 sororum,
544 1262 719 1302 senioris
749 1261 959 1303 Samariae
992 1274 1033 1302 et
1061 1261 1236 1318 junioris
1268 1264 1497 1305 Sodomae.

87 1339 207 1393 Quae
237 1351 332 1379 sunt
361 1339 462 1379 istae
490 1340 594 1379 duae
616 1355 781 1379 sorores
803 1337 1048 1393 peccatricis
1074 1339 1338 1382 Jerusalem?
1383 1341 1502 1382 Schi-

83 1433 171 1456 sma
211 1427 251 1456 et
287 1416 494 1470 separatio
532 1415 685 1470 populi
722 1416 914 1455 fecerunt
952 1415 1195 1457 Samariam.
1256 1417 1302 1457 Si
1334 1417 1506 1472 quidem

81 1509 132 1533 eo
154 1504 361 1547 tempore,
394 1509 489 1532 cum
509 1492 657 1532 decem
680 1491 812 1532 tribus
838 1503 1061 1541 cesserunt,
1094 1492 1299 1533 dicentes:
1331 1510 1446 1543 „non
1461 1495 1503 1550 ⁴)

81 1581 143 1610 est
182 1569 306 1609 nobis
344 1585 438 1624 pars
475 1568 519 1609 in
550 1568 715 1619 David,
756 1586 834 1610 nec
875 1586 964 1610 sors
993 1569 1037 1609 in
1068 1569 1159 1610 filio
1190 1570 1367 1610 Jesse:“
1405 1583 1504 1612 tunc

81 1648 187 1687 duae
216 1662 364 1687 vaccae
395 1662 543 1686 aureae
575 1646 825 1686 constitutae
854 1658 950 1686 sunt
980 1663 1003 1687 a
1030 1647 1282 1696 Jeroboam,
1326 1658 1367 1687 et
1395 1650 1504 1688 facta

84 1736 146 1765 est
175 1723 362 1765 Samaria
391 1723 560 1764 scissio:
603 1739 708 1778 quae
746 1722 875 1774 magis
911 1734 1010 1778 post
1041 1723 1325 1778 captivitatem
1356 1725 1504 1765 decem

80 1801 269 1842 tribuum
312 1799 461 1850 crevit,
503 1801 668 1856 quando
710 1801 903 1840 custodes
941 1801 992 1839 ab
1033 1800 1209 1857 Assyriis
1247 1801 1300 1840 ad
1339 1801 1503 1841 Israelis

81 1889 234 1917 terram
264 1876 377 1917 missi
409 1888 518 1926 sunt,
551 1876 623 1932 qui
655 1888 859 1917 vocantur
887 1877 1148 1918 Samaritani.
1205 1877 1359 1917 Somer
1390 1877 1501 1917 enim

81 1965 219 1995 custos
250 1953 549 2008 interpretatur
580 1953 722 2004 lingua
753 1952 1059 1994 Hebraeorum.
1118 1953 1254 2005 Ergo,
1283 1965 1329 1993 ut
1360 1954 1500 1994 dicere

79 2047 323 2086 coeperam,
372 2031 555 2071 necdum
592 2047 714 2071 soror
752 2047 846 2071 mea
886 2043 947 2072 est
985 2030 1192 2080 Samaria,
1237 2031 1439 2086 quamdiu
1478 2048 1500 2072 a

76 2107 258 2164 peccatis
289 2107 413 2159 longe
435 2125 546 2149 sum:
581 2109 748 2164 quando
776 2125 875 2149 vero
901 2124 1147 2164 peccavero,
1181 2120 1371 2148 crescunt
1395 2109 1500 2149 mihi

78 2186 185 2225 duae
216 2201 403 2235 sorores,
442 2185 584 2226 senior
623 2185 832 2236 Samaria,
871 2198 912 2226 et
941 2186 1083 2244 junior
1113 2186 1315 2227 Sodoma.
1378 2186 1498 2240 Quae

78 2262 193 2319 cujus
222 2263 399 2314 figuram
428 2263 608 2315 habeant
650 2262 974 2305 consideremus.
1036 2263 1290 2319 Quicunque
1321 2263 1500 2319 promit-

78 2350 171 2379 tunt
201 2340 326 2380 verba
355 2339 516 2389 divina,
549 2351 590 2380 et
621 2356 733 2390 non,
761 2341 869 2382 sicut
898 2341 1170 2397 pollicentur,
1200 2342 1353 2381 habent
1384 2341 1426 2381 in
1454 2358 1498 2380 se

77 2415 398 2471 praedicationis
428 2417 661 2468 veritatem,
694 2417 738 2460 hi
767 2416 810 2459 in
840 2418 1069 2475 Scripturis
1095 2418 1325 2472 figuraliter
1355 2419 1496 2460 Sama-

194 2658 233 2711 1)
266 2658 453 2699 IJoann.
484 2660 562 2709 III,
592 2660 631 2704 8.

191 2729 233 2781 2)
266 2728 420 2768 Psalm.
451 2728 592 2780 XXII,
621 2730 688 2774 22.
720 2733 882 2787 (XXI.)

194 2799 237 2854 3)
269 2798 354 2839 Cfr.
388 2815 448 2839 ev.
480 2799 630 2840 Joann.
660 2802 756 2851 XX,
791 2802 855 2846 17.

192 2867 234 2923 4)
265 2868 428 2922 Ichg.
456 2869 556 2919 XII,
587 2869 653 2913 16.
684 2871 768 2925 (ΙΙΙ
787 2872 936 2928 Regg.)
