1759 3134
239 174 322 219 118
645 177 865 220 Omomus
894 191 939 221 m
969 178 1264 222 Ezsscnmmm

241 289 467 339 sententia,
519 301 561 330 et
599 289 727 330 simus
766 308 897 332 unum
941 308 1093 347 corpus
1134 304 1175 332 et
1214 308 1320 332 unus
1361 290 1543 347 spiritus.
1623 293 1669 335 Si

242 383 343 406 vero
375 367 478 407 tales
508 367 659 419 simus,
689 380 736 410 ut
765 385 851 410 non
882 386 958 409 nos
988 369 1124 409 unitas
1158 369 1493 418 circumscribat,
1524 370 1595 410 sed
1628 382 1668 410 et

244 444 296 483 de
326 443 451 485 nobis
486 445 568 487 dici
598 447 754 502 possit:
786 463 891 499 „ego
912 448 948 502 ¹)
982 447 1152 502 quidem
1183 464 1274 487 sum
1291 447 1427 496 Pauli,
1461 463 1535 500 ego
1567 463 1667 488 vero

241 522 416 577 Apollo,
450 539 525 576 ego
559 541 658 565 vero
693 525 919 580 Ceplme:“
963 538 1000 565 et
1033 526 1167 566 adhuc
1199 542 1220 566 a
1249 523 1409 565 malitia
1441 524 1671 565 scindimur

240 610 364 655 atque
395 600 645 652 dividimur,
674 618 760 643 non
790 620 932 643 sumus
964 603 1116 653 futuri,
1147 603 1221 643 ubi
1251 614 1347 643 sunt
1377 602 1465 651 illi,
1504 600 1575 656 qui
1605 617 1670 641 re-

241 674 441 727 diguntur
472 678 514 718 in
545 679 760 721 unionem.
822 682 927 720 Nam
960 692 1006 720 ut
1037 693 1156 736 pater
1189 692 1228 720 et
1258 680 1368 720 filius
1399 696 1529 719 unum
1560 690 1669 728 sunt,

240 752 320 804 sic,
363 755 432 810 qui
472 773 603 796 unum
645 757 839 813 spiritum
872 759 1048 809 habent,
1088 759 1127 799 in
1158 759 1361 799 unionem
1393 762 1670 798 coarctantur.

239 830 313 870 Ait
344 832 501 888 quippe
519 835 734 876 Salvator:
768 851 873 888 „ego
897 836 938 891 ²)
972 847 1010 875 et
1041 848 1161 891 pater
1188 853 1319 876 unum
1351 839 1534 875 sumus.“
1592 834 1669 874 Et:

241 920 397 964 „pater
421 911 463 964 3)
509 924 648 952 sancte
683 928 810 965 rogo,
850 924 917 963 ut,
959 913 1064 954 sicut
1096 930 1170 966 ego
1205 924 1244 954 et
1275 926 1319 953 tu
1349 930 1480 953 unum
1513 929 1669 961 sumus,

239 986 296 1027 ita
329 999 369 1028 et
399 987 467 1029 isd
497 989 539 1030 in
570 989 693 1030 nobis
725 1007 854 1031 unum
893 990 1016 1031 sint.“
1073 991 1129 1031 Et
1170 991 1211 1031 in
1241 991 1453 1046 Apostolo
1496 990 1668 1043 legitur:

241 1063 414 1112 „donec
440 1066 482 1121 ⁴)
524 1083 792 1108 occurramus
836 1083 981 1108 omnes
1013 1068 1055 1108 in
1086 1068 1222 1107 virum
1253 1069 1514 1122 perfectum,
1556 1079 1595 1108 et
1626 1067 1668 1107 in

240 1156 479 1182 mensuram
519 1144 665 1184 aetatis
701 1144 978 1199 plenitudinis
1018 1144 1059 1184 in
1097 1145 1302 1185 unitatem
1345 1144 1541 1186 Christi.“
1614 1144 1670 1185 Et

240 1234 428 1258 rursum:
471 1221 645 1268 „donec
671 1221 713 1276 ⁵)
754 1221 1048 1276 perveniamus
1092 1237 1237 1261 omnes
1268 1221 1311 1261 in
1340 1222 1546 1261 unitatem
1578 1238 1671 1262 cor-

238 1295 356 1350 poris
389 1307 429 1336 et
459 1296 628 1352 spiritus
662 1297 858 1339 Christi.“
902 1298 965 1338 Ex
998 1314 1082 1354 quo
1114 1297 1381 1350 significatur,
1414 1299 1509 1354 quia
1538 1299 1671 1340 virtus

240 1388 287 1412 ex
317 1373 513 1428 plurimis
543 1392 675 1415 unum
704 1375 850 1426 faciat,
892 1387 933 1416 et
969 1391 1140 1416 necesse
1176 1375 1300 1416 nobis
1339 1375 1391 1416 sit
1429 1393 1562 1416 unum
1592 1393 1672 1432 per

241 1466 332 1489 eam
362 1450 468 1501 fieri,
502 1463 542 1491 et
571 1453 716 1504 fugere
747 1452 1078 1493 multitudinem.
1137 1452 1193 1493 Et
1223 1453 1324 1493 haec
1356 1452 1526 1507 quidem
1558 1452 1669 1493 dicta

238 1539 347 1578 sunt,
379 1528 476 1584 quia
507 1529 549 1569 in
580 1530 805 1585 praeterita
826 1530 1012 1571 lectione
1036 1530 1323 1586 conscriptum
1350 1541 1430 1570 est:
1464 1530 1669 1585 ‚,pater⁶)

238 1616 356 1655 tuus,
390 1618 431 1646 et
460 1618 596 1647 mater
624 1619 718 1656 tua,
759 1619 800 1648 et
829 1607 945 1648 radix
977 1607 1255 1660 generationis
1285 1613 1442 1647 tuae:⁴‘
1475 1606 1518 1647 in
1549 1623 1670 1662 prae-

237 1683 343 1723 senti
384 1699 506 1723 vero:
549 1695 719 1733 „mater
745 1684 785 1738 7)
827 1696 961 1724 vestra
1003 1695 1043 1724 et
1080 1694 1200 1739 pater
1237 1689 1414 1724 vester.“
1475 1683 1540 1723 Ibi
1580 1700 1667 1724 non

238 1760 486 1812 didicimus,
525 1761 625 1802 licet
654 1762 782 1802 fuerit
813 1779 951 1803 sermo
988 1762 1040 1801 de
1070 1773 1188 1816 patre
1218 1760 1505 1809 Amen-ham,
1546 1771 1587 1800 et
1617 1761 1671 1800 de

237 1851 371 1880 matre
403 1839 583 1890 Cethea‚
623 1856 790 1880 sorores
831 1840 983 1880 habere
1014 1838 1273 1889 Jerusalem3
1310 1838 1379 1878 hic
1420 1854 1520 1878 vero
1552 1838 1671 1878 addi-

240 1916 322 1957 dit:
364 1929 534 1967 „mater
555 1919 619 1974 ⁸),
660 1917 876 1973 inquiens,
917 1927 1052 1957 vestra
1083 1916 1262 1965 Cestxea,
1303 1927 1343 1956 et
1381 1927 1502 1970 pater
1532 1926 1670 1956 vester

238 1995 537 2045 Amorrhaeos,
570 2007 610 2035 et
640 2011 763 2035 soror
793 2005 928 2034 vestra
957 1993 1100 2034 senior
1121 1993 1322 2043 Samaria,
1351 1993 1452 2033 haec
1485 2003 1525 2032 et
1554 1992 1669 2032 filiae

239 2070 339 2128 ejus,
372 2088 476 2127 quae
507 2071 666 2112 habitat
691 2088 714 2111 a
737 2071 912 2112 sinistris
937 2071 1033 2121 tuis,
1067 2082 1107 2111 et
1132 2086 1254 2111 soror
1276 2081 1347 2110 tua
1375 2068 1527 2126 junior,
1561 2086 1667 2125 quae

235 2147 395 2188 habitat
426 2165 448 2189 a
479 2148 646 2199 dextris,
679 2149 912 2190 Sodoma.“
973 2148 1209 2203 Quomodo
1240 2147 1370 2188 virtus
1395 2147 1436 2202 ⁹)
1468 2163 1536 2187 me
1567 2146 1667 2187 facit

232 2224 372 2266 filiurn
395 2226 601 2277 Abrahae,
631 2226 665 2267 si
692 2227 925 2267 secundum
949 2242 1040 2266 eam
1065 2225 1230 2266 vixero:
1265 2248 1315 2254 —-
1348 2240 1478 2279 opera
1505 2224 1665 2280 quippe

234 2303 445 2343 Abraham
475 2303 653 2354 faciens,
689 2304 801 2344 filius
834 2315 894 2344 est
924 2303 1138 2344 Abraham
1169 2320 1244 2342 --;
1286 2301 1345 2343 sic
1375 2302 1476 2343 vitia
1504 2302 1667 2343 faciunt

353 2485 393 2541 ¹)
429 2485 516 2527 Cfr.
548 2486 685 2527 ICor.
716 2487 747 2535 I,
782 2486 846 2529 12.
879 2486 978 2527 coll.
1012 2486 1090 2535 ΠΙ,
1122 2485 1161 2527 4.

349 2556 391 2611 2)
423 2556 498 2597 Ev.
531 2557 683 2597 Joann.
715 2557 769 2605 X,
801 2555 868 2599 30.
1093 2581 1104 2596 .

349 2625 392 2681 3)
423 2626 500 2666 Ev.
533 2627 686 2668 Joann.
715 2627 855 2676 XVII,
888 2625 951 2669 11.
983 2626 1084 2667 coll.
1114 2624 1182 2668 21.

349 2695 395 2750 ⁴²)
428 2696 515 2736 Cfr.
544 2697 700 2752 Ephes.
731 2696 802 2745 IV,
836 2695 900 2740 13.
1023 2696 1064 2753 ⁵)
1098 2695 1184 2737 Cfr.
1215 2694 1370 2752 Ephes.
1403 2694 1476 2742 IV,
1510 2690 1573 2735 13.

350 2766 393 2822 6)
427 2766 514 2808 Cfr.
545 2767 699 2808 Ezeeh.
735 2767 851 2815 XVI,
883 2765 921 2810 3.
1045 2765 1085 2820 ⁷)
1112 2766 1268 2808 E'zech.
1297 2765 1414 2815 XVI,
1444 2762 1513 2807 45·

350 2837 393 2890 5)
425 2836 576 2878 Ezech.
606 2838 724 2886 XVI,
754 2837 821 2880 45.
853 2836 920 2879 46.

351 2906 393 2961 ⁹)
424 2906 535 2948 Edd.
567 2907 763 2949 Merlini:
796 2908 925 2948 virtus
957 2907 1057 2949 facit
1089 2924 1155 2948 me
1197 2918 1275 2948 etc.
