1759 3134
466 808 1150 872 ORIGENIS

151 968 239 1020 ΙΝ
302 966 787 1019 CANTICUM
844 965 1464 1021 CANTICORUM

367 1103 764 1167 LIBER1)
818 1103 1258 1156 PRIMUS.

97 1364 379 1443 „osculetur
398 1388 440 1444 ²)
469 1406 538 1431 me
569 1392 620 1431 ab
652 1389 799 1431 osculo
832 1388 917 1430 oris
947 1387 1051 1428 sui.“
1112 1387 1357 1430 Meminisse
1389 1406 1518 1447 opor-

95 1480 155 1510 tet
182 1468 304 1518 illud,
335 1469 451 1524 quod
481 1468 524 1509 in
552 1467 813 1524 praefatione
840 1466 1199 1523 praemonuimus,
1232 1466 1328 1524 quia
1346 1467 1520 1510 libellus

95 1546 163 1588 hic
193 1544 454 1602 epithalamii
478 1546 633 1588 habens
662 1545 870 1602 speciem,
906 1545 1102 1587 dramatis
1138 1545 1183 1586 in
1212 1546 1390 1588 modum
1423 1564 1523 1591 cona

94 1624 301 1667 scribitur.
345 1625 503 1666 Drama
540 1636 680 1666 autem
711 1640 798 1666 esse
830 1623 1023 1674 diximus,
1052 1624 1126 1664 uhi
1157 1636 1293 1665 certae
1312 1641 1520 1681 personae

95 1703 443 1753 introducuntur,
483 1718 588 1758 quae
628 1703 887 1758 loquuntur,
925 1713 965 1742 et
995 1701 1100 1743 aliae
1130 1702 1343 1744 interdurn
1373 1719 1520 1762 super-

94 1780 279 1830 veniunt,
307 1778 413 1821 aliae
444 1781 659 1831 recedunt,
689 1791 760 1821 aut
789 1780 1007 1831 accedunt,
1040 1792 1081 1822 et
1110 1780 1169 1822 sic
1197 1793 1338 1822 totum
1361 1781 1406 1824 in
1426 1801 1519 1825 mu-

93 1859 320 1901 tationibus
354 1858 489 1912 agitur
515 1875 804 1914 personarum.
850 1858 966 1900 Haec
998 1874 1096 1911 ergo
1130 1858 1209 1900 erit
1228 1860 1359 1903 totius
1380 1862 1518 1904 libelli

91 1937 272 1995 species,
313 1948 354 1977 et
391 1937 622 1978 secundum
659 1937 765 1978 hanc
801 1954 881 1993 pro
912 1936 1071 1978 viribus
1110 1936 1309 1980 historica
1338 1956 1361 1981 a
1391 1940 1517 1983 nobis

90 2015 302 2072 aptabitur
341 2014 560 2072 expositio.
631 2013 872 2071 Spiritualis
912 2030 1013 2055 vero
1052 2013 1330 2069 intelligentia
1366 2035 1516 2062 secun-

91 2096 193 2137 dum
222 2095 304 2136 hoc
331 2093 629 2144 nihilominus,
670 2094 785 2150 quod
818 2093 862 2134 in
891 2091 1152 2150 praefatione
1182 2093 1432 2148 signavimus
1455 2099 1514 2155 3),

90 2172 159 2214 vel
189 2173 243 2213 de
273 2170 449 2212 ecclesia
477 2172 530 2212 ad
552 2170 780 2222 Christum,
809 2173 886 2212 sub
916 2186 1093 2229 sponsae
1113 2171 1183 2212 vel
1197 2173 1341 2229 sponsi
1371 2175 1514 2229 titulo,

91 2251 160 2291 vel
204 2251 257 2291 de
299 2250 460 2292 animae
509 2266 605 2291 cum
648 2250 790 2292 Verbo
835 2248 921 2291 Dei
963 2248 1261 2308 conjunctione
1306 2252 1511 2308 dirigitur.

92 2327 380 2370 Introducitur
410 2343 507 2381 ergo
538 2344 648 2370 nunc
676 2345 753 2385 per
782 2326 981 2370 historiae
1009 2327 1195 2385 speciem
1215 2346 1368 2387 sponsa
1387 2350 1513 2389 quae-

92 2407 210 2456 dam,
243 2422 347 2462 quae
378 2405 560 2462 suscepit
592 2407 797 2462 quaedam
825 2406 1138 2463 sponsaliorum
1171 2419 1212 2448 et
1242 2408 1353 2450 dotis
1382 2410 1508 2452 titulo

93 2483 332 2538 dignissima
369 2500 543 2525 munera
586 2485 637 2525 ab
674 2501 829 2541 sponso
875 2484 1162 2526 nobilissimo:
1207 2486 1281 2526 sed
1317 2487 1506 2543 plurimo

91 2576 285 2621 tempore
315 2578 478 2605 moram
508 2561 687 2603 faciente
716 2578 890 2619 sponso,
921 2562 1142 2605 sollicitari
1173 2579 1265 2606 eam
1295 2565 1504 2610 desiderio

209 2733 248 2790 ¹)
280 2733 388 2774 Edd.
420 2731 614 2774 Merlini:
647 2731 837 2774 Homilia
864 2732 1014 2789 prima.

207 2805 249 2860 ²)
282 2803 439 2846 Cantic.
461 2803 495 2853 I,
520 2802 559 2845 2.
593 2827 642 2835 —
673 2802 806 2843 Deest
836 2815 1074 2847 constanter
1102 2807 1225 2857 ,‚ab“
1255 2807 1298 2849 in
1328 2810 1421 2853 edd.
1443 2811 1504 2854 M.

209 2874 252 2932 ³)
282 2874 392 2917 Edd.
423 2872 618 2917 Merlini:
647 2872 875 2930 signamus,
905 2876 975 2922 vel
1004 2877 1054 2920 de
1087 2877 1303 2923 ecclesiae.
