1759 3134
616 140 812 183 HommA
842 140 936 180 VII.
1425 144 1503 187 109

93 251 201 291 lum:
241 252 298 292 sic
336 267 412 292 nos
452 251 684 305 indigemus
715 250 875 307 Spiritu
908 261 1049 291 sancto
1081 252 1281 309 loquente
1310 254 1353 295 in
1382 257 1504 297 nobis

91 329 308 385 mysteria,
347 341 393 369 ut
431 331 690 371 orationibus
719 327 870 369 nostris
904 328 1164 384 scripturam
1194 330 1403 386 possimus
1434 349 1505 373 au-

90 405 194 456 dire,
227 418 268 446 et
295 424 472 457 rursum,
502 409 616 463 quod
646 405 894 455 audivimus,
922 407 1094 461 populis
1126 407 1330 450 intimare.
1386 410 1503 464 Quid

90 495 149 523 est
200 500 317 536 ergo:
365 482 688 539 ,‚tripliciter¹)
732 482 937 523 fornicata
980 499 1021 522 es
1066 484 1108 523 in
1152 484 1315 526 filiabus
1361 487 1504 528 tuis?“

90 560 134 600 Si
162 560 207 614 ²)
246 560 452 613 intelligas
481 558 802 600 fornicationem
837 559 988 609 carnis,
1028 572 1069 601 et
1098 561 1281 611 animae,
1314 575 1353 602 et
1383 564 1504 618 spiri-

89 648 173 686 tus,
217 648 258 676 et
297 637 435 678 videas
472 636 656 691 aliquem
686 636 887 676 fornicari
919 636 960 677 in
991 637 1053 678 his
1086 638 1304 688 omnibus,
1342 639 1502 680 videbis

86 713 313 768 tripliciter
354 713 631 754 fornicantem
675 713 921 754 Jerusalem.
1000 713 1086 768 Qui
1130 732 1230 755 vero
1281 716 1506 771 tripliciter

91 801 222 831 castus
249 791 291 845 ³)
324 802 403 839 est,
435 789 511 830 iste
539 792 589 831 ab
621 791 831 846 Apostolo
862 803 1050 832 meretur
1078 792 1242 833 audire:
1283 794 1434 843 „Deus
1462 794 1503 850 ⁴)

89 879 227 908 autem
257 866 370 923 pacis
399 866 628 908 sanctificet
655 884 732 908 nos
760 884 839 923 per
869 868 1033 920 omnia,
1072 881 1119 910 ut
1148 869 1308 923 integer
1336 871 1506 926 spiritus

204 1027 245 1083 ¹)
274 1026 424 1067 Ezech.
454 1026 571 1077 XVI,
601 1026 667 1070 30.

201 1095 244 1152 2)
276 1096 456 1138 Catenae
485 1097 586 1138 Mss.
630 1096 953 1155 ,,Ἐκπορνεύει
984 1098 1009 1154 ἡ
1050 1099 1174 1158 ψυχὴ
1208 1105 1397 1158 τρισσῶς
1427 1119 1506 1146 κα-

90 1164 143 1212 τὰ
182 1165 259 1215 τὰς
297 1166 480 1224 γενικὰς
514 1173 631 1224 τρεῖς
667 1167 884 1227 δυνάμεις
914 1170 1049 1226 αὐτῆς
1079 1173 1128 1216 ἒν
1157 1174 1218 1227 τῷ
1248 1175 1505 1229 λογιστικῷ,

88 1240 139 1285 ἐν
165 1241 228 1295 τῷ
260 1239 468 1295 θυμικῷ,
511 1240 588 1280 καὶ
627 1238 678 1281 ἐν
717 1241 779 1295 τῷ
821 1240 1133 1298 ἐπιθυμητικῷ
1165 1240 1276 1284 κατὰ
1306 1246 1505 1299 πνεῦμα,

88 1308 201 1354 κατὰ
233 1307 409 1365 ψυχὴν,
453 1306 565 1351 κατὰ
603 1307 681 1357 τὰς
718 1314 834 1367 τρεῖς
861 1310 1034 1364 ἡλικίας
1071 1309 1240 1367 ταύτης.
1312 1311 1507 1369 Πνεῦμά

92 1381 214 1424 ἔστιν
251 1377 360 1422 αὐτὸ
399 1375 449 1421 τό
483 1376 691 1434 λογικόν·
734 1378 858 1435 ψυχή
888 1381 1010 1424 ἐστιν
1038 1380 1064 1436 ἠ
1097 1380 1252 1436 ζωτικὴ
1290 1381 1507 1438 δύναμις·

89 1447 221 1506 σῶμα
253 1449 374 1492 ἔστιν
403 1446 451 1490 τὸ
483 1451 677 1503 συνέχον
708 1464 909 1504 οργανον
937 1448 986 1493 τὸ
1018 1450 1206 1508 λογικὸν
1234 1455 1311 1495 καὶ
1329 1451 1430 1509 μὴ
1418 1469 1506 1497 πε-

87 1523 250 1579 ριέγον.
300 1516 427 1571 Αὐτὴ
459 1515 485 1571 ἡ
518 1516 704 1573 ψυχὴ,
692 1520 768 1560 ,αὶ
798 1522 903 1575 περὶ
932 1512 982 1575 ἧς
1013 1518 1035 1563 ὁ
1062 1519 1281 1566 Ἀπόστολ
1289 1539 1336 1572 ος
1364 1519 1504 1577 εἶπεν,

87 1590 167 1634 οὐκ
204 1591 297 1633 ἔστι
333 1586 516 1646 λογικὴ,
559 1587 666 1632 οὐδὲ
704 1588 808 1633 ἀντὶ
837 1592 1021 1646 λογικῆς
1058 1589 1246 1648 φύσεως
1312 1593 1376 1636 Οὐ
1415 1612 1507 1650 γαρ

86 1661 208 1704 ἔστιν
238 1662 383 1702 εἰπεῖν
412 1655 495 1702 δύο
528 1658 689 1716 λογικὰ
721 1661 772 1703 ἐν
803 1658 922 1714 αὐτῷ
964 1659 1217 1717 ἄνθρωπον
1256 1662 1349 1705 ἀλλ’
1393 1662 1505 1718 αὕτη

87 1731 197 1785 ἐστὶ,
227 1731 333 1785 περὶ
360 1720 411 1783 ἧς
433 1731 701 1784 γέγραπται,
737 1727 803 1772 ὅτι
827 1732 904 1771 καὶ
926 1728 1208 1786 ἐνεφύσησεν
1229 1735 1290 1780 εἰς
1316 1731 1364 1777 τὸ
1384 1732 1506 1789 πρό-

85 1814 244 1844 σωπον
284 1797 423 1841 αὑτοῦ
461 1802 645 1856 πνεῦμα
685 1801 812 1853 ζωῆς·
858 1802 935 1842 καὶ
978 1798 1191 1854 ὀνομάζει
1235 1800 1317 1857 τὴν
1358 1802 1508 1859 πνοὴν

84 1867 250 1925 ταύτην
280 1868 462 1925 ψυχὴν,“
500 1872 562 1917 εἷς
598 1864 656 1922 ἣν
684 1866 933 1925 γενόμενος
963 1866 1208 1926 ἅνθρωπος
1235 1875 1506 1931 γέγραπται,

85 1937 153 1983 ὅτι
181 1940 358 1996 ἐγένετο
393 1935 414 1980 ὁ
444 1933 692 1994 ἅνθρωπος
721 1940 782 1986 εἲς
811 1937 967 1995 ψυχὴν
997 1943 1156 1991 ζῶσαν.
1214 1941 1393 1987 Οὐκοῦν
1424 1944 1508 2001 οὐχ

85 2009 231 2066 ἕτερος
260 2004 505 2066 ἅνθρωπος
533 2006 558 2063 ἡ
593 2006 771 2063 τοιαύτη
801 2007 942 2065 ψυχὴ,
977 2009 1090 2054 ἀλλὰ
1116 2008 1386 2063 κατάστασις
1408 2024 1506 2070 ψυ-

79 2078 186 2137 χικὴ
211 2082 290 2124 τοῦ
315 2077 587 2136 πνεύματος,
619 2081 680 2128 εἷς
703 2075 760 2134 ἢν
779 2082 869 2128 πᾶς
886 2076 1132 2141 ἅνθρωπος
1146 2086 1318 2139 γίνεται
1333 2082 1410 2126 διὰ
1427 2084 1509 2139 τὴν

85 2148 162 2195 διὰ
184 2149 348 2207 σαρκὸς
370 2153 552 2207 γένεσιν
576 2153 638 2199 εἲς
659 2148 740 2194 τὸν
762 2148 941 2207 κόσμον
967 2155 1151 2196 τοῦτον·
1182 2148 1242 2208 ἣν
1266 2149 1509 2211 ἄμεμπτον

84 2222 333 2276 τηρηθῆναι
361 2226 454 2269 τοῖς
481 2225 658 2269 πιστοῖς
687 2218 710 2265 ὁ
743 2218 996 2272 ἀπόστολος
1034 2219 1274 2280 .ετ’]’χετι>ιι·“ζ
1315 2222 1426 2279 ,,,,ὁ
1458 2225 1510 2269 δὲ

85 2288 193 2338 θεὸς
231 2289 420 2347 ἁγιάσαι
457 2288 578 2349 ὑμᾶς
617 2290 855 2347 ὁλοτελεῖς,
899 2296 976 2335 καὶ
1014 2290 1263 2350 ὁλόκληρον
1298 2290 1433 2350 ὑμῶν
1460 2294 1510 2338 τὸ

88 2362 296 2415 πνεῦμα,
342 2363 420 2403 καὶ
457 2359 484 2416 ἡ
516 2360 642 2418 ψυχὴ
674 2365 751 2405 καὶ
779 2359 829 2406 τὸ
862 2365 995 2417 σῶμα
1026 2363 1271 2422 ἀμέμπτως
1300 2369 1511 2419 τηρηθείη

91 2428 142 2472 ἓν
177 2430 228 2489 τῇ
266 2435 494 2487 παρουσία
531 2434 611 2475 τοῦ
651 2437 809 2491 κυρίου
847 2429 985 2488 ἡμῶν
1019 2432 1163 2488 Ἰησοῦ
1202 2436 1403 2492 Χριστοῦ
1416 2435 1509 2457 ·““

89 2496 240 2553 „abaci
278 2499 424 2556 ε’λεγε·
465 2502 543 2544 καὶ
571 2500 619 2545 τό
651 2506 861 2556 πνεῦμα,
906 2505 984 2546 καὶ
1021 2502 1071 2547 τὸ
1096 2506 1252 2562 σῶμα,
1293 2505 1370 2547 καὶ
1403 2502 1428 2560 ἡ
1461 2504 1511 2548 ἒν

89 2565 234 2624 τούτῳ
264 2566 363 2624 ζωή.
418 2569 644 2621 Ἠινίξατο
682 2571 772 2631 γὰρ
804 2571 1072 2618 ὁλοτέλωσιν
1108 2572 1263 2631 ἡμῶν,
1305 2573 1386 2618 τὸν
1422 2576 1509 2619 ἔσω

91 2633 344 2696 ἄνθρωπον
383 2643 460 2683 καὶ
491 2640 572 2685 τὸν
600 2643 706 2696 ἔξω,
748 2646 824 2685 καὶ
853 2642 934 2697 τὴν
964 2643 1040 2687 διὰ
1070 2648 1215 2702 μέσου
1246 2644 1390 2703 ζωὴν,
1431 2644 1512 2700 τὴν

91 2707 143 2752 ἐν
171 2711 234 2764 τῷ
265 2706 424 2767 κόσμῳ
455 2709 598 2766 τούτῳ
627 2714 882 2767 πολιτείαν,
915 2711 941 2774 ᾖ
971 2712 1299 2760 κατάστασιν.“

202 2779 246 2833 ³)
278 2780 386 2821 Edd.
417 2780 610 2821 Merlini:
644 2792 786 2824 cautus
817 2795 889 2825 est.

203 2846 245 2904 4)
275 2850 295 2889 Ι
316 2850 458 2891 Thess.
490 2851 541 2901 V,
571 2849 640 2894 23.
