1759 3134
715 123 856 164 Lmen
886 123 941 163 ΙΙ.
1452 124 1530 168 371

119 233 248 284 ciem,
299 250 393 275 cum
426 244 703 290 consequetur
733 250 799 284 ea,
846 250 950 289 quae
987 234 1134 274 oculus
1163 249 1248 274 non
1287 233 1413 284 vidit,
1456 251 1532 275 nec

115 311 222 351 auris
253 311 431 362 audivit,
462 327 540 351 nec
571 311 613 351 in
646 326 718 351 cor
748 308 929 350 hominis
959 310 1275 352 adscenderunt.
1335 311 1390 352 Et
1430 323 1530 351 tunc

117 387 289 438 videbit,
327 386 423 443 quia
452 403 529 428 nec
558 386 759 428 medietas
791 402 937 427 eorum
968 397 1042 437 est,
1074 403 1178 442 quae
1203 387 1362 429 audivit
1385 388 1426 428 in
1456 388 1530 429 hac

114 481 184 505 sua
223 476 331 505 terra
370 464 518 520 posita.
577 465 731 506 Beatae
770 480 867 516 ergo
910 475 1005 504 sunt
1044 464 1242 505 mulieres
1274 465 1528 515 Salomonis,

113 540 271 581 animae
294 540 379 581 sine
413 542 556 592 dubio,
589 557 691 597 quac
708 540 938 582 VerbiDei
971 552 1011 581 et
1039 541 1153 596 pacis
1186 541 1273 599 ejus
1304 543 1529 599 participes

111 618 226 659 fiunt.
285 617 406 659 Beati
435 618 557 674 pueri
596 618 704 676 ejus,
753 618 823 674 qui
863 618 1055 659 assistunt
1093 618 1136 659 in
1177 631 1404 674 conspectu
1443 619 1530 677 ejus

110 710 288 750 semper.
348 696 444 736 Non
475 695 565 745 illi,
607 695 678 751 qui
708 695 934 751 aliquando
967 695 1179 746 assistunt,
1221 708 1261 736 et
1302 697 1528 753 aliquando

109 787 195 812 non
226 771 439 822 assistunt,
478 773 552 813 sed
583 772 654 828 qui
685 788 872 829 semper,
907 784 946 814 et
975 773 1063 814 sine
1094 772 1403 815 intermissione
1435 775 1531 817 assi-

108 860 223 890 stunt
252 850 394 891 Verbo
425 849 523 899 Dei,
555 865 652 890 vere
682 849 795 891 beati
827 862 935 891 sunt.
995 849 1110 891 Talis
1143 862 1230 892 erat
1264 863 1305 892 et
1334 852 1408 893 illa
1438 854 1531 895 Ma-

106 926 181 977 ria,
213 942 318 983 quae
348 927 520 967 sedebat
549 943 666 967 secus
696 927 825 982 pedes
854 928 980 977 Jesu,
1013 938 1054 967 et
1084 927 1280 968 audiebat
1313 945 1431 980 eum,
1463 931 1530 971 cui

107 1013 149 1043 et
178 1002 466 1044 testimonium
496 1004 682 1045 reddidit
710 1004 800 1060 ipse
830 1003 1041 1046 Dominus
1060 1005 1124 1061 ¹),
1164 1005 1305 1047 dicens
1336 1008 1387 1047 ad
1418 1008 1531 1049 Elar-

105 1081 244 1122 tham:
292 1081 520 1138 ‚,R'Iaria²)
555 1081 759 1138 optimam
789 1093 954 1138 partem
985 1082 1130 1135 elegit,
1163 1100 1268 1139 quae
1297 1101 1384 1126 non
1415 1087 1530 1127 aufe-

108 1170 225 1200 retur
253 1159 305 1199 ab
337 1175 395 1204 ea.
408 1165 432 1184 ‘⁴
490 1159 641 1200 Adhuc
671 1159 787 1211 nigra
816 1159 917 1200 haec
949 1171 990 1201 et
1019 1161 1207 1202 formosa
1238 1162 1360 1204 dicit:
1405 1165 1531 1206 bene-

109 1237 323 1293 dictus3)‚
365 1236 436 1292 qui
475 1236 614 1277 voluit
655 1238 753 1277 dare
793 1248 835 1278 te
874 1254 1001 1294 super
1037 1239 1181 1280 sedem
1212 1240 1361 1282 Israel!
1420 1242 1529 1283 Vere

109 1314 234 1365 enim,
265 1314 361 1370 quia
391 1313 538 1355 dilexit
567 1314 779 1355 Dominus
809 1315 960 1365 Israel,
992 1327 1033 1356 et
1065 1316 1221 1367 voluit,
1252 1330 1300 1358 ut
1333 1330 1459 1360 staret
1489 1320 1530 1361 in

107 1403 346 1442 aeternum,
387 1390 532 1447 posuit
562 1403 604 1432 te
641 1408 783 1444 regem
824 1408 951 1448 super
982 1409 1089 1434 eum.
1153 1393 1324 1448 Quem}>
1379 1396 1530 1438 Pacifi-

109 1486 205 1527 cum
233 1469 321 1510 sine
355 1469 499 1510 dubio.
555 1467 741 1510 Christus
774 1469 886 1510 enim
902 1469 945 1528 ⁴²)
978 1481 1038 1511 est
1068 1486 1147 1526 pax
1178 1484 1334 1523 nostra,
1366 1474 1438 1530 qui
1470 1477 1532 1517 fe-

108 1549 164 1589 cit
193 1558 368 1604 utraque
400 1563 554 1596 unum,
593 1557 634 1586 et
663 1546 851 1587 medium
882 1547 1088 1602 parietem
1130 1549 1240 1605 sepis
1279 1551 1417 1593 solvit.
1477 1554 1533 1595 Et

105 1636 204 1680 post
232 1625 335 1665 haec
365 1623 507 1665 omnia
544 1623 699 1675 „dedit
716 1624 781 1680 5),
822 1623 981 1680 inquit,
1025 1642 1110 1667 cxx.
1141 1627 1296 1668 talenta
1328 1628 1417 1670 auri
1446 1632 1533 1684 regi

108 1701 367 1744 Salomoni“
416 1701 557 1754 regina
598 1701 720 1743 Saba.
788 1701 998 1743 Numerus
1035 1702 1102 1744 hic
1144 1720 1228 1746 cxx.
1269 1721 1533 1751 consecratus

109 1792 172 1822 est
212 1779 322 1822 vitae
360 1777 582 1820 hominum
627 1793 796 1829 corum,
843 1778 915 1834 qui
956 1779 1126 1822 suerunt
1162 1780 1204 1822 in
1247 1783 1395 1826 diebus
1426 1787 1533 1840 Noe,

111 1858 260 1915 quibus
289 1857 401 1898 istud
433 1855 680 1898 conceditur
715 1856 897 1913 spatium
927 1856 1059 1909 vitae,
1102 1874 1187 1914 quo
1225 1858 1453 1904 invitantur
1481 1866 1534 1906 ad

109 1935 426 1993 poenitentiam.
494 1935 591 1991 Ipse
640 1945 780 1976 autem
827 1951 1026 1976 numerus
1071 1952 1277 1978 annorum
1319 1950 1360 1980 et
1401 1940 1534 1984 Mosis

110 2014 219 2055 vitae
251 2013 343 2054 fuit.
405 2011 549 2054 Offert
580 2028 676 2065 ergo
711 2012 877 2055 Christo
911 2013 1088 2054 ecclesia
1130 2013 1173 2054 in
1203 2015 1294 2056 auri
1323 2019 1462 2073 specie
1494 2032 1536 2061 et

109 2092 303 2148 pondere
333 2107 419 2132 non
450 2090 590 2131 solum
618 2090 937 2132 multitudinem
967 2107 1163 2132 sensuum
1198 2109 1372 2136 suorum
1404 2108 1445 2138 et
1474 2097 1536 2139 in-

109 2168 373 2220 tellectuum,
404 2168 477 2210 sed
509 2167 646 2223 legi5)
678 2167 764 2208 Dei
795 2181 1060 2210 consecratos
1086 2168 1243 2210 indicat
1268 2187 1409 2214 sensus
1438 2191 1534 2217 suos

111 2261 188 2302 per
218 2246 343 2297 hunc,
375 2245 446 2302 qui
475 2245 610 2288 Mosis
642 2261 771 2286 annos
802 2245 911 2286 vitae
943 2245 1132 2287 continet
1160 2263 1396 2292 numerum.
1459 2252 1536 2294 Of-

110 2323 193 2364 fert
223 2324 348 2365 etiam
386 2323 607 2365 suavitates
655 2323 1056 2375 odoramentorum,
1101 2324 1243 2380 quales
1282 2340 1322 2368 et
1361 2342 1537 2385 quantae

230 2526 270 2585 ¹)
301 2527 434 2568 Deest
464 2525 714 2578 „Dominus
730 2532 754 2552 “
785 2525 828 2568 in
859 2527 954 2571 edd.
985 2528 1044 2572 M.

228 2597 271 2654 ²)
301 2597 401 2639 Luc.
432 2597 487 2648 X,
517 2595 584 2640 42.

229 2667 272 2723 ³)
304 2666 391 2708 Cfr.
422 2667 585 2721 IRegg.
616 2668 672 2720 X,
702 2667 740 2711 9.
772 2669 858 2724 (ΙΙΙ
874 2670 1000 2723 Regg.

226 2736 270 2793 ⁴)
300 2737 433 2778 Deest
464 2737 650 2789 „enirn”
688 2739 732 2779 in
762 2740 857 2781 edd.
888 2740 947 2781 M.

228 2807 269 2863 ⁵)
301 2808 468 2860 IRegg.
498 2808 552 2859 X,
585 2808 650 2852 10.
681 2809 767 2865 (ΙΙΙ
788 2811 914 2864 Regg.

227 2878 270 2933 ⁵)
301 2878 410 2919 Edd.
441 2879 500 2921 Μ.
535 2880 714 2932 ‚‚lege.“
