1759 3134
620 155 815 195 Homma
847 153 965 192 XIII.
1427 155 1501 197 161

84 266 266 306 litteram
314 266 545 321 sequimur,
590 266 806 305 hominum
844 253 991 304 ‘nullus
1039 276 1098 304 est
1146 265 1359 305 enutritus.
1448 267 1501 306 Et

88 360 185 382 cum
215 342 256 382 in
288 341 478 397 paradiso
512 342 779 391 deliciarum,
810 341 931 382 sicuti
962 341 1162 391 diximus,
1202 358 1328 382 nemo
1360 343 1500 389 fuerit,

86 435 195 459 nunc
238 418 391 458 dicitur
426 419 621 474 princeps
652 420 752 476 Tyri
791 418 832 457 in
871 419 1064 473 paradiso
1109 420 1352 459 deliciarum
1382 430 1500 459 natus

85 507 206 551 atque
248 493 449 534 enutritus
479 496 531 551 ¹).
593 495 698 548 Quis
741 498 808 534 est'
829 496 906 534 iste
936 494 1132 550 princeps
1163 496 1293 551 Tyri?
1350 495 1501 536 Venia—

84 589 174 612 mus
203 572 256 611 ad
286 571 535 621 Danielem,
577 584 617 612 et
649 571 915 612 occasionem
956 571 1257 623 intelligentiae
1288 572 1499 626 reperien-

84 660 167 697 tes,
207 646 414 698 dicamus,
452 665 536 689 non
578 665 663 689 esse
703 647 916 703 p1incipes
958 664 1209 703 corporeos,
1260 649 1310 687 de
1350 649 1497 703 quibus

80 739 188 764 nunc
233 724 456 778 quaeritur.
536 725 638 765 Post
681 724 906 765 Danielem
955 726 1005 764 ab
1050 726 1261 780 Apostolo
1308 737 1498 780 petamus

80 801 331 856 exemplum.
390 801 557 841 Deinde
598 819 763 842 rursum
801 802 1106 857 prophetarum
1144 801 1382 842 testimonia
1426 819 1499 842 vo-

81 892 232 918 cemus.
312 877 388 918 His
436 878 629 919 omnibus
678 879 802 919 etiam
847 878 921 919 ille
965 878 1226 934 copulandus
1267 891 1327 919 est
1365 880 1496 930 locus,

80 954 151 1009 qui
192 970 216 993 a
252 954 374 994 Mose
414 954 455 994 in
496 956 836 996 Deuteronomio
878 972 964 996 non
1006 967 1178 996 tacetur.
1238 957 1346 1008 Age,
1387 973 1497 997 nune

78 1030 330 1086 replicemus
361 1033 572 1087 exempla,
602 1033 849 1088 incipientes
880 1049 902 1073 a
931 1032 1123 1073 Daniele.
1182 1032 1397 1088 Princeps,
1428 1033 1496 1083 ait,

80 1108 245 1148 videtur
281 1107 479 1149 Michael.
538 1109 685 1165 Ibique
724 1127 910 1160 rursum,
951 1110 1147 1165 princeps
1186 1110 1334 1150 Israel:
1376 1122 1415 1150 et
1454 1111 1496 1150 in

79 1185 370 1240 consequenti,
411 1185 598 1226 lssichael
635 1186 858 1243 adjuvabat
886 1186 1122 1242 principem
1151 1187 1266 1238 regni
1297 1187 1493 1239 gentium.

80 1262 146 1302 Ad
184 1262 284 1302 haec
321 1263 448 1302 addat
476 1263 733 1316 Apostolus:
775 1262 943 1315 „gloria
966 1263 1008 1318 ²)
1048 1274 1184 1303 autem
1218 1275 1258 1304 et
1288 1264 1424 1305 honor
1455 1276 1496 1305 et

79 1355 158 1393 pax
196 1338 312 1379 omni
353 1339 545 1394 operanti
582 1341 765 1389 honum,
804 1341 968 1380 Judaeo
1002 1339 1188 1394 primum
1219 1351 1259 1380 et
1290 1340 1496 1383 Graeco.“

78 1415 134 1454 Et
163 1415 357 1474 adjuvare
386 1415 623 1470 principem
646 1416 942 1465 Israelitarum,
972 1416 1210 1471 principem
1232 1417 1349 1469 regni
1367 1417 1497 1457 Grae-

80 1507 246 1540 corum,
287 1491 461 1530 fortasse
489 1489 574 1547 jam
606 1492 763 1532 factum
794 1504 866 1533 est.
925 1493 973 1532 In
1005 1493 1185 1533 adventu
1216 1493 1375 1549 quippe
1406 1494 1498 1534 Do-

76 1567 179 1608 mini
208 1567 293 1607 mei
321 1568 422 1607 Jesu
453 1567 628 1617 Christi,
667 1569 862 1625 princeps
894 1570 1022 1609 Israel
1061 1569 1219 1627 adjuvit
1258 1570 1495 1626 principem

77 1644 192 1697 regni
231 1645 514 1694 Graecorum,
559 1657 607 1685 ut
649 1657 788 1698 gentes
828 1658 1184 1702 consequerentur
1220 1648 1416 1698 salutem,
1457 1660 1497 1690 et

77 1721 141 1761 illi
164 1722 206 1777 3)
248 1722 458 1761 credendo
498 1722 767 1763 salvarentur.
826 1724 964 1778 Atque
1002 1722 1059 1763 ita
1097 1722 1140 1762 in
1179 1723 1288 1764 hunc
1317 1726 1495 1765 modum

78 1797 231 1837 dicitur
260 1797 429 1852 quidam
467 1799 662 1854 princeps
702 1798 818 1850 regni
848 1799 1092 1849 Persarum,
1131 1799 1239 1840 sicut
1269 1800 1402 1842 dictus
1434 1815 1495 1843 est

76 1873 260 1914 Elichael
289 1873 484 1929 princeps
515 1873 821 1924 Israelitarum,
859 1886 899 1915 et
930 1876 1034 1917 alius
1065 1877 1337 1918 Graecorum.
1397 1881 1494 1920 Non

77 1962 171 1991 sunt
200 1966 297 2002 ergo
327 1950 371 1990 hi
399 1947 611 2000 homines,
651 1966 728 1990 nec
767 1954 998 1993 secundum
1038 1955 1231 1994 locorum
1274 1958 1492 2019 vocabula,

76 2028 119 2068 in
163 2027 315 2084 quibus
360 2027 588 2083 imperant,
634 2027 915 2070 nominantur.
992 2030 1115 2070 Unde
1162 2043 1201 2072 et
1245 2034 1491 2087 Apostolus,

77 2104 192 2161 quasi
234 2121 320 2145 non
363 2105 414 2144 de
456 2104 697 2145 hominibus
739 2105 972 2161 disputans,
1018 2107 1094 2146 ait:
1139 2108 1422 2163 „sapientiam
1447 2110 1490 2166 4)

77 2181 188 2221 enim
217 2181 435 2237 loquimur
462 2182 571 2223 inter
598 2183 829 2238 perfectos,
859 2183 1105 2239 sapientiam
1135 2196 1274 2225 autem
1306 2202 1391 2226 non
1418 2189 1495 2227 hu-

74 2257 137 2314 jus
166 2258 343 2308 saeculi,
372 2275 510 2315 neque
539 2259 781 2315 principum
809 2260 965 2300 saeculi
995 2260 1134 2312 istius,
1172 2261 1243 2318 qui
1275 2263 1493 2304 destruun-

77 2345 165 2383 tur,
193 2336 268 2375 sed
297 2336 513 2391 loquimur
539 2336 624 2377 Dei
653 2328 900 2392 sapientiam
932 2337 972 2377 in
1003 2339 1202 2395 mysterio
1234 2341 1490 2390 absconsam,

78 2426 202 2465 quam
230 2413 552 2466 praedestinavit
568 2415 683 2454 Deus
715 2425 808 2454 ante
833 2415 997 2455 saecula
1022 2414 1065 2455 in
1090 2416 1266 2467 gloriam
1292 2429 1491 2467 nostram,

77 2503 204 2542 quam
238 2487 379 2528 nullus
417 2490 655 2546 principum
693 2490 847 2532 saeculi
885 2491 1002 2532 istius
1035 2493 1242 2545 cognovit.
1304 2494 1350 2535 Si
1381 2495 1491 2535 enim

78 2563 389 2615 cognovissent,
432 2583 641 2622 nunquam
679 2567 913 2609 Dominum
952 2569 1109 2622 gloriae
1153 2570 1491 2613 crucifixissent.“

77 2639 133 2680 Et
170 2641 286 2696 quod
325 2640 441 2682 istius
482 2644 636 2684 saeculi
665 2645 876 2701 principes
908 2646 1201 2687 crucifixerunt
1230 2647 1490 2689 salvatorem

196 2802 234 2856 ¹)
265 2801 372 2842 Edd.
405 2802 596 2842 Merlini:
629 2804 818 2845 nutritus.
861 2779 863 2781 ¹
941 2807 983 2863 2)
1014 2807 1138 2847 Rom.
1170 2807 1226 2855 11,
1259 2806 1320 2849 10.

195 2871 238 2924 3)
268 2871 377 2912 Edd.
410 2872 607 2914 Merlini:
639 2873 749 2914 illae.
869 2878 910 2933 ⁴)
940 2879 959 2918 Ῑ
980 2877 1077 2919 Cor.
1112 2878 1166 2924 II,
1196 2875 1234 2918 6.
1266 2876 1301 2918 7.
1332 2876 1368 2917 8.

81 2946 300 2991 OfflGENJs
326 2948 495 2992 OPERA.
541 2950 790 2993 Tom.XlV.
1140 2953 1186 2994 ll
