1759 3134
221 132 304 177 362
516 127 735 170 Ome-‚ems
765 141 807 169 m
840 127 1019 168 Clam-tc.
1054 126 1353 168 CAmlcome

223 244 400 300 Suscepi
440 241 551 283 enim
589 241 630 282 in
669 257 738 282 me
777 240 912 282 filium
941 239 1046 289 Dei,
1084 239 1227 295 recepi
1267 240 1441 280 verbum
1473 257 1638 283 carnem

221 325 391 365 factum.
451 318 619 361 Accessi
650 319 699 360 ad
731 335 840 369 eum,
872 316 944 374 qui
971 327 1033 357 est
1048 315 1184 369 imago
1207 316 1304 367 Dei,
1335 317 1640 373 primogenitus

221 399 357 443 omnis
389 408 621 447 creaturae,
662 408 702 438 et
743 395 814 453 qui
846 407 905 436 est
935 394 1137 451 splendor
1167 393 1206 451 ¹)
1237 394 1396 447 gloriae
1429 407 1470 437 et
1499 396 1639 449 fulgor

219 476 471 521 substantiae
511 473 622 533 ejus,
664 486 705 516 et
741 476 849 515 facta
887 490 979 515 sum
1022 473 1219 513 formosa.
1294 472 1362 514 Tu
1401 489 1498 526 ergo
1538 474 1640 530 quid

221 558 481 614 improperas
513 552 775 596 convertenti
803 569 846 594 se
877 569 899 592 a
929 561 1127 608 peccam,
1167 551 1283 607 quod
1322 550 1467 608 utique
1492 552 1535 607 ²)
1575 551 1640 592 lex

220 634 312 678 fieri
341 632 482 676 vetat?
539 632 595 673 Et
625 631 843 688 quomodo
875 642 921 672 tu
941 628 1132 683 gloriaris
1154 627 1198 669 in
1219 629 1326 682 lege,
1354 628 1642 685 praevaricans

220 711 385 766 legem?
443 712 603 753 Verum
629 708 827 764 quoniam
857 708 900 750 in
930 708 992 749 his
1023 707 1128 749 locis
1160 723 1316 757 sumus,
1346 706 1419 749 ubi
1453 706 1641 756 ecclesia,

221 807 326 848 quae
358 806 405 831 ex
437 787 626 842 gentibus
658 785 783 837 venit,
812 785 972 840 nigram
1000 802 1043 827 se
1076 800 1162 826 esse
1195 782 1298 826 dicit
1328 795 1369 826 et
1397 785 1642 834 formosam,

219 867 409 926 quamvis
439 867 612 919 longum
643 864 833 906 videatur
865 880 952 906 esse
984 875 1025 905 et
1065 879 1316 920 operosum,
1356 862 1556 916 colligere
1596 879 1643 904 ex

218 944 435 1002 scripturis
465 942 638 993 divinis,
680 942 724 984 in
757 941 907 998 quibus
939 943 1005 983 vel
1037 941 1216 999 qualiter
1244 941 1492 982 sacramenti
1523 939 1645 998 hujus

218 1025 357 1065 forma
390 1019 682 1079 praecesserit:
721 1031 862 1061 tamen
898 1036 985 1061 non
1025 1019 1129 1060 mihi
1159 1018 1328 1075 penitus
1360 1019 1644 1061 omittendum

218 1101 397 1151 videtur,
423 1099 496 1140 sed
511 1098 554 1154 ³)
578 1113 702 1153 quam
726 1097 917 1152 potuerit
931 1096 1116 1138 breviter
1132 1097 1467 1140 memorandum.
1495 1096 1641 1139 Primo

216 1195 313 1232 ergo
333 1178 376 1219 in
397 1177 687 1219 Numerorum
707 1173 818 1215 libro
840 1174 893 1215 de
914 1173 1183 1230 Aethiopissa
1204 1173 1262 1215 ita
1278 1173 1482 1230 scriptum
1503 1186 1563 1216 est
1579 1174 1618 1230 ο)
1635 1193 1641 1215 ;

214 1267 293 1307 „et
317 1255 359 1311 ⁵)
390 1253 532 1296 locuta
565 1264 626 1294 est
655 1251 791 1294 Maria
820 1252 874 1293 ad
905 1252 1069 1300 Aaron,
1113 1262 1155 1291 et
1194 1240 1506 1304 derogaverunt
1530 1252 1645 1294 Mosi

213 1343 392 1391 propter
422 1330 646 1373 mulierem
666 1328 996 1386 Aethiopissam,
1028 1345 1154 1384 quam
1186 1330 1349 1385 accepit
1381 1346 1570 1380 uxorem,
1603 1342 1643 1371 et

215 1411 429 1453 dixerunt:
461 1408 668 1465 numquid
687 1407 804 1449 Mosi
834 1406 917 1448 soli
942 1407 1109 1447 locutus
1127 1418 1188 1447 est
1206 1406 1448 1449 Dominus?
1489 1409 1642 1449 Nonne

215 1501 257 1530 et
286 1487 409 1529 nobis
441 1487 608 1528 locutus
641 1485 762 1527 est?“
822 1484 878 1525 Et
902 1485 943 1539 ⁵)
977 1484 1130 1525 iterum
1163 1483 1204 1525 in
1236 1484 1362 1526 tertio
1399 1486 1643 1539 Regnorum

218 1567 328 1608 libro
360 1564 566 1621 scriptum
601 1575 663 1605 est
695 1564 746 1604 de
777 1562 937 1616 Regina
971 1561 1103 1612 Saba,
1152 1561 1248 1618 quia
1278 1562 1391 1604 venit
1427 1579 1450 1605 a
1490 1564 1643 1606 finibus

213 1657 350 1686 terrae
381 1642 526 1684 audire
560 1640 810 1697 sapientiam
826 1639 1092 1689 Salomonis,
1123 1640 1206 1680 hoc
1230 1642 1385 1682 modo:
1418 1642 1643 1698 ‚,regina⁷)

215 1723 325 1765 Saba
365 1719 527 1762 audivit
566 1735 725 1760 nomen
764 1716 1030 1767 Salomonis,
1079 1729 1120 1758 et
1159 1734 1316 1760 nomen
1354 1719 1558 1770 Domini,
1605 1732 1645 1761 et

212 1799 327 1842 venit
364 1809 524 1840 tentare
565 1814 662 1838 eum
702 1796 745 1838 in
784 1796 1022 1853 paraboli53
1069 1807 1110 1837 et
1147 1796 1261 1837 venit
1298 1796 1340 1838 in
1379 1797 1644 1840 Hierusalem

212 1879 254 1921 in
294 1877 447 1919 virtute
486 1892 633 1929 magna
679 1875 801 1916 valde
826 1875 894 1930 ⁸):
941 1886 982 1916 et
1029 1875 1180 1916 cameli
1226 1885 1442 1931 portantes
1493 1877 1644 1918 odora-

212 1968 374 2006 menta,
413 1966 454 1997 et
492 1970 641 1996 aurum
670 1953 855 1995 multum
895 1953 1042 2003 valde,
1088 1964 1129 1994 et
1168 1952 1355 2009 lapidem
1393 1953 1639 2010 pretiosum.

210 2034 268 2076 Et
305 2033 485 2087 ingressa
525 2044 586 2074 est
626 2033 679 2073 ad
709 2032 1008 2082 Salomonem,
1058 2041 1099 2072 et
1138 2031 1281 2073 locuta
1320 2043 1382 2073 est
1423 2032 1462 2074 ei
1502 2033 1641 2074 omnia

214 2112 353 2161 verba,
384 2127 490 2167 quae
522 2122 638 2152 erant
668 2109 711 2151 in
743 2110 871 2150 corde
903 2125 1006 2161 suo;
1042 2120 1084 2150 et
1117 2109 1348 2151 enuntiavit
1379 2109 1418 2150 ei
1435 2110 1640 2152 Salomon

215 2188 357 2232 omnia
386 2189 513 2228 verba
545 2187 656 2244 ejus,
687 2199 728 2229 et
751 2203 838 2230 non
862 2187 944 2228 fuit
971 2187 1170 2238 verbum,
1202 2188 1318 2243 quod
1342 2187 1528 2229 amiserit
1556 2206 1641 2240 rex,

333 2399 373 2456 ¹)
403 2393 512 2440 Edd.
544 2394 742 2440 Merlini:
773 2395 979 2451 splendor
1010 2407 1051 2437 et
1080 2396 1214 2450 gloria
1244 2409 1285 2440 et
1313 2398 1458 2452 fulgor
1486 2410 1565 2441 etc.

329 2471 373 2527 ²)
401 2471 536 2512 Deest
564 2466 780 2525 ‚‚utique“
812 2466 854 2508 in
886 2467 980 2509 edd.
1011 2467 1071 2509 Μ.

329 2542 374 2599 3)
403 2540 514 2582 Edd.
547 2537 744 2581 Merlini:
773 2539 849 2580 sed
879 2548 1082 2595 quantum
1112 2551 1265 2596 potero
1295 2539 1489 2584 breviter.

329 2612 375 2667 ⁴¹)
406 2610 683 2653 Desideratur
711 2615 846 2661 „est“
876 2608 920 2651 in
950 2610 1015 2652 ed.
1048 2610 1194 2653 Ruaei.

330 2681 373 2739 ⁵)
403 2683 532 2724 Num.
561 2680 662 2732 XII,
694 2679 732 2724 1.
761 2679 801 2724 2.

329 2752 374 2809 6)
403 2753 537 2795 Deest
566 2751 691 2803 ‚,Et“
720 2749 764 2792 in
795 2751 889 2794 edd.
920 2751 981 2795 M.

331 2824 372 2880 ⁷)
406 2824 427 2865 Ι
456 2824 585 2876 Regg.
614 2822 670 2872 X,
702 2822 867 2868 1-10,

331 2894 376 2952 8)
405 2893 514 2936 Edd.
545 2892 740 2936 Merlini:
771 2894 908 2937 valde.
968 2892 1132 2938 Cameli
1160 2904 1377 2951 portantes
1407 2905 1484 2937 etc.
