1759 3134
238 144 324 191 298
538 142 760 185 Omcflms
789 155 836 184 IN
868 143 1050 186 emme.
1085 143 1387 186 CANTmORUM

240 259 474 313 „Dilexiw
502 257 647 314 posuit
675 274 778 314 pro:
808 257 1029 300 adamavit.
1089 257 1180 307 „Et
1205 257 1244 313 ¹)
1274 257 1575 309 tribulabatur,
1606 260 1667 302 iu-

238 338 351 395 quit,
389 337 561 378 Amnon
590 335 648 377 ita
671 336 738 393 ²),
776 349 822 377 ut
862 336 1144 377 infirmaretur
1181 347 1359 391 propter
1388 335 1571 378 Thamar
1599 353 1664 379 so-

238 432 381 460 rorem
418 430 557 456 suam:
598 413 797 472 quoniam
836 414 952 467 virgo
997 424 1105 463 erat,
1148 423 1189 455 ct
1218 429 1341 466 grave
1372 413 1594 457 videbatur
1623 415 1665 457 in

236 493 375 536 oculis
404 494 589 544 Amnon,
621 493 759 534 facere
792 492 829 533 ei
859 491 1061 548 aliquid.“
1118 491 1175 532 Et
1205 503 1303 548 post
1332 508 1465 548 pauca
1496 493 1548 533 de
1574 492 1665 534 vio-

239 571 382 623 lentia,
416 588 541 629 quam
570 570 715 613 intulit
744 572 915 611 Amnon
945 570 1129 611 Thamar
1158 569 1296 610 sorori
1325 586 1446 621 suae,
1474 571 1534 612 ita
1564 570 1666 612 dicit

237 651 480 707 Scriptura:
523 661 600 701 „ct
624 649 667 704 3)
704 648 844 690 noluit
872 649 1044 689 Amnon
1083 647 1228 690 audire
1258 664 1409 690 vocem
1442 648 1550 708 ejus,
1590 649 1663 690 sed

236 728 416 772 invaluit
454 743 581 785 super
612 743 724 777 eam,
765 738 805 768 et
835 726 1072 768 humiliavit
1107 742 1220 775 eam,
1265 737 1307 767 et
1337 726 1539 768 dormivit
1570 743 1665 769 curn

235 824 296 850 ea.
356 807 413 849 Et
452 805 588 848 odivit
625 821 716 847 eam
757 804 857 846 odio
891 807 1061 846 Amnon
1090 820 1242 857 magno
1278 804 1423 845 valde:
1464 803 1664 862 quoniam

234 884 369 944 majus
401 896 489 927 erat
519 883 688 934 odium,
729 900 812 941 quo
846 884 994 925 oderat
1026 899 1138 935 eam,
1179 899 1304 940 quam
1347 882 1546 934 dilectio,
1585 900 1667 940 qua

237 964 443 1007 dilexerat
473 968 606 1004 eam.“
664 962 720 1003 Et
750 961 792 1003 in
825 961 888 1003 his
920 977 1040 1015 crgo,
1073 972 1115 1003 et
1143 960 1187 1002 in
1215 960 1409 1017 pluribus
1439 961 1530 1002 aliis
1560 961 1667 1003 locis

234 1041 446 1093 invenies,
482 1040 736 1097 scripturam
766 1040 951 1082 divinam
980 1039 1180 1091 refugisse
1210 1039 1365 1081 amoris
1395 1039 1665 1091 vocabulum,

232 1133 275 1164 et
308 1119 489 1163 caritatis
521 1118 847 1175 dilectionisque
877 1118 1081 1174 posuisse.
1142 1118 1385 1168 Interdum,
1424 1116 1525 1158 licet
1552 1134 1663 1168 raro,

228 1199 408 1256 proprio
449 1209 592 1238 tamen
634 1195 845 1236 vocabulo
887 1210 1077 1236 amorem
1110 1194 1326 1244 nominat,
1365 1206 1406 1235 et
1434 1193 1584 1236 invitat
1612 1196 1664 1236 ad

231 1293 331 1318 eum
371 1287 496 1332 atque
539 1273 685 1316 incitat
715 1272 895 1323 animas,
935 1283 983 1314 ut
1023 1289 1116 1314 cum
1149 1272 1252 1314 dicit
1274 1272 1318 1329 ⁴²)
1348 1271 1390 1312 in
1421 1271 1664 1315 Proverbiis

229 1353 284 1395 de
323 1351 550 1409 sapientia:
595 1353 779 1404 „adama
802 1352 848 1407 5)
892 1367 1007 1401 eam,
1047 1362 1089 1392 et
1127 1350 1310 1392 servabit
1347 1361 1410 1392 te:
1451 1349 1664 1393 circumda

228 1448 346 1482 eam,
386 1442 429 1472 ct
469 1430 666 1472 exaltabit
705 1442 770 1472 te:
810 1430 974 1471 honora
1011 1445 1124 1479 eam,
1166 1441 1206 1470 et
1244 1429 1556 1485 complectetur
1582 1435 1664 1473 te.“

229 1512 320 1555 Sed
351 1521 393 1550 et
421 1508 465 1550 in
497 1526 548 1550 eo
580 1508 753 1558 libello,
786 1507 858 1565 qui
888 1507 1043 1549 dicitur
1070 1506 1275 1563 sapientia
1303 1507 1571 1558 Salomonis,
1608 1507 1664 1549 ita

228 1588 437 1645 scriptum
468 1598 529 1627 est
561 1587 612 1629 de
639 1586 684 1643 6)
715 1587 804 1643 ipsa
833 1584 1059 1642 sapientia:
1099 1597 1301 1636 „amator
1328 1586 1368 1642 7)
1406 1586 1540 1627 factus
1570 1603 1661 1627 sum

228 1665 396 1709 decoris
428 1664 557 1723 ejus.“
616 1664 816 1706 Arbitror
846 1675 1010 1714 autem,
1047 1665 1163 1720 quod
1186 1664 1244 1720 ⁵),
1273 1663 1348 1705 ubi
1376 1664 1494 1705 nulla
1523 1665 1662 1721 lapsus

226 1745 451 1787 videbatur
475 1742 659 1794 occasio,
686 1743 747 1785 ibi
770 1754 934 1785 tantum
955 1758 1113 1784 nomen
1140 1741 1295 1784 amoris
1314 1741 1501 1784 inseruit.
1544 1742 1661 1797 Quid

226 1823 343 1866 enim
371 1821 595 1879 passibile,
635 1834 706 1864 aut
744 1821 847 1878 quid
885 1821 1137 1863 indecorum
1171 1820 1307 1878 possit
1335 1820 1486 1877 aliquis
1516 1821 1662 1864 adver-

225 1915 315 1945 tere
355 1901 398 1944 in
438 1917 583 1943 amore
623 1900 875 1958 sapientiae,
923 1900 990 1941 vel
1032 1900 1073 1941 in
1114 1916 1189 1951 eo,
1236 1899 1309 1957 qui
1345 1915 1389 1941 se
1429 1911 1659 1942 amatorem

223 1981 477 2039 profiteatur
507 1996 595 2021 esse
625 1978 884 2035 sapientiae?
941 1979 1050 2020 Nam
1080 1979 1114 2020 si
1145 1978 1335 2028 dixisset,
1367 1977 1465 2035 quia
1493 1979 1658 2021 adama-

224 2060 286 2101 vit
313 2059 385 2100 vel
413 2059 528 2100 Isaac
559 2059 821 2108 Rebeccam,
862 2057 931 2099 vel
960 2057 1096 2098 Jacob
1125 2056 1310 2107 Rachel,
1339 2056 1478 2113 passio
1509 2056 1657 2115 utiquc

223 2137 366 2194 aliqua
394 2136 596 2178 indecora
624 2152 702 2192 per
733 2136 837 2177 haec
867 2136 996 2176 verba
1025 2151 1122 2188 erga
1152 2146 1318 2177 sanctos
1347 2134 1432 2176 Dei
1462 2135 1655 2179 homines

222 2215 433 2273 potuisset
469 2213 671 2267 intelligi,
713 2215 827 2270 apud
865 2230 938 2255 cos
975 2212 1227 2270 praecipue,
1268 2213 1339 2270 qui
1378 2214 1591 2266 nesciunt,
1631 2233 1653 2258 a

224 2293 348 2336 litera
376 2292 661 2335 conscendere
692 2293 744 2334 ad
774 2291 982 2349 spiritum.
1031 2291 1309 2348 Apertissime
1339 2304 1480 2336 autem
1506 2293 1549 2336 in
1572 2294 1654 2338 hoc

344 2493 388 2548 ¹)
419 2493 463 2533 II
486 2491 601 2534 Sam.
631 2492 755 2542 XIII,
784 2490 825 2535 2.
857 2492 924 2547 (II
940 2491 1094 2547 Regg.)

338 2563 382 2620 ²)
412 2563 546 2604 Deest
576 2563 702 2614 „ita“
732 2562 776 2603 in
807 2563 900 2604 edd.
933 2563 993 2605 M.

337 2634 382 2691 3)
412 2634 456 2674 II
478 2634 589 2676 Sam.
619 2634 742 2683 XIII,
774 2631 839 2677 14.
872 2632 937 2678 15.
971 2634 1035 2690 (ΙΙ
1056 2635 1206 2692 chg.)

337 2704 385 2761 ⁴)
414 2704 525 2747 Edd.
554 2703 748 2746 Merlini:
781 2703 895 2745 dixit.
1016 2706 1062 2759 5)
1095 2706 1181 2749 Cfr.
1213 2707 1340 2752 Prov.
1372 2708 1446 2762 IV,
1477 2709 1515 2754 6.
1545 2709 1586 2754 8.

338 2775 381 2832 ⁶)
410 2774 520 2816 Edd.
551 2773 748 2816 Merlini:
780 2775 832 2816 de
863 2774 1065 2833 sapientia
1095 2776 1199 2834 ipsa.

341 2846 386 2903 ⁷)
416 2846 514 2902 Sap.
546 2845 631 2888 Sal.
662 2845 782 2895 VIII,
811 2845 851 2888 2.

339 2915 384 2974 8)
415 2915 549 2959 Deest
578 2915 770 2973 „quod“
799 2915 844 2959 in
875 2918 970 2960 edd.
1001 2918 1061 2961 M.
