1759 3134
649 121 847 162 HOMILIA
881 119 954 161 III.
1456 122 1510 164 45

92 233 306 290 consequi,
341 248 446 289 quae
476 249 499 273 a
527 234 624 274 Deo
654 244 749 273 sunt
778 231 1042 287 repromissa.
1094 233 1202 275 Cum
1233 249 1330 287 ergo
1363 234 1510 290 aliquis

91 323 210 367 aptus
251 311 440 351 moribus
479 310 653 365 populi,
691 320 737 348 ut
774 309 938 363 placeat
976 308 1046 359 iis,
1086 311 1234 366 quibus
1265 326 1382 351 aures
1412 327 1511 366 pru-

92 388 226 438 riunt,
275 387 465 443 loquitur
505 402 608 442 quae
649 397 856 437 gratanter
895 386 1123 441 accipiant,
1172 386 1362 442 loquitur
1406 402 1510 442 quae

91 465 226 505 vicina
255 477 351 506 sunt
380 462 611 519 voluptati:
641 462 735 502 talis
765 463 960 514 magister
991 463 1156 504 consuit
1186 464 1405 504 cervicalia
1433 465 1510 505 sub

92 542 208 582 omni
247 542 388 582 cubito
429 557 586 580 manus.
659 539 859 594 Sequitur
895 542 976 581 hoc
1015 551 1236 597 peccatum
1273 541 1511 592 habentem,

90 631 137 659 ut
165 620 291 659 faciat
321 618 445 659 etiam
475 616 650 656 amictus
681 617 733 656 ad
766 618 991 658 velandum
1023 629 1147 673 caput
1179 618 1312 658 omnis
1354 619 1508 659 aetatis.

92 696 220 753 Cujus
258 708 397 736 autem
435 693 496 734 rei
526 694 656 745 figura
687 693 739 733 sit
770 694 895 734 etiam
924 694 1140 744 velamen,
1185 694 1342 735 cautius
1376 695 1510 735 consi-

90 775 295 814 deremus.
357 770 444 825 Qui
481 771 679 811 fiduciam
717 771 862 821 habet,
905 783 944 812 et
975 788 1072 812 vere
1103 771 1167 812 vir
1198 783 1279 822 est,
1318 772 1509 812 velamen

88 868 175 891 non
204 851 329 890 habet
357 864 484 903 super
515 860 639 903 caput
672 865 807 898 suum,
837 850 912 888 sed
941 849 1098 889 intecto
1132 849 1268 904 capite
1300 861 1390 889 orat
1418 850 1511 889 Do-

87 927 269 975 minum,
307 926 465 965 intecto
499 925 633 980 capite
672 926 920 981 prophetat,
959 942 1037 981 per
1073 926 1237 978 signum
1279 927 1510 981 corporalis

86 1004 149 1045 rei
187 1004 314 1044 etiam
353 1001 614 1057 spiritualem
660 1002 839 1043 latenter
885 1004 1130 1053 ostendens,
1174 1015 1242 1053 ut,
1290 1005 1508 1060 quomodo

85 1098 172 1122 non
210 1082 336 1121 habet
375 1079 567 1120 velamen
603 1096 732 1134 super
763 1091 887 1135 caput
918 1079 1049 1120 carnis
1080 1096 1198 1131 suae,
1238 1080 1295 1121 ita
1324 1098 1411 1121 non
1441 1082 1512 1121 ha—

87 1160 184 1198 heat
213 1159 251 1214 ¹)
295 1157 487 1197 velamen
532 1172 658 1212 super
701 1156 936 1212 principale
983 1158 1121 1198 cordis
1166 1157 1242 1198 sui.
1323 1158 1370 1199 Si
1417 1158 1507 1214 quis

88 1251 189 1275 vero
222 1233 479 1274 confusionis
510 1234 704 1273 velamen
732 1233 838 1284 gerit
870 1245 910 1274 et
938 1234 1123 1290 peccati,
1161 1234 1239 1275 iste
1272 1235 1387 1291 (suasi
1418 1253 1510 1277 mu—

88 1311 238 1352 liebria
276 1310 484 1351 velamina
520 1311 646 1351 habet
683 1326 811 1365 super
853 1322 977 1366 caput
1016 1328 1150 1353 suum.
1224 1314 1371 1368 Itaque
1413 1330 1509 1353 cum

87 1388 237 1443 aliquis
268 1387 459 1427 docuerit
489 1403 549 1436 ea,
581 1403 686 1442 quae
717 1402 860 1427 aurem
890 1388 1043 1442 populi
1072 1389 1298 1438 mulceant,
1331 1401 1372 1429 et
1401 1401 1506 1430 stre-

86 1465 224 1520 pitum
266 1464 409 1519 potius
456 1463 743 1513 laudatorum,
790 1480 915 1519 quam
957 1464 1160 1516 gemitum
1202 1477 1423 1516 moveant,
1474 1465 1509 1506 si

84 1542 260 1582 blandus
290 1540 484 1581 inimicus
514 1540 749 1596 palpaverit
778 1541 933 1596 potius,
966 1559 1091 1597 quam
1120 1542 1300 1584 secuerit
1323 1543 1509 1593 vulnera,

84 1618 179 1659 talis
218 1619 348 1658 homo
390 1618 565 1659 amictus
606 1618 792 1659 contexit
828 1619 872 1659 in
914 1619 1062 1674 capite.
1140 1620 1248 1661 Cum
1286 1631 1427 1660 autem
1466 1619 1508 1659 in

87 1694 344 1735 luxuriosam
390 1695 625 1735 orationem
670 1694 846 1735 dicentis
894 1711 936 1734 se
974 1711 1112 1735 sermo
1159 1695 1340 1744 fuderit,
1387 1707 1428 1735 et
1464 1695 1507 1735 in

88 1772 286 1824 lascivum
327 1771 622 1827 persultaverit
663 1771 905 1826 eloquium,
946 1772 1130 1812 contexit
1161 1773 1351 1813 velamen
1381 1788 1507 1828 super

89 1861 214 1904 caput
257 1848 392 1889 omnis
436 1847 601 1897 aetatis,
644 1864 732 1888 non
772 1849 903 1889 modo
943 1865 1176 1904 puerorum
1216 1861 1257 1890 et
1293 1849 1506 1907 juvenum,

86 1942 233 1965 verum
273 1937 313 1965 et
352 1941 510 1966 senum.
582 1923 817 1977 Quomodo
859 1924 973 1965 enim
1010 1925 1138 1966 faciet
1175 1926 1290 1978 signa
1329 1938 1371 1966 et
1408 1943 1508 1981 por—

86 2013 200 2042 tenta
229 2002 282 2042 ad
313 2001 607 2056 decipiendos,
646 2001 681 2041 si
710 2001 803 2041 fieri
832 2013 996 2057 potest,
1036 2003 1162 2043 etiam
1193 2003 1349 2043 electos
1380 2003 1507 2043 falsus

87 2078 288 2128 Christus,
320 2089 361 2118 et
389 2078 517 2119 falsus
546 2078 774 2134 propheta:
806 2078 1002 2119 similiter
1035 2090 1076 2119 et
1104 2079 1170 2130 hi,
1203 2079 1274 2135 qui
1303 2080 1356 2119 ad
1388 2080 1508 2119 volu-

85 2166 245 2210 ptatem
269 2155 311 2210 2)
348 2156 548 2195 meditata
586 2155 832 2210 deportant,
875 2167 916 2196 et
954 2155 1030 2196 ista
1069 2172 1238 2212 semper
1276 2156 1507 2212 inquirunt,

87 2246 192 2285 quae
224 2231 435 2272 delectent
462 2231 604 2287 potius
635 2231 863 2283 audientes,
896 2249 1020 2288 quam
1052 2245 1298 2274 convertant
1330 2249 1352 2273 a
1381 2233 1505 2283 vitiis,

86 2307 246 2348 faciunt
275 2308 482 2349 velamina
511 2325 638 2365 super
669 2322 793 2366 caput
821 2326 910 2350 non
939 2311 1068 2350 modo
1100 2326 1334 2366 puerorum
1375 2322 1415 2350 et
1443 2310 1506 2368 ju-

88 2399 263 2435 venum,
300 2385 393 2435 sed,
432 2385 466 2425 si
495 2386 588 2426 fieri
616 2399 781 2442 potest,
819 2404 966 2428 senum
996 2404 1165 2444 quoque
1197 2399 1239 2427 et
1267 2399 1433 2442 patrum
1464 2387 1506 2427 in

88 2471 263 2510 tantum,
292 2473 340 2501 ut
372 2462 499 2502 etiam
524 2479 595 2503 eos
622 2464 844 2520 decipiant,
876 2464 947 2520 qui
976 2464 1090 2522 juxta
1122 2465 1314 2505 laborem
1344 2466 1505 2504 animae

87 2537 131 2577 in
169 2537 376 2593 spirituali
406 2550 538 2579 aetate
568 2551 612 2580 et
642 2541 758 2582 senio
790 2553 1098 2598 processerunt.
1157 2541 1213 2581 Et
1242 2541 1383 2596 potuit
1416 2540 1506 2596 qui-

87 2614 185 2654 dem
226 2613 364 2655 dicere
401 2617 630 2671 propheta:
669 2635 795 2674 super
832 2618 944 2660 filios
984 2617 1139 2675 populi
1169 2618 1254 2670 tui,
1293 2618 1364 2675 qui
1405 2635 1505 2674 pro-

204 2774 245 2829 ¹)
275 2774 384 2815 Edd.
417 2776 610 2818 Merlini:
640 2778 777 2818 habet.

201 2842 244 2898 2)
275 2843 383 2887 Edd.
414 2846 608 2889 Merlini:
640 2848 913 2890 voluntatem.
