1759 3134
239 132 323 178 332
530 131 749 172 Omoemus
780 142 824 172 ιΝ
857 131 1038 172 CANTm.
1070 130 1370 174 CAercomm

238 247 357 290 novit
396 262 479 303 quo
519 256 738 301 ternpore,
783 243 850 285 cui
891 243 1076 294 animae,
1114 261 1220 301 quae
1259 245 1402 287 oscula
1441 248 1560 289 verbi
1598 251 1658 292 sui

237 325 454 384 porrigere
484 323 526 365 in
557 319 841 365 intellectibus
873 323 1070 364 duntaxat
1095 335 1143 384 pt
1173 323 1358 365 sensibus
1390 324 1551 367 debeat.

350 401 493 459 „Quia
516 402 559 460 ¹)
589 402 701 443 bona
729 412 825 443 sunt
854 401 984 442 ubera
1013 410 1084 440 tua
1117 415 1243 457 super
1272 401 1439 452 vinum,
1479 413 1521 443 et
1551 404 1659 445 odor

236 493 546 537 unguentorum
584 491 756 521 tuorum
796 495 922 535 super
968 477 1109 520 omnia
1153 483 1389 520 aromata.“
1464 480 1658 533 Intellige

234 559 351 617 prius
383 558 499 617 quasi
529 558 572 601 in
603 557 799 600 historiae
832 558 1014 599 dramate
1035 572 1234 612 sponsam
1255 555 1426 598 elevatis
1446 557 1498 598 ad
1514 558 1658 600 Deum

234 637 428 680 manibus
463 637 700 680 orationem
733 635 888 677 fudisse
919 636 972 677 ad
1003 646 1188 691 patrem,
1229 645 1272 676 et
1301 650 1464 686 orasse,
1496 647 1544 677 ut
1573 634 1657 693 jam

233 716 396 758 veniret
425 716 478 757 ad
510 732 602 759 eam
634 730 834 772 sponsuS,
873 724 915 754 et
954 713 1044 770 ipse
1086 712 1125 754 ei
1157 712 1350 754 osculum
1377 712 1544 770 proprii
1574 713 1658 755 oris

233 795 485 837 infunderet.
543 794 746 851 Dumque
777 793 879 834 haec
911 802 1050 833 oraret
1081 791 1132 832 ad
1162 800 1340 846 patrem,
1371 788 1414 831 in
1443 789 1533 847 ipsa
1565 807 1657 833 ora-

230 871 371 923 tione,
410 888 491 930 qua
523 871 646 913 dixit:
687 869 940 922 „osculetur
961 868 1003 925 2)
1044 885 1112 910 me
1154 868 1206 909 ab
1238 867 1385 910 osculo
1419 867 1503 909 oris
1532 867 1656 909 sui:“

229 960 349 1007 parat
371 949 413 1007 ³)
446 948 572 991 etiam
602 948 684 991 alia
714 945 916 990 orationis
949 948 1077 988 verba
1106 944 1379 1004 subjungere,
1423 961 1470 986 ac
1501 944 1656 996 dicere,

231 1027 329 1086 quia
356 1025 401 1069 in
429 1027 512 1069 hoc
541 1025 753 1084 principio
784 1024 990 1067 sermonis
1021 1023 1209 1066 affuisset
1226 1039 1417 1080 sponsuS,
1449 1035 1490 1065 et
1519 1023 1655 1065 oranti

231 1105 270 1147 ei
299 1105 548 1155 adstitisset,
588 1120 635 1145 ac
663 1103 889 1144 revelasset
918 1103 1046 1143 verba
1073 1117 1171 1151 sua,
1200 1100 1424 1157 ipsumque
1453 1117 1656 1158 sponsum

228 1182 449 1237 unguentis
479 1180 692 1232 mirificis,
734 1192 775 1222 et
816 1179 967 1238 quibus
1005 1195 1208 1236 sponsum
1248 1179 1430 1232 fragrare
1469 1179 1657 1231 decebat,

230 1260 467 1304 constitisse
499 1259 748 1301 delibutum.
799 1260 966 1315 Sponsa
983 1274 1099 1309 vero,
1129 1256 1205 1299 ubi
1235 1257 1377 1299 adesse
1410 1255 1516 1297 vidit
1545 1271 1656 1307 eum,

226 1357 306 1398 pro
339 1355 423 1396 quo
455 1340 624 1389 orabat,
664 1349 712 1379 ut
741 1338 925 1388 adesset,
963 1348 1004 1378 et
1033 1335 1172 1377 adhuc
1203 1334 1399 1392 loquenti
1428 1334 1507 1376 sibi
1537 1352 1658 1391 prae-

226 1417 393 1467 stitum,
431 1417 547 1473 quod
580 1417 748 1467 orabat,
786 1432 834 1457 ac
874 1416 969 1457 data
1009 1414 1089 1456 sibi
1128 1415 1180 1455 ab
1220 1413 1314 1470 ipso
1348 1412 1512 1464 oscula,
1552 1430 1657 1470 quae

226 1506 503 1552 poposcerat,
543 1495 649 1535 laeta
680 1510 759 1550 pro
792 1494 874 1534 hoe
904 1492 1092 1543 reddita,
1135 1503 1175 1533 et
1202 1491 1245 1548 ⁴)
1276 1492 1431 1532 decore
1461 1492 1656 1543 uberum,

227 1590 274 1614 ac
304 1572 552 1625 fragrantiae
581 1571 712 1628 ipsius
745 1572 879 1612 odore
908 1582 1125 1627 permota,
1164 1569 1412 1626 propositae
1454 1569 1654 1611 orationis

225 1667 466 1693 sermonem
509 1648 715 1692 convertit
755 1650 808 1690 ad
845 1649 1127 1706 praesentiam
1167 1647 1331 1704 sponsi,
1379 1647 1450 1703 qui
1490 1649 1653 1690 aderat:

226 1741 268 1770 et
300 1745 396 1770 cum
438 1728 627 1770 dixisset:
669 1728 922 1779 „osculetur
946 1726 986 1783 ⁵)
1025 1743 1094 1768 me
1133 1727 1185 1768 ab
1225 1725 1371 1768 osculo
1412 1725 1496 1767 oris
1535 1726 1656 1767 sui:“

226 1807 438 1865 subjungit
467 1818 567 1864 post
596 1807 698 1847 haec
729 1806 781 1846 ad
812 1816 1077 1862 praesentem
1107 1804 1192 1862 jam
1221 1820 1447 1860 sponsum,
1488 1804 1653 1847 dicens:

221 1887 373 1937 „bona
396 1885 438 1942 ⁶)
478 1885 607 1927 ubera
644 1896 716 1926 tua
756 1900 882 1940 super
923 1883 1089 1933 vinum,
1132 1894 1174 1924 et
1204 1883 1314 1924 odor
1343 1895 1654 1936 unguentorum

224 1976 398 2005 tuorum
437 1981 566 2020 super
612 1962 753 2004 omnia
787 1968 1015 2004 aromata.“
1074 1961 1191 2003 Haec
1221 1960 1391 2002 interim
1421 1963 1654 2003 secundum

225 2040 468 2082 historicam
499 2041 834 2096 intelligentiam,
869 2057 993 2099 quam
1025 2039 1223 2081 dramatis
1254 2039 1298 2080 in
1325 2040 1506 2080 modum
1534 2056 1654 2095 prae-

225 2118 405 2160 diximus
434 2130 602 2160 textam.
662 2122 786 2162 Nunc
816 2136 941 2171 vero,
974 2118 1077 2175 quid
1106 2117 1347 2158 intellectus
1376 2116 1554 2158 interior
1583 2118 1653 2159 ha-

224 2197 343 2247 beat,
386 2196 660 2253 requiramus.
734 2197 925 2240 Diversis
970 2195 1188 2238 vocabulis
1230 2195 1467 2252 principale
1514 2196 1651 2238 cordis

223 2274 431 2331 appellari
474 2275 517 2317 in
556 2276 772 2333 scripturis
810 2276 961 2318 divinis
999 2273 1255 2324 invenimus,
1300 2290 1406 2330 quae
1445 2276 1652 2317 vocabula

223 2370 302 2410 pro
335 2353 479 2404 causis,
511 2371 557 2396 ac
587 2355 725 2406 rebus,
757 2356 809 2397 de
841 2354 992 2412 quibus
1022 2353 1170 2408 agitur,
1208 2352 1342 2410 aptari
1373 2353 1521 2395 solent.
1582 2355 1651 2396 In-

342 2565 385 2622 ¹)
417 2564 576 2607 Cantic.
609 2564 643 2614 I,
672 2563 712 2607 2.
744 2564 783 2608 3.
906 2566 948 2622 ²)
981 2565 1142 2611 Cantic.
1173 2567 1207 2617 I,
1236 2567 1274 2610 2.

336 2635 381 2692 ³)
414 2636 524 2678 Edd.
555 2634 752 2678 Merlini:
786 2652 935 2692 parans
967 2636 1093 2678 etiam
1126 2648 1204 2679 etc,

340 2707 383 2762 ⁴)
414 2706 526 2747 Edd.
556 2705 752 2747 Merlini:
794 2719 835 2749 et
870 2725 949 2765 pro
980 2707 1064 2750 hoc
1093 2709 1250 2750 decore
1280 2709 1459 2750 uberum
1489 2724 1536 2749 ac
1566 2719 1641 2750 etc.

340 2776 383 2833 ⁵)
414 2776 572 2818 Cantic.
604 2777 638 2826 I,
668 2776 707 2820 2.

340 2847 382 2900 ⁵)
415 2847 572 2913 Cantic.
603 2847 638 2896 I,
676 2847 715 2890 2.
748 2848 787 2892 3.
827 2876 878 2885 -
918 2852 1085 2896 Desunt
1119 2852 1267 2896 verba:
1306 2869 1468 2910 „super
1506 2852 1647 2897 omnia

224 2911 468 2958 aromata,“
499 2921 543 2949 m
574 2905 668 2951 edd.
703 2905 764 2955 M,
