1759 3134
224 145 309 189 ‚408
507 144 729 185 Omossms
760 156 805 184 ῙΝ
838 142 1018 186 CANT1c.
1053 144 1355 189 CAxrlcole

231 259 444 300 videbitur
475 274 564 298 esse
596 255 868 297 comminatio
909 256 951 297 in
991 273 1085 308 eos,
1127 259 1198 315 qui
1233 277 1404 316 capaces
1446 278 1532 302 esse
1564 280 1661 318 pos-

231 349 327 379 sunt
357 338 409 378 ad
440 335 698 389 agnitionem
729 346 770 375 et
800 335 1042 386 scientiam,
1083 338 1156 377 sed
1186 354 1264 393 per
1295 337 1500 379 desidiam
1530 340 1662 392 negli-

231 427 354 469 gunt:
398 414 439 454 in
472 430 577 470 quos
607 411 831 471 justissima
872 412 1103 466 indignatio
1145 415 1289 471 sponsi
1321 427 1403 466 est,
1445 415 1544 473 quia
1583 417 1661 458 scit

231 492 356 533 unius
394 490 691 545 negligentiam
731 491 880 532 cedere
922 492 974 532 ad
1012 493 1160 533 damna
1191 493 1438 535 multorum.
1499 493 1662 536 Similis

233 569 346 611 enim
377 569 591 611 videbitur
627 568 873 627 hujusmodi
902 568 1061 620 anima,
1102 570 1170 611 vel
1202 570 1287 621 illi,
1331 571 1404 627 qui
1435 583 1659 628 acceptum

232 647 451 689 denarium
481 647 705 689 abscondit
733 647 777 688 in
805 659 974 698 terram,
1004 663 1056 690 ne
1088 647 1196 689 lucri
1228 647 1389 705 aliquid
1424 665 1472 690 ex
1503 665 1554 690 eo
1587 666 1661 707 pe-

233 726 379 768 cuniae
411 726 609 768 dominus
639 726 892 783 acquireret:
934 726 1002 766 vel
1034 724 1121 776 illi,
1164 742 1291 782 quem
1322 726 1525 769 occidisse
1558 727 1661 770 dici-

230 815 299 844 tur
327 804 467 855 Deus,
519 804 591 861 qui
629 781 835 857 malignus
875 815 982 854 erat,
1028 803 1225 859 Onam¹)
1257 804 1325 845 vel
1355 805 1446 846 Her
1483 805 1661 856 scilicet,

232 881 304 937 qui
335 894 506 938 accepta
537 882 698 924 semina
726 881 924 923 scientiae
949 881 1162 932 naturalis,
1192 882 1434 938 posteritati
1453 883 1659 934 invidens,

230 960 519 1015 profundebat
555 960 597 1001 in
627 961 809 1018 terra²)‚
869 961 1064 1002 Pastores
1103 976 1296 1017 quoque,
1336 960 1443 1002 sicut
1486 973 1527 1003 et
1563 973 1658 1003 ante

229 1035 314 1094 jam
346 1037 547 1090 diximus,
587 1038 621 1079 si
660 1038 833 1095 quidem
873 1039 923 1079 ad
963 1037 1186 1079 ecclesiam
1219 1038 1560 1081 comminationis
1591 1039 1660 1082 hie

229 1131 368 1157 sermo
400 1116 461 1166 fit,
491 1115 641 1156 mundi
671 1115 793 1172 hujus
823 1115 1038 1171 principes
1068 1114 1305 1170 accipiendi
1333 1127 1451 1166 sunt,
1492 1117 1561 1158 vel
1592 1116 1658 1159 illi

228 1192 387 1244 angeli,
427 1195 504 1234 sub
543 1209 746 1249 quorum,
768 1209 865 1234 cura
903 1191 1093 1247 reliquae
1131 1204 1272 1245 gentes
1310 1192 1540 1244 habentur,
1571 1193 1659 1235 sive

229 1281 343 1311 sorte
363 1270 406 1311 in
422 1271 518 1321 hoc,
534 1271 621 1312 sive
638 1270 936 1312 secretioribus
955 1270 1085 1311 causis
1106 1269 1358 1326 quibusdam
1381 1270 1597 1313 deductae.
1614 1271 1670 1327 3)-

228 1347 275 1390 Si
297 1365 398 1390 vero
416 1349 468 1390 ad
488 1364 829 1407 unamquamque
847 1348 1030 1390 animam
1051 1347 1324 1389 comminatio
1342 1347 1421 1390 ista
1439 1348 1659 1400 referatur,

227 1443 333 1483 quae
350 1440 484 1469 semet
498 1427 632 1484 ipsam
648 1427 822 1481 negligit
836 1444 1076 1482 agnoscere,
1092 1426 1302 1483 sapientes
1320 1436 1360 1466 et
1376 1425 1563 1478 magistri
1583 1427 1659 1468 hu-

225 1504 289 1562 jus
305 1506 461 1547 saeculi
472 1506 738 1559 intelligendi
753 1517 862 1557 sunt,
878 1507 1078 1547 docentes
1095 1503 1342 1561 sapientiam
1358 1502 1479 1562 hujus
1495 1505 1658 1546 mundi:

227 1594 273 1623 ut
310 1583 351 1624 in
390 1601 553 1626 summa
594 1585 675 1625 hoc
715 1584 1000 1638 intelligatur,
1041 1583 1139 1640 quia
1168 1599 1337 1624 necesse
1369 1593 1431 1624 est
1459 1583 1655 1636 animam,

226 1677 318 1702 eam
348 1662 600 1719 praecipue,
634 1678 740 1719 quae
769 1664 882 1704 bona
913 1673 954 1704 et
987 1662 1166 1718 pulchra
1197 1674 1263 1703 est*
1286 1660 1494 1712 sensibus,
1527 1673 1568 1702 et
1592 1661 1655 1702 in-

224 1740 349 1792 genio
382 1740 581 1794 vigilans,
624 1757 878 1795 cognoscere
909 1752 1043 1783 semet
1080 1739 1236 1796 ipsam,
1278 1751 1320 1781 et
1350 1740 1448 1780 dare
1481 1755 1656 1796 operam

224 1819 276 1858 ad
308 1818 566 1872 agnitionem
603 1819 668 1861 sui
705 1836 784 1876 per
823 1819 1019 1861 exercitia
1061 1818 1301 1869 doctrinae,
1347 1829 1387 1859 et
1426 1819 1564 1860 studia
1594 1820 1658 1861 di-

224 1895 340 1947 vina,
383 1914 430 1938 ac
467 1914 545 1954 per
583 1897 665 1938 hoc
706 1896 770 1950 agi
811 1897 975 1953 Spiritu
1012 1896 1097 1938 Dei
1137 1908 1178 1938 et
1217 1896 1367 1953 spiritu
1399 1898 1652 1953 adoptionis.

223 1975 310 2015 Aut
340 1974 373 2015 si
403 1975 497 2017 talis
529 1977 632 2018 haec
663 1975 801 2017 anima
830 1986 963 2017 semet
993 1974 1128 2031 ipsam
1158 1974 1413 2028 neglexerit,
1454 1988 1495 2017 et
1526 1990 1552 2018 a
1593 1977 1662 2018 di-.

223 2051 328 2093 vinis
371 2054 519 2095 studiis
558 2053 850 2104 declinaverit,
890 2070 1060 2096 necesse
1108 2066 1168 2095 est
1207 2071 1299 2095 eam
1339 2071 1513 2111 operam
1555 2057 1653 2097 dare

221 2131 371 2172 studiis
401 2133 623 2175 mundanis
657 2145 699 2174 et
727 2133 956 2189 sapientiae
987 2133 1157 2183 saeculi,
1191 2144 1231 2172 et
1249 2132 1311 2185 agi
1332 2132 1483 2188 spiritu
1504 2135 1652 2176 mundi

222 2207 344 2266 hujus
381 2209 536 2252 iterum
567 2212 608 2252 in
639 2211 809 2256 timore.
870 2210 1002 2265 Quod
1042 2210 1230 2263 designat
1259 2211 1516 2266 Apostolus,
1556 2230 1652 2254 cum

222 2285 345 2328 dicit:
378 2304 483 2338 „nos
499 2288 540 2344 4)
571 2302 713 2331 autem
741 2306 829 2331 non
859 2289 1058 2345 spiritum
1087 2287 1208 2346 hujus
1228 2289 1378 2330 mundi
1396 2290 1650 2347 accepimus,

220 2365 294 2406 sed
324 2365 539 2422 spiritum,
580 2367 652 2424 qui
684 2380 745 2409 est
783 2385 831 2410 ex
861 2368 1008 2410 Deo.“
1066 2367 1123 2409 Et
1152 2367 1330 2409 iterum:
1374 2370 1554 2426 „non⁵)
1585 2387 1652 2412 ac-

340 2578 379 2634 ¹)
413 2579 522 2622 Edd.
554 2580 747 2631 Merlini,
777 2593 824 2622 ut
855 2581 1035 2633 videtur,
1068 2582 1243 2625 rectius:
1283 2584 1444 2635 „Onan
1475 2586 1650 2640 scilicet,

219 2633 291 2690 qui
305 2640 329 2659 “
363 2647 437 2677 etc.
471 2665 524 2670 —
557 2638 642 2680 Cfr.
675 2638 781 2680 Gen.
813 2639 1061 2681 XXXVIII.

337 2706 378 2762 ²)
410 2707 519 2751 Edd.
551 2709 611 2750 M.
645 2741 668 2760 „
683 2721 852 2751 terram.
867 2716 890 2735 “

333 2775 376 2832 3)
408 2777 526 2820 Libri
557 2779 659 2821 editi
691 2780 748 2837 (v.
783 2798 815 2823 c.
849 2782 942 2825 edd.
970 2782 1076 2839 M.):
1109 2785 1375 2834 ‚‚seductae.“
1413 2786 1512 2828 Mss.
1545 2787 1644 2838 „de-

217 2832 379 2875 ductae.
394 2839 418 2858 “
477 2836 528 2878 R.

335 2904 377 2962 ⁴)
411 2905 552 2950 ICor.
585 2907 642 2957 II,
673 2906 739 2949 12.
862 2907 904 2965 ⁵)
934 2909 1059 2952 Rom.
1093 2911 1213 2962 VIII,
1245 2911 1311 2956 15.
