1759 3134
664 129 862 171 HommA
893 127 987 167 VII.
1461 129 1542 174 103

119 257 282 297 cunque
324 241 432 280 enim
477 252 702 281 nascuntur
730 241 774 281 in
803 239 1111 280 haereticorum
1142 240 1367 290 doctrinis,
1408 252 1450 280 et
1479 241 1538 281 ibi

119 318 219 359 fidei
249 334 344 358 suae
376 317 585 373 principia
613 328 871 366 sumserunt,
910 315 953 355 hi
982 316 1061 356 filii
1092 328 1186 357 sunt
1215 317 1465 358 fornicariae
1495 329 1535 357 et

118 395 360 451 peccatricis
391 395 637 435 Jerusalem.
697 393 786 447 Qui
825 404 965 432 autem
1002 404 1121 433 natus
1161 405 1222 434 est
1261 395 1302 434 in
1346 394 1535 443 ecclesia,

117 485 158 513 et
199 474 399 527 deceptus
438 482 585 526 postea
622 469 749 510 fuerit
790 469 999 511 haeretica
1042 469 1247 519 falsitate,
1294 471 1392 520 iste,
1438 487 1534 511 cum

117 550 229 590 filius
258 549 343 589 Dei
373 548 446 597 sit,
481 547 764 603 apprehensus
793 558 854 588 est
887 564 910 588 a
939 547 1173 603 peccatrice
1203 548 1460 598 Jerusalem,
1493 559 1534 588 et

114 627 277 683 positus
318 625 485 666 victima
521 624 647 664 idolis
686 623 787 682 ejus.
847 625 979 675 „Hoc
1011 625 1050 681 ¹)
1090 640 1216 680 supra
1247 640 1416 664 omnem
1447 625 1533 664 for—

112 703 368 744 nicationem
404 713 538 750 tuam,
577 713 618 742 et
656 701 991 742 abominationes
1028 707 1161 742 tuas.“
1220 700 1356 741 Filios
1397 701 1534 741 eccle-

114 780 198 821 siae
229 780 431 836 accipere,
461 778 683 819 immolare
714 777 854 828 idolis,
886 778 968 818 hoc
997 795 1123 834 supra
1153 795 1279 819 omne
1310 788 1532 833 peccatum

112 870 231 898 tuum
261 868 333 898 est.
393 856 483 906 „Et
506 856 548 911 2)
587 872 673 896 non
710 854 826 896 fuisti
859 872 1025 896 memor
1064 855 1149 896 diei
1187 854 1384 897 infantiae
1422 866 1531 903 tuae,

110 952 206 975 cum
238 950 326 974 eras
355 933 487 982 nuda,
526 944 568 973 et
603 932 785 988 turpiter
814 938 977 984 agem.“
1034 933 1252 974 praefatus
1283 943 1345 973 est
1375 933 1427 972 de
1457 948 1534 971 nu-

111 1011 240 1052 ditate
271 1021 312 1050 et
340 1009 602 1064 turpitudine
631 1010 879 1050 Jerusalem.
939 1009 1146 1065 Oportuit
1178 1015 1276 1063 ergo
1307 1009 1351 1049 in
1374 997 1533 1064 iniqui—

110 1100 193 1129 tate
222 1086 481 1136 meminisse,
522 1088 740 1142 quomodo
772 1103 930 1142 pennas
959 1102 1073 1127 meas
1103 1086 1374 1143 expanderim
1404 1102 1532 1141 super

110 1178 173 1216 te,
206 1177 246 1206 et
276 1163 541 1204 assumserim
571 1175 612 1204 te
644 1165 696 1204 de
726 1164 923 1217 sanguine
952 1175 1041 1213 tuos
1074 1176 1115 1204 et
1144 1164 1319 1204 laverim
1348 1176 1402 1204 te.
1462 1163 1531 1203 Tu

111 1259 210 1283 vero
242 1243 394 1281 horum
426 1239 618 1280 omnium
649 1240 781 1281 oblita
810 1240 939 1281 fuisti.
1000 1241 1128 1290 Haec,
1160 1258 1266 1297 quae
1297 1241 1532 1282 condecent

111 1320 280 1368 nudam,
307 1330 347 1358 et
372 1316 552 1372 turpiter
570 1329 774 1369 agentem,
802 1329 844 1358 et
868 1317 1138 1358 commixtam
1164 1318 1206 1358 in
1224 1318 1421 1371 sanguine
1437 1334 1527 1358 suo.

223 1396 261 1438 6.
307 1394 397 1444 „Et
423 1392 465 1447 ³)
507 1393 666 1432 sactum
700 1404 761 1433 est
788 1406 887 1449 post
917 1410 1062 1435 omnes
1092 1394 1262 1435 militias
1292 1406 1402 1435 tuas:
1442 1410 1530 1443 vae,

109 1489 182 1513 vae
212 1471 303 1521 tibi,
335 1469 436 1510 dicit
452 1468 619 1509 Adonai
648 1469 881 1510 Dominus:
914 1482 955 1511 et
984 1470 1211 1512 aedificasti
1241 1471 1321 1512 tibi
1353 1472 1531 1511 domum

108 1547 408 1596 meretriciam,
442 1556 484 1586 et
512 1544 649 1586 fecisti
678 1545 757 1586 tibi
786 1547 1097 1603 expositionem
1128 1548 1169 1588 in
1202 1548 1318 1589 omni
1348 1549 1529 1603 platea.“

84 1626 155 1677 *Si
174 1625 216 1683 ⁴²)
257 1623 495 1666 consideres
533 1623 715 1664 animam
755 1623 988 1679 expositam
1026 1625 1283 1666 amatoribus
1321 1625 1427 1674 suis,
1472 1623 1530 1664 vi-

225 1794 264 1848 ¹)
294 1792 444 1833 Ezech.
476 1791 592 1841 XVI,
621 1790 688 1833 22.
808 1791 851 1848 ²)
883 1791 1033 1832 Ezech‚
1063 1792 1179 1843 XVI,
1211 1792 1278 1836 22.

220 1863 264 1918 4)
295 1863 381 1904 Csr.
412 1861 563 1902 Ezech.
593 1861 709 1911 XVI,
739 1860 807 1905 23.
837 1861 904 1904 24.

222 1934 264 1989 ⁴)
298 1933 478 1974 Catenae
507 1931 608 1971 Mss.
658 1929 799 1985 ‚sEc‘tv
829 1933 925 1991 ἴδῃς
956 1931 1111 1988 ψυχὴν
1141 1933 1408 1988 ἕγκειμένην
1440 1935 1528 1978 τοῖς

106 2007 402 2060 βουλομένοις
433 2001 654 2057 ἐρασταῖς,
687 1997 808 2057 ὄψει,
843 2000 909 2046 ὅτι
938 2007 1188 2056 πεποίηκεν
1212 2005 1379 2056 οἴκημα
1409 2016 1529 2056 πορἢ

107 2073 248 2129 νικόν,
281 2075 360 2116 καὶ
389 2072 642 2127 ἐπιδέχεται
672 2069 846 2121 πάντας
872 2071 975 2122 τοὺς
999 2074 1392 2130 προαιρουμένους
1408 2086 1529 2125 πορ-

110 2142 255 2189 νεύειν
283 2141 374 2199 μετ’
410 2141 565 2196 αὐτῆς·
597 2139 809 2196 δηλονότι
839 2141 916 2192 τὰς
945 2140 1235 2202 ἀκαθάρτους
1259 2138 1528 2196 domin-§155⁸

109 2218 200 2257 Καὶ
229 2213 320 2271 μετ’
354 2211 511 2268 ὀλίγα·
552 2208 706 2270 ,ξἘχει
735 2211 761 2268 ἡ
796 2211 920 2269 ψυχὴ
953 2210 1116 2262 κάλλος
1144 2210 1261 2268 ὑπὲρ
1290 2210 1391 2260 τοὺς
1419 2226 1528 2265 μοι-

102 2282 225 2340 χούς.
281 2283 474 2326 Ἐκεῖνοι
513 2281 617 2348 γὰρ.
642 2280 886 2327 ἀπώλεσαν
925 2281 975 2327 τὸ
1005 2284 1178 2327 ἑαυτῶν
1207 2279 1382 2330 κάλλος.
1445 2278 1527 2323 Οἷ-

108 2371 191 2410 μαι
223 2355 294 2409 δὲ,
329 2352 395 2397 ὅτι»
426 2356 560 2413 σαρκὶ
591 2356 872 2403 συνέζευκται,
903 2352 927 2407 ἡ
961 2354 1230 2412 ἀνθρωπίνη
1262 2349 1415 2409 ψυχὴ,
1452 2353 1529 2394 καὶ

110 2423 188 2468 δια
226 2426 355 2467 τοῦτο
396 2425 561 2479 ἐρῶσιν
603 2425 736 2479 αὐτῆς
773 2423 827 2467 τὰ
866 2423 1046 2483 πονηρὰ
1088 2421 1351 2480 πνεύματα,
1392 2419 1531 2477 ‹5126-

111 2492 255 2552 σαρκά
293 2510 392 2537 τινα
436 2489 558 2537 ὄντα.
626 2490 849 2550 Νἶοιχεὺει
887 2496 936 2539 δὲ
976 2493 1001 2551 ἡ
1045 2492 1168 2551 ψυχὴ
1206 2492 1319 2553 μετὰ
1358 2487 1531 2535 τούτων

110 2562 401 2609 ἕπακοὺουσα
432 2562 606 2619 αὐτοῖς,
639 2568 716 2607 καὶ
746 2566 970 2622 δεχομένη
1001 2563 1182 2622 σπορὰν
1211 2566 1260 2608 ἐκ
1290 2566 1364 2618 τῆς
1393 2563 1532 2615 κακῆς

80 2684 83 2687 ,
111 2636 261 2679 αὐτῶν
290 2634 599 2688 διδασκαλίας,
630 2638 707 2677 καὶ
728 2640 941 2680 τίκτουσα
966 2635 1019 2679 τὰ
1045 2633 1309 2690 καταθύμια
1331 2632 1530 2680 taitok-‘⁶

111 2709 202 2748 Καὶ
239 2703 332 2760 μετ’
378 2703 535 2759 ὀλίγα·
585 2703 694 2758 ,,Ἐν
740 2707 790 2765 τῇ
842 2708 1075 2765 σωματικῇ
1113 2708 1305 2765 πορνεία
1342 2700 1531 2759 σώματα

113 2780 370 2832 φθείρεται·
428 2776 505 2816 καὶ
561 2774 611 2818 ἐν
658 2778 708 2835 τῇ
758 2779 1039 2836 πνευματικῇ
1082 2774 1275 2834 πορνεία
1327 2771 1532 2829 νοήματα

114 2849 365 2905 φθείρεται.
427 2845 520 2886 Καὶ
549 2847 682 2889 τοῦτο
713 2847 847 2901 δηλοῖ
873 2845 896 2890 ὃ
929 2838 1225 2896 ιἰπόστολος.“’“’
1284 2846 1463 2887 Ruaeus.
