1759 3134
664 125 899 166 MomTUM.
1418 121 1499 165 285

86 235 284 291 cupidine
324 236 391 275 vel
430 251 573 276 amore
611 237 936 277 accendatur.““
1009 237 1123 276 Haec
1165 247 1304 276 autem
1342 247 1388 276 ut
1427 252 1498 275 au-

88 325 249 353 ctorem
299 312 473 352 latinum
517 313 690 353 minime
735 313 941 368 produnt,
988 312 1046 353 ita
1084 313 1311 365 Origenem
1355 312 1497 368 ipsum

85 390 229 444 potius
272 401 487 430 auctorem
530 391 656 431 fuisse
702 391 946 440 ostendunt,
995 390 1066 445 qui
1107 390 1150 430 in
1197 390 1360 445 scriptis
1397 389 1495 439 illis,

83 484 190 522 quae
230 468 452 517 hahemus,
499 469 640 527 ἔρωτα
683 468 725 508 in
768 468 891 508 rebus
938 467 1088 508 divinis
1130 479 1216 507 tam
1253 468 1496 522 frequenter

82 555 272 598 usurpat:
315 556 358 584 ct
398 562 522 600 quem
564 545 607 585 in
645 546 720 585 hac
749 545 839 600 ipsa
868 561 935 594 re,
974 545 1035 585 uti
1065 545 1195 594 solet,
1232 544 1420 585 imitatur
1450 546 1494 586 S.

79 620 310 672 Gregorius
339 623 546 679 Nyssenus
576 623 619 662 in
653 621 822 664 Cantica
853 622 1028 663 homilia
1057 622 1214 678 prima:
1252 620 1495 671 „’Enetdc}v

79 703 235 741 τοίνυν
266 705 409 756 σοφία
440 702 561 742 ἐστὶν
592 698 616 753 ἡ
648 701 867 742 λαλοῦσα·
907 698 1175 755 ἀγάπησον,
1209 697 1319 743 ὅσον
1350 697 1494 742 δύνα-

82 790 180 829 σαι,
225 776 271 825 ἒξ
309 774 411 830 ὅλης
452 778 639 833 καρδίας
677 792 723 820 τε
767 780 841 819 καὶ
894 775 1154 834 δυνάμεως·
1204 774 1494 832 ἔπιῧύμησον

79 851 191 895 ὅσον
214 859 391 910 χωρεῖς.
450 858 735 911 Προστίθηὶιιι
770 855 819 897 δὲ
851 856 1037 913 θαρῥῶν
1066 860 1157 902 τοῖς
1185 852 1356 910 ῥήμασι
1385 853 1492 898 τού-

78 947 169 978 τοις
199 933 275 972 καὶ
303 928 376 973 τό·
423 929 697 988 ἑράσθητι.“
754 931 883 972 Plane
916 942 961 971 ut
988 931 1031 971 in
1062 931 1253 972 versione
1284 932 1493 989 Hierony-

79 1007 214 1047 miana
237 1006 437 1047 homiliae
460 1008 621 1063 primae
647 1008 863 1061 Origenis:
896 1021 974 1059 „et
1003 1020 1051 1049 ut
1082 1009 1243 1064 aliquid
1272 1010 1492 1049 audentius

78 1084 233 1134 dicam,
266 1083 476 1139 spirituali
506 1086 703 1141 cupidine
736 1099 776 1126 et
806 1102 949 1126 amore
979 1088 1272 1128 accendatur.“

192 1160 334 1219 Objici
361 1161 486 1202 etiam
517 1174 679 1217 potest,
719 1164 922 1219 scriptum
960 1180 1046 1203 esse
1076 1165 1126 1204 ab
1157 1164 1419 1222 Hieronymo
1451 1164 1493 1204 in

75 1240 257 1295 prologo
288 1239 644 1294 interpretationis
674 1240 946 1280 homiliarum
977 1241 1154 1281 duarmn
1182 1241 1226 1281 in
1258 1242 1492 1289 Canticum,

78 1317 306 1369 Origenem
345 1316 388 1356 in
426 1316 574 1355 decem
603 1317 729 1356 tomis
758 1317 1019 1372 septuaginta
1047 1319 1320 1374 interpretes,
1359 1319 1491 1374 Aqui-

76 1395 182 1444 lam,
212 1392 527 1450 Symmachum,
561 1393 929 1444 Theodotionem,
971 1406 1011 1434 et
1041 1395 1230 1450 quintam
1260 1395 1491 1435 editionem

73 1471 291 1524 magnifice
331 1481 559 1525 aperteque
599 1470 863 1522 disseruisse3
913 1472 1029 1528 quod
1077 1489 1173 1512 cum
1216 1471 1259 1511 in
1299 1472 1490 1528 sequenti

75 1546 377 1589 commentario
416 1563 503 1587 non
542 1560 762 1603 appareat,
802 1549 898 1589 hinc
937 1549 1160 1604 consequi,
1201 1565 1308 1604 opus
1349 1566 1435 1589 esse
1466 1565 1489 1590 a

72 1629 222 1667 decem
257 1625 384 1665 tomis
425 1624 648 1665 diversum.
708 1628 867 1667 Verum
907 1626 1126 1666 sciendum
1166 1638 1250 1676 est,
1286 1626 1489 1666 Rufinum

71 1703 312 1759 scriptionis
341 1701 462 1759 hujus
494 1718 581 1742 esse
610 1702 898 1758 interpretem,
928 1703 991 1742 uti
1024 1702 1220 1744 discimus
1252 1720 1299 1745 ex
1327 1704 1490 1745 Cassio-

71 1783 194 1831 doro,
226 1781 299 1836 qui
330 1780 402 1820 lib.
435 1780 486 1820 de
512 1779 639 1820 divin.
671 1780 768 1821 lect.
801 1796 889 1835 cap.
910 1781 948 1823 5.
979 1781 1080 1820 haec
1110 1781 1257 1822 habet:
1289 1781 1359 1831 „in
1382 1782 1488 1823 Can—

69 1859 156 1900 tico
199 1857 472 1899 canticorum
513 1858 671 1897 duabus
715 1857 901 1898 homiliis
947 1858 1255 1914 expositionem
1295 1859 1488 1911 Origenis

70 1936 186 1976 idem
215 1935 257 1975 S.
289 1933 593 1991 Hieronymus,
634 1934 785 1975 latinae
825 1934 990 1987 linguae
1026 1936 1336 1991 multiplicator
1372 1952 1488 1988 egre-

69 2013 180 2065 gius,
210 2027 284 2052 sua
311 2011 457 2061 nobis,
488 2023 535 2051 ut
565 2011 803 2061 consuevit,
838 2012 1055 2066 probabili
1084 2013 1357 2053 translatione
1386 2029 1488 2068 pro-

67 2089 216 2146 spexit.
295 2087 409 2142 Quas
454 2087 556 2128 item
600 2089 804 2137 Rufinus,
851 2088 1058 2145 interpres
1105 2089 1486 2145 eloquentissimus,

69 2165 242 2224 adjectis
262 2165 511 2221 quibusdam
542 2165 660 2216 locis,
689 2182 820 2222 usque
850 2167 903 2206 ad
923 2166 1032 2207 illud
1051 2179 1340 2223 praeceptum,
1372 2167 1487 2223 quod

69 2244 184 2284 ait:“
225 2242 434 2297 ,‚„capite
460 2242 500 2297 ¹)
540 2242 663 2283 nobis
694 2243 840 2299 vulpes
871 2243 1045 2300 pusillas
1077 2244 1395 2285 exterminantes
1426 2244 1487 2284 vi-

68 2326 259 2361 neas:““
299 2319 467 2369 „tribus
505 2319 623 2360 libris
659 2320 781 2361 latius
812 2321 1078 2376 explicavit.“
1138 2321 1343 2376 Quamvis
1374 2321 1485 2361 enim

67 2398 169 2438 haec
210 2397 388 2436 obscure
430 2396 540 2437 dicta
577 2396 659 2437 sint
696 2414 718 2438 a
758 2398 1038 2449 Cassiodoro,
1083 2399 1178 2440 satis
1221 2411 1361 2439 tamen
1403 2399 1483 2438 hoc

67 2475 209 2531 ipsum
240 2490 345 2529 opus
375 2473 551 2525 indicat,
593 2475 707 2530 quod
743 2474 785 2514 in
830 2475 906 2516 illo
938 2476 1167 2517 versiculo:
1209 2476 1416 2532 ,‚„capite
1441 2474 1483 2528 ²)

67 2552 190 2592 nobis
243 2551 390 2606 vulpes
442 2551 615 2606 pusillas
669 2552 988 2594 exterminantes
1039 2554 1276 2594 vineas:““
1326 2552 1482 2593 definit.

66 2629 203 2670 Porro
242 2628 431 2669 solemne
461 2628 542 2667 fuit
570 2628 725 2669 Rufino
756 2641 997 2684 pervertere
1029 2631 1193 2681 omnia,
1235 2641 1277 2671 et
1305 2631 1357 2671 ad
1387 2630 1482 2670 libi—

186 2781 227 2837 1)
259 2780 417 2822 cantic.
450 2780 504 2830 Π,
537 2780 601 2823 15.
721 2782 764 2837 2)
797 2782 954 2826 cantic.
984 2785 1040 2835 Π,
1072 2784 1136 2828 15.
