1759 3134
230 115 315 162 302
527 117 749 162 Omemus
778 130 824 160 m
855 117 1039 161 Carme.
1072 117 1374 162 CANTICORUM

231 247 324 274 ram
354 231 486 275 trinae
513 233 557 289 ι)
596 232 889 289 singularitatis
931 232 1119 275 enuntiat
1140 233 1199 290 2).
1259 233 1459 276 Secundo
1491 249 1589 276 vero
1619 235 1663 277 in

231 311 355 363 loco,
396 323 459 362 et,
506 322 553 352 ut
590 312 647 354 ita
688 312 887 363 dixerim,
934 311 1103 352 abusive
1142 313 1261 353 Deos
1303 311 1405 353 dicit
1447 311 1663 367 Scriptura

236 389 361 431 etiam
389 389 510 441 illos,
541 391 594 432 ad
625 406 729 448 quos
760 406 899 432 sermo
929 389 1014 430 Dei
1043 390 1113 441 fit,
1142 389 1251 432 sicut
1281 390 1505 432 confirmat
1534 391 1665 432 salva-

228 479 299 508 tor
332 466 378 510 in
408 468 647 522 evangeliis.
709 469 795 511 Sed
837 480 877 509 et
916 468 1121 509 coelestes
1163 467 1334 510 virtutes
1368 470 1444 510 sub
1474 470 1557 510 hoc
1586 485 1663 510 no-

232 544 346 586 mine
377 546 586 603 appellari
618 547 836 597 videntur,
868 548 969 587 dum
1004 546 1179 587 dicitur:
1221 547 1374 597 „Deus
1397 547 1443 603 ³)
1474 546 1589 588 stetit
1618 546 1661 587 in

229 639 436 681 synagoga
468 625 668 676 deorum,
700 625 741 666 in
772 625 916 666 medio
949 637 1088 666 autem
1123 625 1225 665 deos
1256 624 1500 682 dijudicat.“
1559 624 1663 666 Ter„

228 701 291 743 tio
326 717 427 744 vero
459 702 502 744 in
534 703 632 745 loco
663 702 745 762 jam
777 719 865 744 non
896 703 1090 754 abusive,
1120 703 1194 744 sed
1224 703 1351 753 salso,
1385 701 1443 743 dii
1473 701 1660 755 gentium

231 780 458 822 daemones
498 781 792 838 appellantur,
839 797 935 823 eum
982 780 1084 822 dicit
1123 780 1363 838 Scriptura:
1409 796 1594 831 „omnes
1617 781 1663 837 ⁴)

231 858 292 900 dii
331 859 519 914 gentium
559 858 823 903 daemonia.“
881 860 1030 915 ltaque
1072 871 1112 900 et
1149 859 1335 916 primum
1375 859 1554 901 caritatis
1583 875 1662 900 no-

227 953 327 979 men
364 937 408 980 in
437 939 536 979 Deo
575 950 657 989 est,
703 950 884 995 propter
921 939 1037 994 quod
1077 937 1274 995 jubemur
1313 938 1486 991 diligere
1515 938 1659 979 Deum

232 1032 280 1057 ex
318 1028 412 1058 toto
456 1018 584 1058 corde
622 1028 792 1067 nostr0,
838 1033 885 1057 ex
917 1028 1006 1058 tota
1034 1016 1173 1058 anima
1200 1028 1365 1068 nostra,
1407 1029 1448 1058 et
1482 1033 1528 1058 ex
1558 1017 1659 1058 totis

230 1093 389 1135 viribus
418 1094 594 1144 nostris,
634 1105 785 1150 utpote
817 1111 937 1145 eum,
978 1112 1001 1135 a
1042 1111 1125 1150 quo
1164 1095 1365 1136 habet'nus
1394 1095 1476 1136 hoe
1507 1095 1661 1151 ipsum,

227 1183 276 1212 ut
306 1171 481 1225 diligere
509 1171 730 1228 possimus.
791 1172 840 1212 In
866 1173 912 1227 ⁵)
951 1172 1045 1228 ipso
1076 1171 1160 1230 jam
1189 1172 1278 1213 sine
1310 1172 1440 1215 dubio
1474 1173 1663 1214 contine—

225 1250 318 1300 tur,
348 1261 396 1290 ut
427 1261 468 1291 et
497 1249 769 1306 sapientiam,
801 1261 841 1292 et
872 1248 1087 1309 justitiam,
1120 1262 1162 1292 et
1190 1250 1406 1307 pietatem,
1438 1262 1480 1292 et
1510 1250 1662 1292 verita·

226 1340 338 1380 tem,
378 1345 609 1386 omnesque
648 1329 824 1371 virtutes
863 1328 1021 1386 pariter
1060 1329 1293 1383 diligamus.
1362 1330 1506 1372 Unum
1545 1329 1657 1371 enim

227 1417 354 1463 atque
391 1406 508 1448 idem
547 1419 629 1459 est,
668 1407 843 1461 diligere
882 1408 1048 1459 Deum,
1095 1420 1136 1449 et
1173 1408 1349 1462 diligere
1385 1409 1527 1453 hona„
1586 1409 1662 1450 Se·-

226 1485 367 1527 cundo
400 1486 515 1536 low,
547 1485 664 1542 quasi
685 1486 858 1528 abusivo
882 1497 922 1527 et
945 1486 1043 1527 inde
1066 1486 1255 1529 derivato
1275 1486 1447 1529 nomine
1469 1486 1594 1529 etiam
1611 1489 1657 1544 6)

223 1564 468 1621 proximum
499 1564 673 1618 diligere
704 1564 915 1622 jubemur,
946 1577 1145 1622 tanquam
1176 1582 1254 1607 nos
1282 1566 1409 1623 ipsos.
1459 1566 1654 1607 Tertium

225 1658 325 1684 vero
359 1654 443 1694 est,
483 1643 600 1699 quod
629 1642 737 1685 falso
770 1645 846 1685 sub
880 1643 1061 1686 caritatis
1091 1644 1219 1685 titulo
1251 1644 1519 1697 nominatur,
1559 1644 1655 1687 dili-

223 1738 320 1776 gere
351 1721 420 1762 vel
450 1721 697 1779 pecuniam,
737 1722 806 1764 vel
837 1721 1099 1780 voluptates,
1144 1723 1214 1765 vel
1256 1739 1408 1775 omne,
1447 1723 1654 1781 quidquid

225 1801 280 1842 ad
320 1801 609 1857 corruptelam
645 1800 830 1858 pertinet
870 1813 911 1843 et
947 1817 1149 1844 errorem.
1206 1802 1306 1843 Non
1339 1818 1437 1856 ergo
1468 1801 1655 1854 interest,

223 1890 369 1921 utrum
409 1879 540 1921 amari
580 1879 746 1922 dicatur
771 1880 917 1932 Deus,
956 1896 1007 1921 an
1047 1879 1178 1934 diligi.
1238 1881 1326 1922 Nee
1367 1892 1498 1938 puto,
1538 1882 1657 1938 quod

226 1958 389 2015 culpari
427 1958 584 2016 possit,
629 1958 664 2000 si
710 1958 802 2016 quis
841 1959 1005 2010 Deum,
1052 1958 1160 2000 sicut
1195 1958 1379 2000 Joannes
1427 1958 1653 2011 caritatem,

223 2036 281 2077 ita
311 2036 403 2092 ipse
435 2053 626 2079 amorem
653 2037 858 2080 nominet.
918 2037 1117 2094 Denique
1141 2035 1330 2086 memini,
1347 2035 1544 2093 aliquem
1562 2053 1655 2078 san—

226 2125 395 2156 etorum
425 2114 599 2167 dixisse,
632 2115 841 2169 Ignatium
869 2115 1057 2167 nomine,
1089 2116 1141 2156 de
1173 2114 1365 2157 Christo:
1397 2131 1550 2166 „meus
1582 2131 1653 2157 aua

224 2203 314 2235 tem
353 2209 473 2234 amor
515 2193 733 2235 crucifixus
774 2200 894 2236 est:“
934 2210 1014 2236 nec
1049 2193 1303 2250 reprehendi
1333 2209 1430 2234 eum
1459 2210 1539 2250 pro
1570 2194 1653 2236 hoc

225 2270 398 2325 dignum
429 2271 588 2331 judico,
648 2272 880 2314 Sciendum
909 2284 1063 2323 autem,
1096 2273 1212 2328 quod
1242 2272 1392 2323 omnis,
1424 2272 1496 2329 qui
1527 2273 1653 2330 ve17)

222 2350 447 2407 pecuniam
477 2350 646 2405 diligit,
691 2350 759 2392 vel
792 2367 860 2402 ea,
903 2367 1008 2407 quae
1046 2351 1087 2393 in
1125 2352 1288 2393 mundo
1329 2364 1424 2394 sunt
1454 2351 1652 2394 materiae

342 2551 382 2606 ¹)
415 2550 522 2593 Cod.
552 2549 840 2593 Belvacensis:
873 2549 1105 2603 „trinitatis
1141 2550 1368 2595 enuntiat.“
1427 2553 1477 2595 R.

336 2622 381 2679 ²)
411 2621 521 2664 Edd.
553 2622 746 2664 Merlini:
780 2623 1010 2665 denuntiat.

339 2694 382 2751 3)
413 2693 568 2735 Psalm.
599 2693 818 2745 LXXXII,
851 2694 888 2738 1.
1010 2693 1053 2750 ⁴²)
1084 2693 1239 2735 Psalm.
1268 2693 1422 2745 XCVI,
1453 2693 1496 2737 5,

338 2764 380 2820 ⁵)
410 2764 521 2806 Edd.
554 2764 751 2807 Merlini:
783 2766 834 2806 In
865 2765 1032 2808 Christo
1060 2764 1147 2824 jam
1178 2776 1255 2807 etc.

339 2836 381 2893 6)
413 2836 524 2879 Edd.
554 2834 752 2877 Merlini:
784 2847 825 2876 et
853 2836 1096 2892 proximum
1127 2848 1206 2880 etc.

339 2908 380 2965 7)
410 2907 543 2949 Deest
574 2907 709 2959 ‚,x‘el“
742 2906 785 2947 in
816 2908 910 2949 edd.
941 2908 1005 2950 M.
