1759 3134
630 146 829 189 HommA
860 142 976 183 VIII.
1435 138 1510 182 111

98 261 198 317 quin
229 260 440 316 loquentis
470 273 607 298 sermo
638 257 876 298 auditorem
907 254 961 294 ad
989 250 1136 309 pejora
1165 249 1391 299 sollicitet,
1421 266 1516 290 cum

99 337 331 379 haereticus
363 337 539 392 loquens
570 334 793 376 constituat
821 330 1060 373 auditorem
1090 345 1211 370 suum
1241 328 1283 368 in
1312 327 1520 368 haeretica

101 415 316 470 pravitate.
390 414 445 454 Et
484 424 531 453 ut
568 413 620 452 ad
656 410 834 451 meliora
874 407 1111 456 veniamus,
1156 406 1192 446 si
1236 416 1378 461 potest
1420 420 1519 460 pro-

102 493 241 541 desse,
281 491 351 546 qui
382 490 592 546 loquitur,
631 500 672 529 et
709 487 794 528 vita
831 485 918 545 ejus
949 501 1044 526 cum
1073 498 1268 524 sermone
1300 482 1522 531 consentit,

101 568 143 608 in
181 568 304 608 bonis
346 566 562 608 coustituit
598 564 836 606 auditorem
874 579 1008 603 suum.
1082 562 1191 610 Nos,
1237 558 1310 615 qui
1357 558 1520 599 minimi

100 661 241 684 sumus
271 644 370 694 loci,
400 643 433 684 si
465 642 718 684 audierimus
748 642 925 681 verbum
955 639 1007 679 de
1031 637 1219 679 castitate
1242 636 1520 692 praecipiens,

103 720 301 761 constitui
328 721 365 775 ¹)
407 736 532 775 super
554 720 597 775 2)
629 735 701 759 eos
734 734 945 758 conamur.
1005 714 1052 757 Si
1091 714 1174 770 ipsi
1212 713 1430 770 loquimur
1469 713 1521 753 de

102 797 328 851 pudicitia,
364 808 405 837 et
432 807 601 837 nosmet
629 795 709 852 ipsi
740 794 953 836 auditores
983 792 1201 834 statuimus
1231 791 1274 831 in
1303 789 1526 847 pudicitia.

102 873 148 915 Si
181 875 232 914 de
264 873 420 930 justitia
458 873 769 929 praedicamus,
812 873 865 913 ad
901 870 1104 928 justitiam
1142 868 1416 925 impellimus.
1477 866 1525 908 Si

104 951 155 990 de
199 951 306 999 fide,
350 950 480 990 fidem
522 949 801 999 insinuamus,
849 959 897 989 ut
943 947 1065 1001 digne
1108 946 1316 1005 majestati
1360 944 1524 985 divinae

102 1027 350 1090 phediamus
381 1027 423 1067 in
452 1027 657 1068 Domino.
718 1027 764 1069 Si
795 1042 893 1078 ergo
928 1041 1006 1065 nos
1036 1024 1241 1074 homines,
1273 1040 1369 1064 cum
1398 1021 1525 1063 simus

102 1103 224 1153 mali,
258 1105 443 1144 solemus
475 1104 728 1145 constituere
760 1119 834 1145 cor
863 1102 1093 1152 audientis,
1129 1101 1215 1143 sive
1245 1100 1289 1141 in
1319 1098 1463 1148 bonis,
1493 1097 1527 1138 si

104 1180 208 1221 boni
237 1197 401 1234 sumus;
430 1183 517 1222 sive
546 1181 588 1222 in
618 1181 753 1231 malis,
783 1181 817 1221 si
841 1181 952 1221 male
980 1180 1158 1232 agimus:
1189 1190 1378 1235 putasne,
1410 1175 1526 1232 quod

105 1259 223 1298 Deus
266 1275 354 1299 non
397 1259 546 1299 habeat
589 1269 865 1314 potestatem,
912 1256 1153 1313 quempiam
1192 1255 1235 1296 in
1278 1253 1526 1295 melioribus

108 1336 394 1377 constituere?
451 1337 537 1376 Aut
577 1347 689 1376 certe
731 1335 1026 1389 derelinquens
1058 1349 1177 1382 eum,
1216 1332 1309 1373 fieri
1340 1331 1378 1372 ei
1410 1345 1530 1370 occa-

107 1412 193 1462 sio,
224 1424 270 1452 ut
299 1412 342 1452 in
371 1412 562 1466 pessimis
594 1410 898 1452 constituatur?
953 1410 1143 1450 BTultum
1172 1408 1318 1464 utique
1342 1407 1388 1460 3)
1417 1405 1530 1462 juxta

106 1504 299 1544 praesens
331 1488 550 1543 eloquium
580 1487 773 1544 peccavit
802 1486 954 1527 misera
981 1486 1239 1535 Jerusalem,
1277 1500 1403 1540 quam
1443 1498 1533 1523 sae-

106 1564 275 1620 pissime
318 1565 456 1605 voluit
494 1565 611 1605 Deus
656 1581 734 1620 per
778 1564 1006 1620 prophetas
1049 1579 1147 1604 suos
1194 1563 1238 1603 in
1281 1559 1531 1602 melioribus

107 1641 383 1685 constituere:
425 1643 499 1683 sed
537 1642 635 1697 quia
672 1642 812 1682 noluit
851 1640 1027 1682 consilia
1065 1640 1232 1690 audire,
1269 1637 1411 1679 noluit
1446 1635 1531 1676 Dei

106 1719 295 1775 recipere
325 1729 571 1774 praecepta,
604 1717 768 1758 dubitat
797 1719 928 1767 Deus,
960 1729 1001 1757 et
1030 1733 1074 1757 se
1106 1716 1209 1756 dicit
1236 1714 1396 1755 nescire
1429 1712 1532 1768 quid

108 1795 245 1837 faciat.
321 1796 405 1845 „In
426 1795 469 1851 4)
510 1810 600 1850 quo.
638 1794 889 1834 constituam
931 1810 1005 1834 cor
1042 1804 1184 1843 tuum,
1224 1791 1328 1832 dicit
1363 1788 1532 1830 Adonai

110 1872 385 1914 Dominus?“
457 1870 576 1925 Quid
621 1870 804 1912 faciam?
867 1871 917 1910 In
965 1886 1049 1925 quo
1093 1881 1135 1910 te
1160 1870 1203 1925 ὁ)
1252 1864 1534 1909 constituam?

111 1948 260 1991 Multis
297 1960 571 2004 peccatorum
611 1947 789 1988 vinculis
830 1946 1064 1999 stringeris,
1105 1945 1260 1986 delicta
1287 1956 1359 1985 tua
1388 1941 1533 1998 prohi-

111 2028 213 2068 bent
245 2025 373 2066 vitam
403 2037 533 2075 tuam,
563 2037 611 2066 ut
640 2042 663 2066 a
695 2024 800 2065 meis
830 2023 1095 2065 sermonibus
1118 2021 1394 2064 constituaris.
1439 2020 1530 2073 Ego

111 2104 200 2160 ipse
239 2104 483 2159 frequenter
520 2115 561 2144 te
583 2103 626 2159 6)
668 2101 923 2144 constituere
955 2101 1095 2152 volui,
1138 2101 1316 2156 loquens
1347 2096 1427 2138 tibi
1456 2111 1559 2152 per,

112 2193 276 2223 sanctos
305 2197 446 2230 meos,
487 2191 529 2221 et
568 2196 654 2220 non
683 2179 847 2220 audisti.
906 2180 1029 2220 Nunc
1058 2177 1207 2231 ignoro
1240 2174 1342 2232 quid
1369 2173 1535 2223 faciam,

112 2271 154 2302 et
184 2258 281 2300 dico
311 2257 408 2298 tibi:
444 2257 521 2307 „in
542 2256 584 2310 ⁷)
615 2273 699 2313 quo
732 2255 984 2298 constituam
1016 2270 1091 2296 cor
1116 2266 1262 2301 tuum,
1287 2251 1390 2294 dicit
1422 2251 1536 2292 Ado-

113 2335 181 2378 nai
209 2334 441 2385 Dominus,
483 2350 580 2375 cum
622 2345 669 2374 tu
709 2332 835 2374 facias
872 2333 974 2374 haec
1014 2331 1156 2373 omnia
1186 2346 1316 2387 opera
1343 2327 1534 2370 mulieris

237 2515 277 2570 ¹)
305 2515 416 2555 Edd.
446 2513 602 2555 Ruaei:
634 2513 862 2556 constituti.

234 2586 281 2638 2)
310 2584 419 2624 Edd.
449 2584 645 2625 Merlini:
674 2601 801 2642 super
830 2599 880 2625 eo
915 2600 1128 2625 conamur.

232 2654 275 2709 ³)
305 2653 412 2694 Edd.
442 2652 637 2694 Merlini:
668 2654 820 2711 itaque.
947 2655 990 2712 ⁴)
1023 2655 1110 2697 Cfr.
1140 2652 1292 2695 Ezech.
1322 2649 1438 2700 XVI,
1468 2647 1534 2692 30.

235 2724 276 2779 ⁵)
306 2723 438 2764 Deest
469 2729 588 2772 ‚‚te“
618 2723 661 2764 in
693 2725 756 2766 ed.
787 2725 934 2766 Ruaei.

231 2793 274 2850 6)
304 2793 437 2834 Deest
466 2797 578 2843 ‚‚te“
608 2792 650 2833 in
683 2794 747 2834 ed.
778 2795 924 2836 Ruaei.

179 2892 183 2896 .
232 2863 274 2919 7)
307 2863 391 2904 Cfr.
423 2862 573 2902 Ezech.
606 2861 722 2912 xvl,
752 2861 818 2905 30.
