1759 3134
0 165 2 194 -
0 0 9 156 -ae--e-

691 132 889 173 HOMILJA
915 132 932 171 Ι
938 163 946 171 .
1446 114 1530 179 24⁸5

110 245 368 300 odoremque
400 259 656 299 perceperO,
688 243 827 284 statim
856 243 1104 289 sententiam
1134 247 1332 300 profero,
1365 246 1527 288 dicens:

108 323 253 371 „odor
279 322 318 376 ¹)
347 331 658 372 unguentorum
687 331 858 359 tuorum
892 336 1019 376 super
1050 321 1191 363 omnia
1221 331 1449 365 aromata.“

218 399 256 440 4.
317 396 504 447 „Oleum
528 398 570 453 ²)
603 397 784 437 effusum
813 412 971 436 nomen
1000 405 1162 438 tuum.“
1221 399 1523 455 propheticum

106 485 407 516 sacramentum
454 486 526 516 est.
603 473 918 515 Tantummodo
968 490 1124 514 nomen
1173 476 1275 515 Jesu
1321 476 1436 517 venit
1483 476 1525 517 in

103 552 330 599 mundum,
372 563 412 591 et
445 562 704 604 unguentum
746 549 1014 605 praedicatur
1051 552 1247 592 effusum.
1314 553 1364 592 In
1405 569 1527 594 evan-

103 627 213 680 gelio
239 627 281 682 ³)
331 644 501 683 quoque
547 627 725 677 mulier,
772 626 978 682 accipiens
1023 628 1278 669 alabastrum
1320 630 1523 681 unguenti

99 703 220 744 nardi
266 703 408 758 pistici
430 703 473 760 4)
520 704 719 760 pretiosi,
771 715 895 759 caput
931 705 1032 744 Jesu
1068 706 1284 762 pedesque
1322 706 1524 761 perfudit,

104 781 293 822 Observa
325 780 567 833 diligenter,
610 797 714 836 quae
756 781 806 821 de
848 781 1008 821 duabus
1033 782 1074 835 5)
1106 799 1233 838 super
1263 795 1388 839 caput
1419 784 1527 824 effu-

101 857 210 898 derit
245 857 482 898 salvatoris:
522 857 557 898 si
581 857 624 913 6)
664 856 836 913 quidem
874 857 1086 913 peccatrix
1126 876 1252 915 super
1289 861 1442 916 pedes,
1485 873 1526 901 et

101 951 168 985 ea,
209 951 313 990 quae
354 934 508 975 dicitur
545 950 631 974 non
669 935 796 975 fuisse
836 934 1070 990 peccatrix,
1111 953 1240 992 super
1279 949 1405 993 caput
1437 937 1524 995 ejus

98 1012 255 1052 fudisse
285 1022 553 1053 monstratur.
600 1012 801 1061 Observa,
832 1012 1017 1068 inquam,
1050 1025 1090 1053 et
1112 1013 1296 1055 invenies
1327 1014 1368 1054 in
1402 1031 1524 1055 evan-

99 1088 231 1141 gelica
261 1088 460 1138 lectione,
490 1106 577 1130 non
608 1090 770 1131 fabulas
804 1101 844 1130 et
871 1089 1130 1130 narrationes
1161 1091 1213 1131 ab
1245 1091 1521 1144 evangelistis,

98 1166 173 1206 sed
211 1165 408 1223 mysteria
446 1182 533 1207 esse
574 1166 822 1222 conscripta.
882 1167 1064 1222 Impleta
1105 1179 1165 1208 est
1208 1167 1354 1224 utique
1388 1169 1522 1209 odore

98 1241 300 1295 unguenti
331 1243 493 1284 domus.
554 1243 600 1285 Si
631 1243 732 1299 quid
761 1243 970 1299 peccatrix
1005 1243 1172 1294 habuit,
1216 1245 1268 1284 ad
1297 1246 1427 1300 pedes
1458 1262 1521 1286 re·

97 1321 322 1360 ferendum
353 1331 428 1360 est:
471 1331 511 1360 et
548 1320 582 1360 si
613 1320 715 1376 quid
746 1337 810 1370 ea,
852 1336 958 1375 quae
987 1336 1074 1360 non
1104 1322 1340 1376 peccatrix,
1373 1323 1425 1363 ad
1457 1339 1523 1363 ca·

96 1408 186 1453 put.
244 1397 333 1437 Nec
363 1396 542 1447 mirum,
574 1398 748 1437 domum
780 1397 908 1437 fuisse
941 1397 1074 1437 odore
1107 1399 1386 1453 completam,
1426 1416 1520 1440 cum

95 1473 178 1514 hoc
209 1474 342 1514 odore
367 1473 408 1529 ⁷)
437 1474 618 1514 mundus
650 1474 888 1529 completus
918 1472 981 1515 sit.
1043 1473 1254 1516 Scribitur
1290 1476 1335 1517 in
1370 1478 1520 1518 eodem

94 1550 193 1591 loco
228 1550 280 1591 de
312 1549 488 1592 Simone
518 1550 689 1607 leproso
723 1563 763 1591 et
794 1551 924 1591 domo
958 1551 1058 1609 ejus.
1117 1553 1208 1605 Ego
1239 1566 1345 1609 puto
1378 1555 1520 1611 lepro-

95 1645 187 1669 sum
218 1627 367 1668 mundi
396 1627 515 1668 istius
548 1644 634 1668 esse
675 1627 937 1683 principem,
979 1641 1019 1669 et
1057 1630 1168 1670 hunc
1207 1631 1426 1686 leprosum
1457 1634 1522 1674 Si-

96 1721 270 1746 monem
298 1703 546 1759 nuncupari,
581 1703 696 1760 cujus
729 1705 879 1745 domus
904 1706 956 1745 ad
980 1706 1207 1747 adventum
1225 1707 1381 1749 Christi
1405 1711 1522 1751 suavi

99 1783 231 1822 odore
275 1781 490 1836 completa
529 1780 607 1831 sit,
646 1792 792 1833 agente
832 1782 1139 1838 poenitentiam
1179 1785 1437 1839 peccatrice,
1481 1799 1523 1827 et

95 1869 236 1899 sancta
276 1870 401 1914 caput
431 1858 534 1898 Jesu
573 1858 775 1911 unguenti
809 1859 1011 1900 odoribus
1040 1860 1335 1916 perfundente.
1395 1862 1522 1912 „Un-

96 1947 298 1989 guentum
322 1935 367 1991 ⁸)
410 1934 594 1975 effusum
631 1951 787 1976 nomen
827 1942 997 1978 tuum.“
1059 1936 1295 1992 Quomodo
1334 1956 1522 1992 unguen-

95 2026 208 2065 tum,
254 2013 370 2070 quod
400 2011 609 2053 effusione
640 2028 714 2053 sua
745 2013 923 2055 odorem
953 2015 1077 2068 longe
1108 2015 1276 2071 lateque
1308 2016 1522 2072 dispergit,

95 2091 155 2132 sic
193 2090 348 2133 Christi
385 2105 542 2131 nomen
584 2089 768 2130 effusum
808 2103 880 2132 est.
941 2093 989 2133 In
1031 2092 1224 2134 universa
1260 2105 1372 2135 terra
1402 2095 1522 2136 Chri-

98 2180 182 2209 stus
222 2166 483 2216 nominatur‚
532 2166 576 2207 in
625 2167 740 2208 omni
787 2170 948 2210 mundo
990 2169 1259 2224 praedicatur
1295 2171 1519 2213 Dominus.

218 2328 256 2381 ¹)
289 2327 447 2369 Cantic.
483 2329 518 2377 I,
546 2327 585 2372 3.
705 2330 748 2385 2)
781 2330 938 2372 Cantic.
972 2332 1003 2380 I,
1035 2331 1072 2374 3.

215 2397 258 2452 3)
291 2396 377 2438 Csr.
409 2397 539 2438 Marc.
569 2398 687 2451 XIV,
719 2400 756 2444 3.
789 2416 904 2456 seqq.

217 2467 259 2522 ⁴)
289 2466 399 2507 Edd.
430 2467 626 2509 Merlini:
656 2470 829 2526 pisticae
859 2470 1084 2526 pretiosae.

220 2537 262 2592 5)
295 2536 380 2578 Cfr.
409 2537 545 2579 'Mare
577 2539 692 2590 XIV,
723 2541 762 2584 3.
794 2541 893 2581 coll.
953 2541 1053 2582 Luc.
1086 2542 1182 2589 Vll,
1213 2541 1279 2585 38.

219 2607 261 2662 ⁶)
294 2606 399 2648 Cod.
430 2606 673 2650 Beccensis:
708 2610 777 2660 „si
808 2611 1019 2665 peccatrix
1050 2627 1178 2676 super
1207 2611 1358 2666 pedes,
1391 2623 1431 2652 et
1463 2628 1521 2661 ea,

104 2679 208 2719 quae
240 2663 393 2704 dicitur
422 2662 549 2705 fuisse
580 2666 812 2720 peccatrix,
851 2683 936 2708 non
980 2667 1190 2723 peccatlix
1230 2684 1356 2724 supel
1399 2680 1519 2724 caput

106 2737 191 2775 qus
222 2719 378 2760 fudisse
410 2719 662 2762 invenitur.“
719 2723 771 2764 R.

223 2791 263 2846 7)
293 2790 373 2830 Ed.
405 2790 539 2831 Ruaei
569 2791 680 2833 sola:
713 2792 874 2834 ondine.

223 2862 265 2915 8)
298 2859 454 2903 Cantic
488 2861 521 2911 Ι,
551 2860 587 2904 3.
