1738 3134
663 178 860 224 HommA
894 180 925 219 Ι.
1460 179 1512 224 17

78 306 150 329 cur
189 288 392 344 scriptum
424 302 484 331 est
514 290 555 331 in
587 289 799 343 trigesimo
840 306 948 331 anno
981 290 1089 331 vitae
1121 289 1356 332 Ezechielis
1386 308 1506 348 aper-

76 376 142 406 tos
173 365 297 406 fuisse
340 368 506 417 coelos,
554 379 594 407 et
635 366 786 407 vidisse
827 381 924 405 eum
967 382 1033 406 eas
1071 366 1274 418 visiones,
1319 384 1424 424 quae
1463 368 1508 410 in

76 441 187 482 libro
221 442 307 499 ejus
336 444 613 485 continentur.
676 443 794 497 Quid
835 442 939 483 mihi
976 443 1151 498 prodest
1190 460 1397 486 annorum
1426 462 1504 486 nu-

75 535 238 569 merus,
276 520 355 560 nisi
394 521 496 570 hoc,
537 532 583 560 ut
627 519 785 561 discam
828 519 1042 572 trigesimo
1081 536 1190 561 anno
1222 532 1263 561 et
1293 522 1504 564 Salvatori

76 607 116 636 et
145 598 379 652 prophetae
410 598 554 638 coelos
584 597 710 639 fuisse
740 609 958 648 reseratos,
991 609 1032 638 et
1060 596 1348 653 spiritualibus
1379 599 1502 655 spiri-

72 674 203 714 tualia
234 691 493 730 comparans,
533 691 784 727 cognoscam
815 674 1031 725 universa,
1070 690 1175 730 quae
1205 675 1362 731 scripta
1390 688 1500 726 sunt,

74 750 261 807 ejusdem
300 769 386 792 esse
421 751 506 792 Dei
544 752 790 794 sermones?
850 751 1023 807 Quippe
1065 752 1221 801 „verba
1257 753 1298 807 ¹)
1335 752 1500 808 sapien-

71 827 179 868 tium
222 840 268 868 ut
303 829 485 878 stimuli,
533 840 573 869 et
613 829 728 885 quasi
769 828 875 870 clavi
918 829 960 868 in
999 829 1133 869 altum
1179 829 1357 879 confixi,
1406 819 1503 885 quia

73 905 450 960 compungentibus
491 907 576 947 dati
615 919 710 947 sunt
749 924 770 947 a
809 917 979 962 pastore
1016 911 1146 946 uno.“
1203 905 1294 958 Ego
1335 917 1377 947 et
1406 906 1502 956 hoc,

71 983 187 1036 quod
219 981 390 1023 dicitur:
430 983 501 1033 „in
527 979 569 1038 2)
603 995 752 1040 quarto
783 1000 927 1025 mense
959 982 1104 1039 quinta
1134 983 1346 1024 mensis:“
1383 982 1499 1040 juxta

69 1059 394 1114 possibilitatem
423 1077 564 1102 sensus
594 1061 679 1102 mei
709 1061 972 1114 investiganS,
1002 1077 1156 1117 precor
1185 1077 1208 1102 a
1237 1061 1349 1111 Deo,
1378 1073 1425 1102 ut
1454 1061 1499 1102 id

70 1136 207 1192 ipsum
238 1138 397 1193 possim
427 1138 676 1191 intelligere,
709 1140 825 1196 quod
841 1138 1157 1194 Scrip'turarum
1188 1137 1275 1195 ejus
1306 1138 1498 1191 congruit

71 1214 291 1258 voluntati,
350 1217 496 1256 Novus
535 1233 664 1257 annus
692 1216 887 1257 imminet
915 1215 997 1274 jam
1027 1214 1221 1264 Judaeis‚
1263 1226 1304 1256 et
1332 1215 1496 1271 primus

70 1291 222 1331 mensis
260 1293 372 1347 apud
404 1309 475 1332 eos
506 1309 528 1333 a
557 1292 659 1332 novi
689 1293 785 1333 anni
815 1304 1060 1333 numeratur
1098 1291 1286 1333 exordio.
1316 1349 1318 1352 r
1347 1291 1498 1344 Agitur

70 1379 208 1408 autem
229 1368 386 1409 Pascha
417 1370 469 1409 de
497 1385 675 1409 numero
706 1369 807 1409 novi
837 1369 946 1410 anni.
987 1368 1281 1425 „Principium
1304 1368 1347 1425 3)
1379 1385 1499 1410 men-

68 1444 175 1485 sium
223 1444 301 1486 iste
349 1444 467 1486 vobis
516 1445 596 1486 erit
638 1445 680 1486 in
718 1445 930 1487 mensibus
967 1445 1107 1487 anni.“
1163 1447 1231 1486 Ab
1268 1446 1351 1486 hoc
1391 1462 1499 1486 anno

69 1539 243 1563 numera
281 1522 384 1563 mihi
427 1533 621 1578 quartum
671 1539 883 1573 mensem,
931 1534 973 1564 et
1014 1523 1202 1576 intellige
1239 1522 1498 1579 baptizatum

68 1600 211 1640 Jesum
242 1600 284 1640 in
316 1612 464 1656 quarto
497 1617 641 1642 mense
670 1600 772 1641 novi
803 1600 913 1642 anni.
972 1601 1038 1642 Eo
1079 1600 1192 1642 enim
1222 1616 1384 1651 mense,
1424 1600 1498 1657 qui

69 1678 182 1732 apud
213 1679 428 1719 Romanos
456 1677 675 1718 Januarius
704 1690 991 1733 nuncupatur,
1027 1675 1288 1733 baptismum
1317 1677 1497 1718 Domini
1551 1728 1554 1732 ,

69 1755 225 1794 sactum
258 1771 345 1795 esse
377 1754 682 1806 cognoscimus,
724 1754 796 1810 qui
828 1766 889 1795 est
917 1754 1071 1795 mensis
1102 1765 1272 1809 quartus
1302 1755 1354 1794 ab
1385 1770 1495 1795 anno

68 1848 181 1871 novo
212 1830 325 1889 juxta
361 1831 707 1888 supputationem
736 1830 1043 1872 Hebraeorum.
1100 1831 1157 1871 Et
1187 1830 1285 1886 quia
1313 1832 1365 1872 d‘e
1397 1848 1497 1887 qua·

68 1920 168 1948 tuor
207 1908 426 1949 elementis
465 1908 615 1949 mundi
644 1907 870 1950 subsistens
902 1925 1055 1965 corpus
1085 1919 1351 1958 assumserat,
1391 1908 1498 1950 reci-

70 1985 188 2042 piens
227 1985 353 2026 etiam
389 2002 530 2026 sensus
568 1984 796 2036 humanos,
837 1986 934 2027 ideo
978 1985 1154 2027 forsitan
1193 1997 1235 2026 e't
1272 1985 1317 2026 in
1346 1998 1496 2042 quarto

68 2079 226 2113 mense,
259 2074 299 2103 et
329 2062 372 2103 in
403 2062 549 2119 quinto
581 2063 649 2104 die
678 2062 832 2104 mensis
865 2074 926 2103 est
955 2061 1131 2103 intuitus
1162 2063 1382 2105 visionem.

183 2141 221 2183 5.
252 2140 336 2190 „Et
359 2138 401 2196 ⁴²)
442 2157 519 2193 ego
563 2156 677 2181 eram
715 2139 759 2180 in
788 2139 933 2180 medio
967 2138 1262 2193 captivitatis.“
1320 2140 1501 2182 Videtur

71 2217 174 2258 mihi
203 2217 364 2258 ironice
388 2218 430 2274 ⁵)
462 2217 646 2259 dictum:
678 2229 750 2268 „et
768 2217 811 2272 6)
850 2233 925 2269 ego
970 2233 1083 2258 eram
1119 2217 1164 2258 in
1192 2217 1336 2259 medio
1370 2218 1502 2275 capti—

74 2295 253 2336 vitatis.“
298 2295 381 2346 „Et
412 2301 551 2347 ego:“
583 2293 700 2350 quasi
730 2293 765 2334 si
797 2294 908 2335 dicat
933 2291 1049 2351 'juxta
1076 2294 1296 2338 historiam
1326 2296 1500 2352 quidem

72 2372 299 2427 propheta:
348 2383 390 2412 et
430 2388 529 2425 ego,
568 2359 652 2428 ³qui
693 2388 781 2412 non
815 2373 989 2412 tenebar
1027 2372 1070 2413 in
1105 2372 1289 2428 peccatis
1332 2373 1499 2429 populi,

75 2465 188 2489 eram
217 2448 260 2488 in
288 2448 431 2490 medio
464 2449 737 2506 captivitatis:
776 2447 890 2505 juxta
929 2448 1176 2502 allegoriam
1205 2461 1347 2491 autem
1382 2450 1502 2491 Chri-

71 2536 181 2567 stus:
221 2536 263 2565 et
292 2541 368 2578 ego
399 2525 496 2567 veni
524 2525 569 2567 in
599 2526 744 2566 locum
776 2525 1041 2582 captivitatis,
1071 2526 1168 2567 veni
1197 2528 1250 2568 ad
1281 2544 1354 2568 eos
1382 2528 1501 2577 fines,

72 2602 146 2642 ubi
196 2601 325 2652 servi,
372 2602 446 2642 ubi
496 2602 649 2659 captivi
700 2603 1006 2646 detinebantur.
1074 2605 1216 2646 Habes
1258 2604 1498 2647 istiusmodi

192 2764 232 2819 ¹)
262 2763 425 2804 Eccles.
455 2763 555 2814 ΧΠ,
587 2764 652 2809 11.
774 2767 816 2823 ²)
846 2767 999 2810 Ezech.
1030 2768 1064 2818 I,
1096 2767 1133 2811 1.

190 2835 233 2890 ¹³)
266 2833 504 2876 Csr.Exod.
524 2836 625 2884 XII,
655 2836 693 2880 2.
808 2837 851 2893 α’)
881 2839 1032 2880 Ezech.
1065 2839 1098 2888 Ῐ,
1130 2837 1167 2881 1.

190 2905 231 2959 ⁵)
261 2904 372 2945 Edd.
400 2905 460 2946 M.
494 2916 537 2945 ct
564 2906 614 2946 R.
648 2905 904 2955 „ironicos,“
1025 2906 1069 2961 ⁷)
1100 2907 1254 2949 Ezech.
1286 2907 1319 2955 l,
1353 2906 1389 2948 1·

75 2982 296 3023 Omenms
317 2981 490 3023 OPERA.
540 2982 660 3025 ΤοΜ.
681 2982 795 3024 XIV.
1174 2984 1202 3026 2
