1759 3134
243 142 326 191 182
685 147 749 189 Ex
780 147 988 190 Omcmm
1019 147 1222 190 Samen

248 259 328 304 τοῦ
355 259 467 303 θεοῦ
496 254 708 315 γνώσεως
734 262 825 306 τῶν
854 259 931 320 ὑφ’
965 258 1097 316 ἡμῶν
1120 257 1367 319 χειρόνων,
1409 256 1436 315 ἢ
1468 259 1664 318 κρειττό-

250 351 364 392 νων,
404 333 468 394 μὴ
507 334 708 382 δυνατὸν
743 334 861 384 εἶναι
901 338 951 384 τὸ
982 339 1192 383 ἐναντίον
1220 340 1312 382 τῶν
1339 342 1668 394 προεγνωσμέ-

251 428 345 458 νων
367 414 599 470 γενέσθαι,
625 413 867 467 ἀκούοντες
880 420 970 461 τῶν
985 419 1259 474 λεγομένων.
1302 412 1428 459 Οὕτω
1453 412 1542 472 γὰρ
1566 415 1670 458 ἐπί-

251 503 330 544 σης
358 488 429 547 ἐφ’
461 487 577 548 ἡμῖν
605 491 697 536 ἐστι
727 493 777 538 τὸ
807 491 1016 549 ἀκούειν,
1049 495 1126 536 καὶ
1156 490 1205 536 τὸ
1234 490 1298 550 μὴ
1331 489 1530 546 ἀκούειν,
1563 491 1672 535 ὡσεὶ

251 569 330 610 καὶ
364 565 430 624 μὴ
465 566 747 628 προεγνώκει
789 569 811 615 o‘
853 568 978 620 θεός·
1021 566 1120 614 οὔτε
1160 566 1394 618 ἐλάττονος
1418 571 1673 625 γενομένου

253 643 325 702 ἐφ’
357 642 470 701 ἡμῖν
499 644 575 690 διὰ
605 646 655 691 τὸ
685 651 1027 705 προεγνωκέναι,
1058 645 1212 701 αὐτὸν,
1247 641 1348 691 οὔτε
1376 648 1602 702 πλείονος,
1634 648 1673 690 εἰ

251 718 316 777 μὴ
346 720 638 780 προεγνώκει.

365 801 500 854 ,,Τοῦ
531 799 722 845 αὐτοῦ.“
761 801 1120 859 Ἀσφαλέστερον
1143 797 1202 844 ιῖν
1231 803 1408 858 λέγοιτο
1440 799 1541 843 ἀντὶ
1572 802 1672 843 τοῦ·

251 877 522 930 ,,πτοηθῶσι
542 877 648 932 ’)·“
678 876 949 924 κοπάσουσι.
998 882 1214 922 Τέτακται
1238 879 1288 922 δὲ
1319 876 1393 923 τό·
1425 879 1675 934 „aion-9123-

255 954 397 997 σιν·“
428 953 626 998 ἐνταῦθα
656 954 733 999 ἐπὶ
763 958 853 999 τῶν
886 955 977 1000 ἀπὸ
1009 958 1180 1013 λογίων
1208 958 1351 1000 θείων
1373 957 1672 1013 κινουμένων,

254 1030 332 1072 καὶ
364 1027 623 1075 ὁδευόντων
653 1032 702 1076 ἐκ
730 1036 810 1077 τοῦ
841 1039 1083 1078 πτοεῖσθαι
1113 1033 1164 1077 ἐν
1192 1037 1284 1082 τοῖς
1315 1035 1569 1090 εἰρημένοις
1598 1034 1676 1075 καὶ

254 1106 333 1150 ἐπὶ
362 1105 412 1151 τὸ
442 1111 706 1166 φοβηθῆναι
735 1109 817 1153 τὸν
840 1108 965 1155 θεόν.
1025 1112 1119 1153 Καὶ
1156 1106 1266 1154 ι’ἑλλο
1294 1125 1348 1166 γε
1377 1107 1569 1167 ἡγητέον
1599 1109 1678 1153 ἐν-

253 1185 403 1227 ταῦθα
444 1190 749 1242 σημαίνεσθαι
789 1184 881 1230 ἀπὸ
921 1189 1026 1231 τοῦ·
1073 1187 1420 1242 ,,πτοηθῶσι’“
1463 1184 1589 1243 παρὰ
1628 1184 1678 1230 τὸ

255 1258 347 1303 ὑπὸ
371 1259 704 1328 τῶνἙλλῄνων
730 1260 984 1320 λεγόμενον
1006 1260 1096 1307 ὑπὸ
1123 1266 1199 1318 τῆς
1214 1267 1385 1318 πτοίας,
1405 1260 1680 1320 ὁριζομένων

256 1335 398 1392 αὐτὴν
427 1336 679 1396 ἀνθρώπου
710 1342 858 1397 ψυχῆς
887 1337 1056 1390 πάθος.

365 1418 493 1471 ,,Καὶ
509 1415 553 1472 ²)
585 1416 635 1460 ἐν
664 1414 774 1476 αὐτῇ
808 1418 998 1473 κεφαλὶς
1026 1418 1253 1472 βιβλίου.“
1299 1418 1355 1461 Οἱ
1383 1421 1504 1462 θεῖοι
1532 1414 1677 1475 λόγοι,

256 1492 332 1536 δια
373 1490 423 1536 τὸ
464 1492 515 1536 ἐκ
552 1496 718 1553 μέρους
754 1488 872 1537 εἶναι
909 1495 987 1536 καὶ
1026 1492 1275 1550 ἐλάχιστοι,
1326 1498 1558 1552 συγκρίσει
1599 1497 1678 1539 τοῦ

257 1566 365 1613 ὅλου
394 1567 560 1626 λόγου,
599 1572 676 1612 καὶ
705 1572 780 1625 τῆς
820 1567 968 1625 πάσης
1007 1575 1194 1628 σοφίας,
1240 1570 1292 1615 οὐ
1321 1575 1519 1628 βιβλίον,
1560 1569 1677 1615 ἀλλά

253 1663 319 1696 τις
360 1649 552 1704 κεφαλὶς
590 1650 768 1702 βιβλίου
809 1650 993 1704 εἴρηται.
1051 1649 1144 1689 Καὶ
1184 1647 1235 1691 ἐν
1274 1652 1475 1706 ψαλμοῖς
1515 1649 1566 1693 δὲ
1603 1648 1677 1693 τό·

257 1724 352 1782 ,,ἒν
374 1724 418 1780 ³)
463 1723 678 1782 κεφαλίδι
724 1727 901 1779 βιβλίου
948 1726 1203 1782 γέγραπται
1249 1727 1355 1780 περὶ
1400 1726 1582 1784 ἔμοῦ·“
1628 1724 1678 1770 τό

257 1799 422 1857 ὅμοιον
465 1801 606 1857 δηλοῖ.
677 1799 836 1845 Οὐκέτι
876 1800 926 1845 δὲ
964 1803 1154 1859 κεφαλὶς
1201 1804 1377 1857 βιβλίου
1417 1805 1593 1860 λέγεται
1630 1801 1681 1847 τὸ

259 1879 383 1937 ,,ἐπὶ
408 1878 451 1934 ⁴)
494 1877 577 1935 τὴν
615 1875 770 1928 δεξιὰν
808 1880 888 1922 τοῦ
926 1881 1190 1934 καθημένου
1228 1879 1306 1924 ἐπὶ
1334 1877 1415 1923 τὸν
1445 1878 1681 1936 θρόνον,“

259 1953 374 1999 ἀλλὰ
414 1959 635 2012 ,,βιβλίον
658 1956 700 2012 ⁵)
737 1958 1065 2015 γεγραμμένον
1105 1957 1280 2000 ἔσωθεν
1315 1960 1394 2022 καὶ
1430 1953 1681 2002 ὅπισθεν.“

256 2031 389 2087 Πλὴν
415 2032 657 2089 ,,οὐδεὶςῧ)
680 2030 894 2089 ἠδύνατο,
927 2035 1072 2090 φησὶν
1103 2031 1127 2078 ὁ
1158 2031 1381 2089 Ἰωάννης,
1415 2030 1516 2078 οὕτε
1545 2034 1596 2078 ἒν
1619 2037 1680 2092 τῷ

260 2109 456 2169 οὐρανῷ,
493 2105 593 2154 οὔτε
623 2109 701 2154 ἐπὶ
732 2112 809 2166 τῆς
837 2112 935 2168 γῆς,
968 2106 1069 2154 οὔτε
1091 2105 1304 2154 ὑποκάτω
1327 2113 1402 2166 τῆς
1418 2113 1515 2167 γῆς,
1549 2111 1682 2156 ἀνοῖ-

260 2191 334 2237 ξαι
361 2184 410 2230 τὸ
441 2190 620 2243 βιβλίον
649 2187 817 2243 ἐκεῖνο,
863 2183 963 2232 οὔτε
992 2189 1176 2242 βλέπειν
1205 2185 1339 2243 αὐτὸ,
1373 2190 1412 2232 εἰ
1440 2186 1504 2244 μὴ
1533 2185 1683 2243 μόνον

260 2262 283 2309 ὁ
325 2261 510 2319 νικήσας
547 2267 663 2308 λέων
704 2264 754 2308 ἐκ
790 2266 866 2319 τῆς
895 2266 1041 2322 φυλῆς
1066 2262 1238 2321 Ἰούδα,
1280 2264 1306 2320 ἡ
1349 2267 1444 2325 ῥίζα
1474 2268 1680 2310 Δαυίδ.“

260 2344 353 2385 Καὶ
393 2337 533 2397 ι’ἱλλην
573 2341 624 2386 δὲ
662 2342 889 2400 κεᾳαλίδα
918 2344 1096 2398 βιβλίου
1124 2347 1451 2403 γεγραμμένην
1481 2343 1683 2403 εὑρήσεις

378 2587 420 2641 ¹)
450 2586 601 2628 Ezech.
632 2588 689 2638 II,
720 2587 758 2630 5.
878 2588 920 2640 2)
951 2588 1101 2630 Ezech.
1134 2590 1190 2639 II,
1220 2590 1257 2633 9.

377 2658 420 2713 ³)
454 2658 603 2698 Psalm.
634 2658 721 2707 XL,
755 2658 792 2701 7.
825 2659 1070 2713 (ΧΧΧΙΧ.)

376 2727 418 2783 ⁴²)
450 2728 536 2769 Cfr.
569 2728 745 2784 Apocal.
776 2729 826 2778 V,
865 2729 901 2770 1.

378 2799 419 2854 ⁵)
450 2798 627 2854 Apocal.
658 2798 710 2848 V,
741 2798 778 2841 1.
812 2799 909 2839 coll.
941 2799 1091 2840 Ezech.
1124 2801 1179 2850 II,
1214 2799 1276 2843 10.

379 2868 422 2925 ὃ)
454 2869 530 2911 Csr
556 2869 736 2924 Apocal.
769 2870 818 2919 V,
851 2868 887 2912 3.
920 2868 957 2911 4.
992 2871 1029 2912 5.
