1759 3134
224 102 311 148 336
487 103 708 147 OmGEms
737 117 783 147 m
816 104 1053 147 CAN‘ncuM
1086 103 1389 149 Cmmconum

231 219 390 261 vinum.
452 220 539 261 Sed
569 231 611 262 et
644 222 758 278 quod
791 237 918 261 vorax
949 220 1104 261 dicitur
1132 220 1244 262 filius
1282 220 1489 273 hominis,
1528 233 1568 264 et
1597 225 1661 266 bi-

223 298 351 349 bens,
382 309 424 339 et
453 297 618 340 dicunt:
650 316 782 351 „ecce
810 300 848 357 ¹)
880 299 1010 339 homo
1043 316 1168 340 vorax
1200 311 1241 341 et
1272 300 1415 341 vinum
1445 301 1653 342 bibens:“

224 377 277 418 ad
316 377 398 417 hoc
438 376 712 419 nihilominus
755 378 947 434 respicit:
988 377 1072 418 tale
1115 390 1155 419 et
1197 378 1305 419 illud
1345 378 1489 419 vinum
1531 378 1656 419 fuisse

223 454 266 495 in
300 454 413 496 Cana
443 454 680 508 Galilaeae,
721 458 836 513 quod
874 456 1100 497 bibebatur
1137 456 1180 497 in
1221 456 1419 497 convivio
1462 457 1655 513 nuptiali,

225 548 310 589 quo
335 531 556 574 deficiente
575 535 678 576 fecit
699 547 740 576 ct
765 535 883 576 aliud
904 534 1060 585 vinum,
1093 533 1161 575 cui
1192 534 1481 577 testimonium
1512 535 1654 576 reddi-

226 610 289 652 dit
312 611 355 668 2)
387 611 714 663 architriclinus,
756 613 871 670 quod
910 613 963 654 sit
993 613 1115 655 valde
1155 614 1340 664 bonum,
1384 624 1425 654 et
1456 628 1506 654 eo
1539 612 1654 663 vino,

226 689 345 746 quod
376 705 605 747 expensum
635 691 773 731 suerat
795 691 862 748 ³),
896 692 1033 733 multo
1065 691 1365 749 praestantius,
1406 706 1501 732 cum
1532 689 1654 732 dicit:

225 767 400 819 „omnis
421 768 463 824 ⁴)
493 768 624 810 homo
655 768 795 826 primo
826 770 989 812 bonum
1018 770 1163 812 vinum
1192 769 1338 828 ponit,
1369 780 1411 810 et
1443 785 1537 810 cum
1567 768 1656 809 ine-

223 845 352 887 briati
395 845 574 898 fuerint,
619 846 664 888 id
708 849 824 905 quod
863 850 1047 891 deterius
1090 861 1175 902 est;
1219 861 1267 890 tu
1306 859 1444 889 autem
1483 846 1656 888 servasti

224 923 373 966 vinum
402 925 564 966 bonum
593 942 725 983 usque
756 934 910 970 nunc.“
970 929 1057 970 Sed
1088 940 1129 969 et
1148 927 1440 976 Salomonem,
1471 925 1544 982 qui
1572 940 1651 981 pro

225 1014 398 1060 accepta
427 1003 513 1044 Dei
551 1003 756 1060 sapientia
794 1005 837 1045 in
876 1005 1157 1047 admiratione
1198 1005 1279 1047 fuit
1308 1004 1472 1058 reginae
1504 1004 1655 1053 Sabae,

223 1098 329 1140 quae
359 1093 532 1124 venerat
557 1092 719 1123 tentare
750 1099 846 1123 eum
876 1082 919 1123 in
952 1083 1279 1139 quaestionibus,
1309 1082 1351 1123 in
1383 1082 1534 1139 quibus
1556 1099 1650 1124 eum

224 1162 373 1203 cadem
401 1159 543 1214 regina
574 1171 784 1201 scrutetur
815 1172 855 1201 et
884 1161 1083 1212 miretur,
1123 1161 1223 1203 audi
1252 1160 1514 1217 Scripturam
1543 1162 1652 1202 rese-

221 1251 407 1281 rentem:
449 1251 528 1291 „et
550 1239 592 1294 ⁵)
626 1237 754 1290 vidit,
784 1237 942 1296 inquit,
975 1239 1117 1293 regina
1149 1240 1259 1281 Saba
1289 1255 1459 1280 omnem
1488 1238 1652 1294 sapien-

219 1317 322 1360 tiam
343 1317 600 1368 Salomonis,
632 1329 674 1359 ct
703 1318 893 1370 domum,
925 1334 1049 1375 quam
1072 1317 1322 1368 aedificavit,
1347 1329 1595 1374 apparatum
1609 1317 1651 1374 6)

225 1395 409 1437 convivii
440 1395 552 1454 ejus,
588 1407 629 1436 et
658 1396 804 1437 sedem
834 1413 1067 1453 puerorum
1099 1395 1201 1455 ejus,
1233 1408 1275 1438 et
1305 1396 1500 1451 ordi-nem
1528 1395 1654 1437 mini-

221 1484 405 1515 strorum
438 1474 541 1533 ejus,
571 1486 612 1515 et
644 1485 777 1515 vestes
809 1474 910 1533 ejus,
941 1487 982 1517 ct
1012 1475 1097 1516 vini
1127 1476 1291 1517 fusores
1323 1474 1424 1534 cjus,
1457 1487 1500 1517 et
1528 1475 1651 1516 holo-

222 1564 362 1594 causta
400 1551 510 1610 ejus,
551 1570 657 1610 quae
700 1553 910 1594 offerebat
947 1552 990 1593 in
1033 1553 1163 1594 domo
1194 1553 1300 1604 Dei,
1343 1566 1383 1595 et
1417 1556 1649 1611 stupefacta

221 1638 323 1683 est,“
357 1643 397 1672 et
429 1644 578 1673 cetera.
639 1633 689 1672 In
718 1631 780 1673 his
814 1647 911 1685 ergo
933 1631 1119 1682 adverte,
1151 1632 1370 1688 quomodo
1394 1632 1510 1684 haec,
1541 1647 1646 1690 quae

219 1710 334 1752 venit
366 1726 389 1752 a
417 1710 571 1752 finibus
603 1721 738 1751 terrae
777 1709 922 1751 audire
960 1708 1207 1765 sapientiam
1239 1709 1503 1762 Salomonis,
1539 1710 1650 1752 inter

221 1800 361 1831 cetera
391 1788 568 1831 miratur
598 1800 639 1829 et
670 1787 786 1829 cibos
820 1787 1003 1830 convivii
1034 1786 1135 1846 ejus,
1165 1787 1236 1828 vel
1255 1787 1340 1830 vini
1364 1789 1528 1830 fusores
1548 1787 1649 1847 ejus,

224 1879 267 1909 et
289 1868 332 1925 ⁷)
362 1884 490 1926 super
518 1867 581 1909 his
613 1867 769 1909 djcitur
800 1865 1080 1924 obstupuisse.
1139 1866 1293 1908 Nescio
1325 1878 1488 1919 autem,
1526 1866 1561 1908 si
1592 1866 1649 1908 ita

221 1945 411 2003 ineptam
440 1959 638 2004 putemus
670 1946 796 1989 fuisse
825 1945 1035 2000 reginam,
1075 1961 1181 2002 quae
1221 1946 1277 1986 ob
1315 1946 1398 1988 hoc
1427 1956 1599 1988 venerat
1626 1962 1649 1987 a

223 2023 379 2066 finibus
410 2036 570 2077 terrae,
600 2037 648 2067 ut
676 2025 841 2067 audiret
869 2023 1118 2081 sapientiam
1149 2024 1415 2076 Salomonis,
1447 2036 1496 2066 ut
1523 2024 1650 2065 mire-

219 2111 291 2144 tur
320 2102 436 2145 cibos
470 2104 739 2161 corporales,
777 2114 819 2144 et
854 2102 1000 2144 vinum
1037 2102 1150 2144 istud
1190 2118 1438 2154 commune,
1475 2119 1522 2145 ac
1552 2102 1646 2159 pin-

221 2195 364 2223 cernas
396 2181 482 2223 vini
512 2182 555 2223 in
585 2180 821 2224 ministerio
852 2180 972 2235 regis.
1034 2180 1151 2235 Quid
1190 2181 1301 2222 enim
1338 2181 1381 2222 in
1419 2179 1482 2221 his
1513 2179 1644 2222 admi-

219 2259 384 2302 ratione
417 2259 589 2315 dignum
619 2260 786 2314 reginae
811 2260 854 2317 Θ)
885 2259 1099 2312 videatur,
1129 2276 1234 2316 quae
1266 2258 1506 2303 communia
1536 2275 1646 2315 pene

338 2459 379 2517 ¹)
407 2457 559 2501 Matth.
589 2459 667 2511 XI,
699 2459 764 2504 19.

333 2530 376 2587 2)
407 2530 518 2572 Edd.
548 2530 745 2572 Merlini:
776 2531 929 2573 reddit.

333 2598 378 2658 ³)
408 2601 519 2644 Edd.
550 2601 745 2644 Merlini:
776 2602 868 2645 suit.
989 2602 1032 2660 ⁴)
1061 2601 1139 2644 Ev.
1169 2602 1317 2645 Joann.
1351 2602 1408 2653 Π,
1439 2601 1504 2646 10,

333 2671 377 2727 ⁵)
409 2671 495 2714 Cfr.
529 2673 549 2713 I
570 2673 702 2726 Regg.
731 2674 786 2725 X,
818 2674 854 2717 4.
887 2674 926 2717 5.
959 2674 1046 2731 (ΙΙΙ
1067 2674 1191 2727 Regg.

333 2742 377 2796 ὃ)
409 2742 518 2786 Edd.
551 2743 747 2785 Merlini:
780 2756 821 2785 et
850 2756 1098 2802 apparatum
1129 2757 1206 2786 etc.

335 2812 377 2870 7)
406 2814 539 2855 Deest
568 2821 683 2865 „et“
715 2815 758 2855 in
791 2817 885 2857 edd.
917 2817 978 2859 Μ.

333 2884 379 2941 ⁸)
409 2885 542 2927 Deest
575 2885 775 2938 „reginae
790 2892 813 2912 “
844 2886 886 2928 in
918 2887 1012 2929 edd.
1045 2888 1106 2930 Μ.
