1759 3134
673 119 925 163 PROLOGUS.
1427 125 1511 171 323

93 229 328 286 deputatur.
385 227 504 271 Dicit
534 231 647 273 enim
675 232 753 273 ita:
793 233 930 284 „haec
954 232 994 286 ¹)
1028 242 1089 273 est
1117 225 1325 285 visitatio,
1353 234 1397 276 in
1429 254 1510 294 qua

87 308 283 350 recensiti
310 320 406 350 sunt
434 308 513 350 filii
542 309 671 352 Israel
700 310 931 351 secundum
954 309 1106 351 domus
1130 311 1386 355 familiarum
1415 331 1508 357 sua-

87 403 198 428 rum.
267 385 417 428 Omnis
460 386 643 428 visitatio
684 403 833 429 eorum
876 403 973 429 cum
1009 387 1165 428 virtute
1202 406 1275 431 sua
1314 404 1504 434 sexcenta

86 465 166 506 tria
203 463 339 505 millia
381 463 596 520 quingenti
636 464 944 522 quinquaginta.
1018 465 1190 506 Levitae
1233 479 1374 510 autem
1416 486 1504 511 non

86 554 182 584 sunt
218 542 426 584 numerati
465 558 560 584 cum
604 542 676 593 iis,
715 542 821 584 sicut
861 542 1079 599 praecepit
1105 543 1318 585 Dominus
1347 546 1503 588 Mosi.“

84 619 226 671 Vides,
257 621 475 677 quomodo
505 633 554 662 ut
584 620 880 663 eminentiores
909 636 933 661 a
962 620 1060 661 filiis
1086 621 1216 662 Israel
1245 635 1503 679 sequestran-

84 708 154 737 tur
181 698 375 749 Levitae,
407 713 485 739 nec
507 698 551 755 2)
581 697 624 738 in
654 712 802 738 eorum
831 713 1009 738 numero
1040 698 1264 741 sociantur.
1321 700 1377 741 Et
1411 718 1502 743 rur-

84 790 177 816 sum
193 775 351 817 Levitis
382 774 679 817 eminentiores
709 773 950 817 scribuntur
978 777 1229 819 sacerdotes.
1289 777 1361 820 Sic
1391 778 1504 821 enim

83 852 127 894 in
158 853 305 895 eadem
334 852 539 909 scriptura
570 851 830 894 continetur:
863 865 941 904 „et
962 854 1005 910 ³)
1036 854 1203 897 locutus
1234 866 1315 906 est,
1351 854 1503 913 inquit,

81 930 293 973 Dominus
322 931 374 971 ad
405 931 579 980 Mosen,
620 928 785 971 dicens:
824 931 970 989 accipe
1008 948 1214 974 summam
1247 932 1503 986 Levitarum‚

84 1020 126 1050 et
158 1008 383 1050 constitues
415 1023 487 1049 eos
517 1007 562 1048 in
593 1019 821 1064 conspectu
853 1010 995 1050 Aaron
1026 1010 1275 1062 sacerdotis,
1310 1023 1350 1052 et
1378 1012 1504 1054 mini-

80 1098 212 1129 strent
240 1086 321 1129 ei.“
378 1086 508 1130 Vides
539 1097 580 1126 et
608 1085 652 1126 in
682 1086 786 1138 hoc,
825 1087 1043 1144 quomodo
1078 1088 1319 1145 superiores
1344 1089 1502 1132 Levitis

79 1164 273 1207 nominet
301 1165 560 1215 sacerdotes,
601 1175 642 1205 et
681 1181 823 1206 rursus
851 1164 1018 1207 Levitas
1052 1165 1351 1209 eminentiores
1379 1169 1505 1226 ponit

81 1243 178 1285 filiis
209 1242 366 1285 Israel?
421 1242 537 1283 Haec
577 1253 719 1284 autem
749 1243 826 1284 visi
859 1260 1001 1285 sumus
1032 1243 1240 1286 discutere
1269 1246 1399 1302 paulo
1433 1264 1503 1289 cu-

80 1320 254 1373 riosius,
288 1321 478 1363 volentes
510 1319 636 1361 etiam
665 1337 745 1377 per
768 1321 872 1362 haec
902 1321 1124 1364 ostendere
1152 1322 1378 1375 rationem,
1407 1326 1504 1381 quia

79 1397 124 1440 in
152 1399 253 1455 ipsis
283 1413 454 1455 quoque
486 1397 840 1439 attitulationibus
871 1398 1080 1440 librorum
1102 1415 1276 1441 suorum
1295 1401 1503 1445 Salomon

77 1476 329 1519 differentiis
357 1492 455 1518 usus
486 1487 548 1518 est
579 1476 821 1518 necessariis
849 1476 914 1534 ⁴),
955 1489 996 1519 et
1025 1477 1142 1518 aliud
1172 1477 1215 1518 in
1244 1478 1503 1533 Proverbiis,

78 1554 194 1596 aliud
230 1554 274 1595 in
305 1553 579 1605 Ecclesiaste,
628 1554 744 1596 aliud
784 1554 910 1596 etiam
947 1555 991 1596 in
1022 1556 1296 1598 Canticorum
1326 1558 1503 1602 Cantico

81 1648 129 1673 ex
168 1632 259 1688 ipsa
296 1632 570 1689 inscriptione
608 1631 724 1674 tituli
763 1631 1005 1685 designavit.
1062 1634 1120 1675 Et
1148 1634 1285 1676 adhuc
1314 1638 1431 1693 quod
1460 1638 1503 1680 in

81 1709 258 1751 Cantico
290 1710 588 1762 canticorum,
617 1709 692 1751 ubi
722 1708 807 1767 jam
835 1711 1045 1767 perfectio
1076 1712 1335 1765 ostenditur,
1363 1731 1501 1772 neque

79 1786 192 1828 filius
219 1786 383 1840 David,
423 1804 560 1845 neque
589 1804 661 1830 rex
690 1787 908 1841 scribitur,
946 1801 1090 1846 potest
1125 1791 1252 1833 etiam
1279 1791 1362 1833 hoc
1394 1793 1502 1836 dici:

80 1864 191 1922 quia,
222 1882 318 1907 cum
347 1867 484 1908 factus
512 1866 641 1907 fuerit
671 1882 814 1908 servus
843 1866 950 1909 sicut
978 1868 1214 1921 Dominus,
1247 1880 1288 1910 et
1318 1869 1502 1927 discipu-

80 1942 145 1984 lus
175 1941 283 1984 sicut
311 1944 530 1997 magister,
569 1944 738 1985 videtur
769 1943 854 2001 jam
883 1962 1022 2003 neque
1051 1963 1193 1989 servus
1227 1963 1315 1990 esse
1344 1964 1502 2001 servus,

77 2021 211 2063 factus
243 2020 444 2063 videlicet
472 2022 580 2064 sicut
608 2022 843 2066 Dominus:
881 2040 1020 2081 neque
1056 2024 1289 2082 discipulus
1322 2042 1408 2067 esse
1438 2026 1502 2068 di-

76 2097 277 2155 scipulus,
308 2099 467 2157 quippe
498 2100 572 2158 qui
598 2100 707 2142 sicut
734 2101 932 2155 magister
961 2104 1137 2145 effectus
1168 2115 1250 2145 est:
1281 2105 1356 2145 sed
1372 2104 1499 2147 fuisse

78 2174 252 2231 quidem
280 2176 508 2234 aliquando
538 2178 793 2236 discipulus,
833 2196 946 2223 nunc
987 2198 1088 2224 vero
1121 2199 1208 2224 esse
1237 2182 1346 2225 sicut
1373 2184 1503 2239 magi-

81 2263 187 2295 ster:
228 2265 270 2295 et
306 2254 433 2298 fuisse
473 2258 647 2314 quidem
675 2274 818 2300 servus
847 2259 1100 2317 aliquando,
1138 2277 1252 2303 nunc
1281 2278 1382 2305 vero
1414 2280 1501 2306 esse

80 2330 189 2373 sicut
215 2331 440 2376 Dominus.
500 2335 643 2377 Simili
671 2336 800 2390 igitur
826 2337 992 2379 ratione
1023 2339 1150 2382 etiam
1181 2341 1233 2381 de
1261 2356 1358 2394 rege
1388 2352 1429 2382 et
1458 2340 1501 2382 in

80 2408 156 2461 his,
186 2408 228 2450 in
245 2411 288 2469 ⁵)
308 2426 414 2469 quos
443 2425 599 2466 regnat,
630 2414 792 2457 adverti
810 2431 934 2473 posse
954 2415 1181 2473 videbitur,
1215 2435 1309 2460 cum
1327 2435 1501 2474 regnum

197 2593 238 2650 Ι)
270 2593 356 2636 cfr.
385 2595 513 2638 Num.
544 2595 600 2647 Π,
631 2594 697 2640 32.
729 2596 794 2642 33.

194 2663 238 2720 2)
269 2664 378 2707 Edd.
399 2665 593 2708 Merlini:
614 2683 692 2708 nec
713 2682 892 2711 numero
913 2667 1138 2715 sociantur.
1170 2671 1225 2716 Et
1241 2689 1407 2716 rursum
1425 2686 1500 2717 etc.

195 2734 239 2791 3)
267 2735 393 2777 Num.
428 2736 507 2787 III,
538 2737 576 2779 5.
606 2737 645 2780 6.

197 2801 240 2861 ⁴)
271 2803 381 2847 Edd.
412 2806 608 2849 Merlini:
638 2810 893 2856 necessariis.
951 2812 1037 2857 Sed
1067 2816 1184 2858 aliud
1214 2817 1255 2858 in
1286 2829 1362 2859 etc.

197 2875 402 2932 ⁵)fDeest
433 2877 549 2930 „in“
581 2879 623 2921 in
655 2881 719 2921 ed.
751 2881 800 2923 R.

1079 2965 1174 3011 21*
