1759 3134
655 163 851 203 Homma
884 162 961 202 III.
1460 168 1512 212 51

89 271 230 312 mines
267 272 450 314 scilicet:
494 273 589 329 quia
626 289 711 312 non
751 287 896 312 omnes
934 272 1147 324 homines,
1186 275 1378 318 homines
1408 291 1515 320 sunt.

98 350 380 391 ostendamus
412 351 464 391 de
485 349 727 404 Scripturis,
762 350 980 403 quomodo
1013 351 1184 406 quidam
1213 353 1403 395 homines
1430 371 1519 395 non

98 426 180 467 sint
218 428 421 468 homines.
496 427 676 477 „Homo
705 425 748 478 ¹)
786 425 828 466 in
868 426 1030 467 honore
1068 428 1229 483 positus
1267 447 1354 472 non
1391 431 1518 472 intel-

97 503 218 554 lexit,
261 515 523 560 comparatus
557 515 618 544 est
645 502 844 561 jumentis
876 503 1191 559 insipientibus,
1222 518 1262 546 et
1286 508 1327 563 2)
1357 509 1516 550 assimi-

98 580 204 620 latus
237 592 298 621 est
328 581 420 622 iis.“
480 582 562 621 Iste
601 596 689 622 non
729 591 790 620 est
827 580 956 620 homo
998 582 1149 632 homo,
1189 584 1262 623 sed
1292 585 1421 626 homo
1449 587 1515 644 ju-

96 669 299 698 mentum.
371 656 635 707 „Generatio
661 656 702 712 ³)
745 658 1004 712 viperarum,
1043 659 1133 715 quis
1173 661 1357 702 ostendit
1394 664 1514 704 vobis

95 735 238 786 sugere
270 737 320 775 ab
351 735 411 775 ira
443 732 683 774 ventura?“
743 733 859 774 Talis
888 751 974 775 non
1005 748 1066 776 est
1095 737 1224 777 homo
1255 738 1410 781 homo:
1441 741 1515 781 sed

94 826 265 867 serpens
297 812 439 852 homo.
486 811 626 867 „Equi
648 810 689 866 ⁴)
726 810 768 850 in
804 811 979 853 seminas
1008 812 1258 856 insanientes
1286 816 1385 857 facti
1409 829 1517 867 sunt,

95 888 376 944 unusquisque
402 904 529 944 super
550 904 726 928 uxorem
749 888 934 943 proximi·
962 890 1025 930 sui
1056 890 1330 933 hinniebat:“
1365 905 1407 934 et
1435 894 1513 935 iste

91 980 178 1004 non
201 977 277 1006 ·est
316 966 445 1005 homo
484 966 636 1015 homo,
676 966 750 1005 sed
787 965 918 1006 homo
961 983 1104 1023 equus.
1171 969 1293 1009 Absit
1331 969 1458 1022 igitur
1492 987 1514 1011 a

88 1041 234 1092 nobis,
267 1053 314 1082 ut
342 1042 446 1083 tales
476 1042 626 1091 simus,
659 1041 731 1097 qui
760 1058 998 1084 mereamur
1026 1045 1170 1086 audire
1201 1062 1289 1086 non
1320 1062 1406 1088 esse
1435 1064 1514 1089 nos

90 1118 282 1159 homines
322 1119 536 1170 homines,
581 1120 655 1160 sed
692 1119 808 1160 aliud
850 1119 953 1175 quid
988 1133 1156 1176 praeter
1191 1123 1394 1165 homines.
1467 1125 1514 1167 Si

58 1185 60 1188 ,
93 1195 207 1236 enim
245 1196 349 1236 boni
388 1209 430 1237 et
465 1197 671 1238 mansueti
709 1214 873 1247 sumus,
913 1197 1178 1252 duplicamus
1216 1200 1398 1242 hominis
1436 1217 1513 1241 no-

92 1289 212 1324 men,
252 1284 300 1313 ut
336 1272 388 1313 sit
426 1273 469 1312 in
505 1273 628 1314 nobis
667 1290 753 1314 non
793 1273 1044 1330 simpliciter
1079 1276 1233 1326 homo,
1271 1278 1345 1318 sed
1380 1277 1511 1319 homo

91 1349 236 1390 homo.
297 1349 547 1400 Considera,
588 1367 639 1392 an
679 1351 865 1391 invenire
904 1351 1136 1401 valeamus,
1175 1352 1277 1408 quid
1308 1354 1361 1394 sit
1389 1354 1512 1405 illud,

92 1427 209 1482 quod
244 1442 400 1466 nomen
439 1426 622 1467 hominis
666 1427 856 1482 duplicet
883 1428 939 1482 ⁵).
1017 1427 1200 1481 Quando
1246 1429 1324 1470 iste
1368 1431 1514 1481 homo,

91 1503 164 1559 qui
196 1515 256 1544 est
288 1502 490 1552 exterior,
522 1504 652 1544 homo
683 1504 832 1554 fuerit,
863 1520 939 1555 eo,
969 1504 1042 1560 qui
1073 1517 1134 1546 est
1163 1505 1514 1559 interior-*homQ

88 1592 281 1637 serpente
321 1580 562 1630 exsistente,
600 1597 687 1622 non
727 1593 788 1622 est
824 1581 866 1621 in
905 1581 1028 1622 nobis
1065 1582 1196 1622 homo
1238 1583 1393 1634 homo,
1439 1587 1515 1626 sed

88 1669 251 1699 tantum
289 1658 433 1698 homo.
495 1657 678 1711 Quando
722 1674 822 1698 vero
861 1659 1039 1698 interior
1067 1659 1197 1699 homo
1228 1658 1341 1715 juxta
1369 1660 1516 1714 imagi—

88 1751 188 1776 nem
216 1733 548 1790 perseveraverit
578 1734 829 1783 conditoris,
860 1745 959 1774 tunc
988 1734 1172 1775 nascitur
1200 1735 1354 1786 homo,
1397 1748 1437 1777 et
1466 1737 1515 1778 fit

89 1810 330 1852 istiusmodi
368 1810 598 1850 secundum
638 1810 888 1851 exteriorem
928 1823 969 1852 et
1006 1811 1254 1852 interiorem
1283 1812 1513 1865 hominem,

89 1887 154 1928 bis
184 1888 314 1927 homo
344 1886 488 1927 homo.
549 1887 709 1937 Porro,
753 1887 787 1928 si
819 1888 910 1943 quis
950 1887 994 1928 in
1024 1889 1106 1929 hoc
1136 1901 1327 1940 vocatus,
1365 1901 1412 1930 ut
1442 1891 1514 1931 fiat

89 1965 220 2004 homo
251 1964 405 2013 homo,
443 1963 636 2018 posuerit
665 1964 941 2017 cogitationes
971 1981 1062 2005 suas
1091 1965 1134 2005 in
1167 1967 1295 2006 corde
1333 1983 1434 2018 suo,
1472 1978 1515 2007 et

90 2057 273 2097 poenam
305 2056 422 2081 suam
453 2051 547 2080 ante
574 2040 726 2082 faciem
750 2058 881 2091 suam,
913 2053 954 2082 et
973 2041 1136 2082 venerit
1161 2044 1213 2083 ad
1238 2044 1512 2098 prophetam:

90 2134 205 2170 „ego
233 2117 299 2173 ⁶),
336 2117 475 2174 inquit
503 2118 737 2169 Dominus,
775 2119 1044 2174 respondebo
1086 2119 1124 2159 ei
1163 2119 1207 2160 in
1238 2120 1323 2170 his,
1364 2121 1513 2176 quibus

90 2194 303 2235 detinetur
338 2211 456 2236 mens
504 2194 634 2253 ejus.“
692 2196 836 2237 Docet
873 2212 951 2237 nos
984 2213 1123 2237 sermo
1154 2213 1371 2253 praesens,
1410 2214 1516 2254 quo-

88 2273 219 2313 modo
251 2284 418 2328 poterat
447 2272 619 2325 singulis
650 2275 930 2329 respondere,
970 2291 1048 2315 nec
1085 2274 1329 2330 importuna
1368 2277 1515 2316 admo-

91 2364 189 2388 vere
225 2349 527 2400 medicamina,
567 2351 641 2390 sed
677 2366 756 2406 pro
798 2351 998 2407 qualitate
1036 2353 1287 2393 morborum
1332 2369 1515 2405 congrua

95 2439 286 2481 quaeque
317 2428 523 2482 proferre.
582 2425 896 2478 Animadverte,
931 2429 1048 2484 quod
1080 2428 1272 2470 dicimus.
1332 2430 1401 2470 Ad
1428 2445 1516 2470 me-

214 2617 254 2675 ¹)
285 2618 439 2659 Psalm.
471 2620 624 2672 XLIX,
663 2621 727 2665 12.
759 2623 1000 2680 (XLVIII.)

209 2688 252 2743 2)
283 2688 415 2728 Deest
445 2696 561 2739 „et“
591 2690 635 2730 in
666 2692 730 2732 ed.
762 2693 909 2734 Ruaei.
1028 2693 1070 2750 ³)
1101 2694 1251 2735 Matth.
1282 2695 1360 2745 III,
1391 2696 1427 2738 7.

190 2757 253 2822 ⁴⁴)
291 2759 446 2799 Jerem.
477 2758 528 2808 V,
557 2758 596 2801 8.
636 2783 686 2789 —
730 2760 838 2803 Edd.
878 2763 938 2804 M.
980 2778 1226 2818 perperam:
1268 2764 1323 2804 Et
1363 2764 1432 2819 qui
1473 2765 1512 2804 in

100 2814 274 2854 femmas
306 2826 382 2854 etc.

210 2883 251 2939 ⁵)
282 2883 360 2925 Ed.
393 2884 548 2926 Ruaei:
582 2885 785 2941 duplices.
906 2888 953 2944 ⁶)
982 2888 1134 2929 Ezech.
1165 2888 1283 2938 XIV,
1313 2888 1351 2929 4.

1142 2971 1169 3013 4
1187 2973 1206 2995 ³!—
