1759 3134
267 78 353 123 276
563 75 783 116 Ommzms
814 83 859 113 m
891 70 1073 112 CANTIC.
1106 70 1409 112 CAN-riconum

273 194 350 232 bus
370 187 638 245 impeditum,
667 202 745 226 nec
771 201 817 225 ea
836 185 877 240 ¹)
908 184 959 224 ab
989 183 1074 223 alio
1103 182 1183 224 nisi
1212 200 1234 223 a
1265 199 1307 223 se
1339 198 1462 239 posse
1493 185 1691 235 conscidi,

274 269 389 310 v-enit
419 267 471 306 ad
499 263 623 313 retia,
653 279 864 304 assumens
897 277 1049 316 corpus
1078 260 1327 310 humanum,
1359 262 1474 316 quod
1507 261 1693 303 inimica—

274 364 366 387 rum
399 341 696 384 fortitudinum
728 340 886 396 laqueis
919 339 1149 387 tenebatur,
1180 355 1226 379 ea
1258 338 1336 378 tibi
1357 338 1529 393 dirupit,
1560 350 1598 377 et
1633 340 1693 379 lo-

275 421 434 478 queris:
470 419 663 473 „ecce²)
694 418 760 458 hic
791 429 903 457 retro
935 427 1031 470 post
1062 415 1266 470 parietem
1294 427 1500 464 nostrum,
1530 415 1695 470 prospi-

275 501 387 540 ciens
417 515 495 554 per
524 498 744 546 fenestras,
788 494 974 535 eminens
1006 510 1082 548 per
1110 492 1257 533 retia.“
1317 493 1424 533 Cum
1460 492 1696 541 eminuerit,

271 577 378 618 dicit
410 575 508 616 tibi:
551 572 870 629 ,‚resp0n‹lt·t³)
901 569 1111 610 fratruelis
1146 587 1288 620 meus,
1333 582 1372 610 et
1403 571 1526 612 dicit:
1564 587 1699 622 surge,

275 654 371 696 veni
411 652 604 709 proxima
644 656 796 690 mca:“
835 647 942 687 viam
984 647 1060 686 tibi
1099 647 1206 696 feci,
1246 648 1433 688 conscidi
1473 649 1601 698 retia,
1638 649 1696 688 sic

276 732 373 773 veni
419 731 470 770 ad
517 747 584 769 me
632 727 822 784 proxima
870 742 977 767 mea.
1061 726 1229 777 „Surge
1253 725 1318 780 ⁴),
1366 726 1459 766 veni
1506 725 1696 781 proxima

273 826 389 856 mea,
430 805 618 862 speciosa
658 822 774 853 mea,
814 804 1010 844 columba
1041 809 1174 842 mea.“
1237 802 1322 843 Cur
1360 802 1437 843 ait:
1476 802 1696 855 ,‚surge?“

274 905 348 928 cur
377 882 654 941 „propera?“
702 882 793 933 Ego
828 898 903 937 pro
936 893 976 921 te
1008 880 1184 921 sustinui
1204 880 1363 921 rabiem
1387 892 1697 937 tempestatum,

269 981 350 1017 ego
391 964 564 1010 fluctus,
602 960 674 1016 qui
714 959 792 999 tihi
830 959 1112 1006 debebantur,
1153 958 1309 1013 excepi.
1379 959 1526 999 Tristis
1551 959 1592 1016 ⁵)
1638 970 1696 999 est

272 1044 396 1082 facta·
419 1039 557 1080 anima
595 1053 689 1077 mea
727 1047 907 1091 propter
943 1046 983 1074 te
1025 1051 1157 1089 usque
1189 1037 1241 1076 ad
1271 1049 1466 1076 mortem.
1527 1035 1697 1077 Sul-rexi

270 1138 294 1160 a
330 1116 512 1160 mortuis
550 1114 691 1155 fractis
721 1112 870 1152 mortis
900 1111 1055 1169 januis,
1098 1124 1137 1151 et
1177 1112 1329 1153 inferni
1359 1112 1537 1153 vinculis
1567 1112 1699 1151 disso-

270 1196 383 1236 lutis.
444 1193 548 1233 Ideo
582 1190 678 1231 dico
709 1189 809 1229 tibi:
841 1204 997 1240 „surge
1023 1188 1089 1244 6)‚
1123 1190 1218 1229 veni
1248 1189 1439 1245 proxima
1468 1205 1575 1238 mea,
1605 1204 1698 1243 spe-

273 1274 387 1314 ciosa
424 1286 539 1318 mea,
584 1268 784 1309 columba
822 1282 935 1305 mea:
981 1265 1080 1321 quia
1124 1266 1257 1307 hiems
1300 1267 1510 1317 transivit,
1554 1265 1698 1321 pluvia

271 1350 398 1399 abiit,
441 1349 569 1388 flores
610 1345 686 1385 visi
727 1356 823 1384 sunt
853 1342 895 1382 in
925 1349 1076 1382 terra.“
1134 1343 1224 1395 Ego
1256 1360 1278 1384 a
1308 1344 1487 1384 mortuis
1515 1359 1699 1396 surgens,

270 1437 520 1483 tempestate
561 1437 824 1477 compressa,
863 1419 1214 1475 tranquillitatem
1256 1421 1436 1467 reddidi,
1506 1421 1565 1461 Et
1603 1420 1699 1475 quia

270 1506 503 1548 secundum
543 1498 898 1555 dispensationem
937 1497 1068 1537 carnis
1108 1514 1156 1537 ex
1187 1497 1369 1550 virgine,
1410 1510 1450 1538 et
1480 1498 1697 1537 voluntate

269 1583 401 1640 ,patris
434 1579 559 1628 crevi,
593 1589 633 1618 et
661 1575 877 1631 sapie-ntia,
910 1585 950 1614 et
979 1585 1114 1614 aetate
1143 1575 1333 1630 profeci,
1365 1576 1490 1615 ssores
1516 1576 1558 1630 ⁷)
1591 1574 1696 1624 „visi

271 1662 366 1702 sunt'
405 1659 449 1699 in
488 1669 621 1705 terra,
659 1666 827 1708 tempus
865 1651 1063 1691 sectionis
1103 1652 1262 1691 adest.“
1322 1652 1465 1692 Sectio
1505 1652 1696 1692 remissio

270 1749 544 1796 peccatorum
574 1744 647 1774 est.
710 1731 894 1771 Omnem
926 1729 1037 1769 enim
1063 1746 1240 1779 ramum,
1271 1729 1329 1769 ait
1351 1730 1409 1785 ὅ),
1439 1729 1481 1770 in
1513 1747 1581 1771 me
1612 1746 1698 1771 ma-

270 1826 464 1862 nentem,
507 1822 548 1850 et
586 1809 834 1850 afferentem
872 1808 1058 1848 fructum
1097 1819 1218 1862 pater
1258 1823 1376 1847 meus
1414 1810 1610 1859 mundat,
1651 1820 1697 1849 ut

269 1895 430 1933 fructus
458 1887 640 1944 majores
671 1886 831 1926 afferat.
890 1885 1058 1925 Habeto
1088 1885 1273 1935 fructus,
1315 1897 1355 1925 et
1385 1886 1550 1940 priora,
1591 1902 1694 1941 quae

269 1971 313 2010 in
352 1982 393 2009 te
433 1968 693 2008 infructuosa
731 1974 849 2012 sunt,
893 1963 1152 2003 auferuntur.
1212 1962 1427 2017 „Tempus
1454 1963 1498 2016 ⁹)
1539 1962 1697 2018 quippe

270 2034 466 2088 sectionis
496 2044 635 2091 adest,
675 2057 756 2081 vox
794 2039 968 2080 turturis
1008 2039 1150 2079 audita
1189 2051 1250 2080 est
1290 2039 1332 2080 in
1372 2051 1482 2079 terra
1512 2046 1696 2080 nostra.“

267 2126 367 2166 Non
404 2122 492 2163 sine
533 2135 652 2160 causa
698 2118 741 2158 in
771 2117 977 2158 sacrificio
1010 2116 1233 2157 assumitur
1265 2133 1341 2172 par
1371 2117 1439 2171 ¹⁰)
1470 2127 1696 2166 turturum,

269 2213 340 2243 aut
378 2201 463 2240 duo
503 2196 614 2253 pulli
653 2195 961 2235 columbarum.
1020 2195 1128 2234 Nam
1170 2193 1284 2233 idem
1315 2194 1475 2243 valent,
1522 2205 1563 2234 et
1592 2210 1697 2234 nun-

272 2296 396 2335 quam
417 2277 578 2335 dictum
609 2284 671 2313 est
700 2271 924 2327 separatim
953 2287 1030 2327 par
1059 2272 1355 2312 tantummodo
1389 2272 1696 2321 columbarum,

275 2399 390 2406 -——⁴

391 2475 432 2530 ¹)
462 2472 571 2514 Edd.
600 2468 796 2511 Merlini:
829 2485 936 2510 eum.
1059 2470 1103 2525 2)
1135 2468 1294 2511 Cantic.
1327 2469 1382 2519 II,
1413 2468 1451 2511 9.

386 2545 428 2598 ³)
465 2540 623 2584 Cantic.
655 2541 711 2590 II,
743 2539 808 2583 10.
930 2538 974 2593 ⁴)
1006 2539 1164 2582 Cantic.
1196 2541 1252 2590 II,
1286 2538 1350 2583 10.

386 2615 428 2671 ⁵)
461 2613 548 2654 Cfr.
580 2611 730 2652 Matth.
759 2610 918 2660 XXVI,
956 2609 1023 2654 38.

385 2685 428 2740 ⁶)
460 2683 547 2724 Csr.
581 2681 738 2723 Cantic.
769 2681 826 2730 II,
860 2679 923 2723 10.
958 2681 1022 2724 11.
1056 2681 1120 2724 12.

385 2755 427 2810 7)
459 2751 618 2795 Cantic.
649 2750 705 2802 Il,
737 2750 802 2793 12.
924 2749 970 2803 ⁸)
1004 2752 1091 2794 Cfr.
1125 2767 1185 2793 ev.
1216 2751 1366 2793 Joann.
1398 2751 1490 2801 XV,
1520 2749 1557 2793 2.

382 2823 425 2879 ⁹)
458 2821 617 2866 Cantic.
647 2822 703 2872 II,
736 2820 800 2863 12.
926 2823 994 2878 ¹⁰)
1028 2822 1114 2865 Cfr.
1147 2822 1279 2864 Levit.
1311 2821 1411 2871 XII,
1441 2819 1485 2862 6.
