1759 3134
235 124 318 171 330
530 125 750 168 Omeems
780 139 824 169 m
856 126 1037 169 CANrm.
1071 127 1372 172 CArzricome

233 252 314 290 tus,
343 254 478 297 neque
496 238 536 295 ¹)
566 240 752 293 angelus,
779 241 853 281 sed
884 240 1001 297 „ipse
1022 239 1065 294 2)
1092 240 1304 283 Dominus
1334 242 1512 285 salvabit
1539 252 1656 288 uos.“

235 318 382 362 Tertio
412 333 514 360 vero
547 318 821 375 expositionis
852 319 949 361 loco
976 319 1292 363 introducamus
1313 319 1509 372 animam,
1540 321 1656 381 cujus

234 413 360 439 omne
388 395 576 440 studium
605 395 659 438 sit
688 395 885 454 conjungi
916 408 958 439 et
988 398 1223 441 consociari
1245 399 1288 456 ³)
1318 400 1449 441 verbo
1478 399 1586 450 Dei,
1616 412 1659 442 et

233 474 341 517 intra
374 474 572 534 mysteria
601 474 828 532 sapientiae
860 476 948 534 ejus
977 493 1025 518 ac
1055 476 1251 519 scientiae
1279 476 1321 533 ⁴)
1358 477 1475 519 velut
1511 479 1657 534 sponsi

232 553 427 596 coelestis
470 554 677 595 thalamos
722 553 899 596 intrare:
954 554 1105 612 cuique
1148 555 1313 598 animae
1355 555 1590 612 praesentia
1615 557 1656 612 ⁵)

231 630 361 674 etiam
403 630 534 689 ipsius
578 648 754 674 munera
800 633 894 675 data
938 644 1056 683 sunt,
1095 633 1220 676 dotis
1267 632 1429 676 scilicet
1471 633 1680 676 nomines

230 709 352 752 Sicut
392 710 504 752 enim
543 710 744 752 ecclesiae
776 712 853 752 dos
883 711 964 752 fuit
996 711 1097 765 legis
1129 723 1171 753 et
1199 712 1506 769 prophetarum
1534 713 1657 754 volu-

229 786 355 838 mina,
385 786 443 829 ita
472 787 570 830 huic
601 788 667 830 lex
696 800 868 830 naturae
899 800 941 831 et
965 789 1007 846 ⁶)
1034 789 1253 834 rationalis
1281 807 1424 832 sensus
1453 807 1501 832 ac
1530 790 1657 833 liber-

228 877 289 906 tas
333 865 496 908 arbitrii
543 866 701 909 dotalia
743 883 916 909 munera
958 868 1227 924 deputentur.
1301 868 1471 911 Habens
1516 880 1657 911 autem

228 944 330 986 haec
369 943 480 986 dotis
518 961 616 987 suae
645 962 843 997 munera,
883 945 937 988 sit
967 945 1006 987 ei
1035 945 1197 1002 primae
1223 945 1266 1003 ⁷)
1299 947 1549 989 eruditionis
1581 948 1657 989 do-

227 1021 360 1064 ctrina
390 1038 413 1065 a
435 1022 720 1065 monitoribus
740 1023 1075 1080 doctoribusque
1099 1025 1370 1071 descendens.
1415 1026 1502 1068 Sed
1519 1043 1655 1083 quon-

223 1099 309 1141 iam
346 1099 391 1141 in
430 1100 494 1142 his
532 1117 620 1142 non
660 1112 721 1142 est
762 1100 800 1142 ei
830 1102 958 1157 plena
988 1113 1112 1158 atque
1142 1103 1331 1157 perfecta
1362 1102 1561 1144 desiderii
1589 1104 1655 1145 sui

224 1189 266 1219 et
292 1177 448 1220 amoris
479 1178 666 1235 expletio
683 1210 694 1229 ‚
725 1180 993 1235 deprecetur,
1022 1190 1070 1220 ut
1098 1194 1217 1221 mens
1248 1178 1337 1237 ejus
1366 1196 1473 1236 pura
1502 1192 1544 1222 et
1572 1182 1655 1224 vir-

223 1255 371 1309 ginalis
411 1255 542 1313 ipsius
581 1256 700 1298 verbi
729 1257 815 1299 Dei
854 1255 1238 1299 illuminationibus
1273 1268 1316 1299 et
1345 1256 1654 1302 visitationibus

226 1333 475 1377 illustretur.
546 1334 656 1377 Cum
696 1335 811 1378 enim
846 1336 968 1378 nullo
1007 1335 1213 1387 hominis,
1252 1336 1321 1377 vel
1358 1336 1494 1390 angeli
1531 1336 1655 1379 mini-

222 1412 351 1454 sterio
383 1412 535 1455 divinis
566 1413 753 1456 sensibus
785 1426 824 1456 et
856 1413 1143 1456 intellectibus
1163 1430 1282 1455 mens
1305 1414 1522 1471 impletur,
1551 1426 1652 1458 tunc

221 1489 352 1547 ipsius
395 1491 539 1534 oscula
576 1492 694 1533 verbi
731 1492 817 1534 Dei
850 1492 1064 1550 suscipere
1103 1509 1192 1534 sese
1242 1494 1395 1534 credat.
1467 1493 1651 1549 Propter

220 1568 323 1609 haec
341 1583 440 1622 ergo
465 1582 507 1612 et
525 1569 769 1628 hujusmodi
791 1572 935 1612 oscula
952 1571 1064 1612 dicat
1084 1571 1233 1622 anima,
1267 1588 1387 1613 orans
1413 1572 1466 1612 ad
1481 1571 1649 1613 Deum:

222 1647 476 1697 „osculetur
499 1647 544 1703 8)
579 1664 649 1689 me
679 1649 731 1689 ab
763 1649 910 1690 osculo
944 1648 1028 1690 oris
1068 1648 1172 1692 sui.“
1231 1649 1349 1690 Dum
1370 1649 1412 1706 9)
1445 1649 1557 1691 enim
1587 1649 1650 1692 in-

221 1741 349 1782 capax
378 1726 474 1777 fuit,
504 1738 552 1768 ut
580 1726 710 1783 ipsius
740 1727 859 1769 verbi
878 1727 963 1770 Dei
995 1739 1165 1784 caperet
1193 1744 1353 1769 meram
1382 1727 1648 1786 solidamque

223 1803 473 1855 doctrinam,
504 1805 736 1848 necessaria
765 1805 949 1862 suscepit
980 1806 1136 1856 oscula,
1167 1805 1211 1847 id
1233 1818 1307 1857 est,
1337 1822 1478 1848 sensus
1501 1808 1553 1848 ab
1574 1824 1647 1850 ore

223 1881 469 1925 doctorum:
501 1884 575 1925 ubi
608 1901 708 1926 vero
739 1896 892 1941 sponte
924 1883 1006 1941 jam
1037 1884 1228 1941 coeperit
1253 1885 1319 1941 ¹⁰)
1352 1886 1529 1928 obscura
1560 1902 1648 1928 cer-

221 1977 344 2013 nere,
376 1963 558 2004 enodare
588 1963 811 2020 perplexa,
843 1963 1035 2004 involuta
1065 1962 1318 2015 dissolvere,
1355 1965 1575 2021 parabolas
1605 1978 1646 2006 et

221 2039 465 2093 aenigmata,
496 2041 691 2101 dictaque
722 2041 960 2098 sapientum
985 2041 1324 2100 competentibus
1342 2042 1644 2098 intelligentiae

335 2274 376 2331 ¹)
406 2274 515 2316 Edd.
548 2274 746 2316 Merlini:
775 2291 861 2317 non
892 2275 1073 2329 angelus.

335 2345 378 2401 ²)
409 2345 536 2387 Jesai.
565 2346 774 2397 XXXIII,
803 2346 871 2390 22.

331 2416 377 2473 ³)
407 2416 518 2457 Edd.
550 2416 746 2459 Merlini:
777 2417 941 2459 sociari.

335 2486 377 2540 ⁴)
407 2486 520 2528 Edd.
549 2487 745 2529 Merlini:
777 2488 974 2530 scientiae
1007 2489 1107 2548 ejus.

333 2556 377 2612 ⁵)
407 2558 518 2600 Edd.
549 2558 744 2600 Merlini:
777 2561 1012 2616 praesentia
1043 2561 1130 2619 ejus
1161 2562 1288 2605 etiam
1315 2581 1488 2610 munera
1518 2580 1594 2611 etc.

331 2627 376 2684 6)
404 2629 514 2671 Edd.
545 2629 738 2671 Merl'mi:
771 2642 813 2671 et
841 2632 1040 2675 naturalis
1070 2650 1211 2676 sensus
1241 2647 1318 2678 etc.

333 2699 374 2755 ⁷)
403 2699 513 2741 Edd.
544 2699 737 2741 Merlini:
769 2701 923 2757 primo.
1044 2705 1088 2762 8)
1116 2705 1276 2749 cantic.
1308 2709 1343 2760 I,
1372 2709 1412 2753 2.

332 2769 375 2826 ⁹)
404 2770 514 2812 Edd.
545 2769 739 2835 Merlini:
779 2772 898 2814 Dum
938 2775 1052 2818 enim
1088 2775 1205 2819 idem
1243 2795 1370 2836 capax
1400 2782 1551 2836 fuerit,
1589 2796 1636 2827 ut

212 2826 343 2891 ipsius
373 2827 492 2868 verbi
521 2827 607 2868 De1
637 2840 807 2884 caperet
835 2846 977 2874 veram
1007 2833 1271 2893 solidamque
1307 2848 1384 2880 etc.

303 2896 373 2955 ¹⁰)
403 2897 512 2941 Edd.
544 2897 740 2943 Merlini:
772 2901 926 2959 coepit.
