1759 3134
221 170 305 215 378
514 170 734 209 Onmssms
766 179 808 208 m
843 165 1022 207 CAN'rtc.
1056 163 1355 206 Cmrscouum

222 283 344 333 mibi,
385 283 458 323 sed
488 280 715 337 praeteriit.
775 280 873 321 Hoc
903 289 1043 320 autem
1073 276 1130 318 ita
1161 294 1270 327 esse,
1311 276 1437 318 etiarn
1467 288 1532 327 tu,
1572 279 1642 334 qui

222 362 351 404 Israel
383 358 556 409 diceris,
588 375 633 400 re
664 358 755 414 ipsa
785 367 978 413 expertus
1009 354 1092 413 jam
1122 353 1290 411 jamque
1322 371 1571 408 cognosces,
1602 367 1644 396 et

224 439 358 481 dices:
389 437 497 479 sicut
528 436 640 478 enim
669 451 738 477 me
767 434 994 491 aliquando
1026 448 1113 474 non
1145 433 1340 474 credente
1370 445 1416 474 tu
1440 444 1644 474 assumtus

223 534 289 568 es,
329 527 371 557 et
400 514 733 556 misericordiam
765 522 1033 561 consecutus,
1079 521 1120 551 et
1148 524 1190 551 te
1221 509 1404 566 respexit
1433 510 1497 552 sol
1528 509 1644 566 justi-

221 595 325 645 tiae,
373 610 442 635 me
482 603 622 634 autem
659 603 811 647 utpote
852 588 1170 631 inobedientem
1201 599 1242 630 et
1275 587 1541 630 incredulum
1572 588 1644 628 de-

220 672 376 730 spexit,
407 682 449 713 et
478 669 654 728 sprevit:
701 668 758 710 ita
789 679 831 709 et
860 684 994 717 nunc,
1034 665 1131 722 quia
1160 677 1205 707 tu
1238 665 1481 707 incredulus
1512 676 1553 706 et
1582 664 1645 706 in-

222 750 424 792 obediens
454 749 588 790 factus
620 763 684 797 es,
726 761 801 798 ego
833 761 958 802 spero
989 743 1144 800 respici
1174 760 1196 785 a
1226 743 1317 785 sole
1355 741 1562 801 justitiae,
1601 753 1643 783 et

220 826 555 869 misericordiam
598 822 810 880 consequi.
882 821 1013 877 Quod
1053 833 1194 863 autem
1245 832 1391 863 mutua
1429 817 1553 861 nobis
1591 818 1645 860 sit

219 905 320 949 solis
349 905 427 946 ista
457 901 697 960 despectio,
740 912 781 942 et
811 916 887 954 ego
926 900 1065 956 primo
1105 916 1185 956 pro
1235 898 1522 940 inobedientia
1552 913 1646 939 mea

222 985 442 1040 despectus
473 998 588 1031 sum,
618 991 664 1021 tu
695 995 796 1020 vero
827 989 1063 1034 respectus:
1094 994 1207 1019 nunc
1238 988 1378 1018 autem
1411 976 1537 1018 etiam
1566 975 1645 1017 tibi

219 1079 305 1105 non
334 1061 475 1103 solum
505 1060 728 1114 despectus
757 1055 885 1106 solis,
923 1056 998 1096 sed
1029 1066 1070 1096 et
1100 1055 1276 1097 caecitas
1307 1055 1513 1111 quaedam
1543 1053 1645 1094 licet

221 1156 269 1181 ex
298 1149 417 1195 parte
449 1135 697 1188 contigerit,
727 1144 878 1174 testem
907 1131 986 1173 tibi
1016 1133 1252 1188 producam
1281 1132 1572 1185 magnificum,
1605 1142 1646 1172 et

221 1215 414 1258 coelestis
444 1212 594 1256 secreti
625 1210 842 1253 conscium
863 1209 1071 1260 Paulum,
1101 1209 1174 1266 qui
1203 1209 1262 1251 ita
1292 1208 1414 1250 dicit:
1445 1207 1588 1258 „sicut
1606 1207 1646 1263 ¹)

220 1293 333 1336 enim
374 1297 486 1333 vos“
519 1313 570 1321 —-
601 1291 654 1332 de
694 1287 887 1342 gentibus
926 1286 1015 1329 sine
1059 1287 1190 1329 dubio
1232 1287 1410 1343 loquens
1444 1309 1494 1316 -
1534 1282 1646 1334 „ali-

221 1371 389 1429 quando
420 1386 507 1411 non
547 1366 783 1409 credidistis
813 1366 934 1415 Deo,
979 1381 1091 1406 nunc
1130 1376 1270 1406 autem
1310 1361 1645 1404 misericordiam

220 1448 436 1491 consecuti
468 1446 564 1488 estis
607 1455 786 1501 propter
822 1443 1058 1499 istorum2)
1100 1441 1463 1484 incredulitatem:
1509 1439 1566 1481 ita
1606 1450 1647 1480 et

221 1528 288 1570 isti
320 1543 406 1569 non
438 1524 708 1567 crediderunt
752 1521 793 1562 in
824 1531 960 1562 vestra
991 1520 1302 1571 misericordia,
1340 1530 1387 1560 ut
1428 1518 1525 1574 et³)
1566 1516 1647 1573 ipsi

220 1602 554 1647 misericordiam
605 1610 927 1655 consequantur.
941 1604 964 1623 “
1044 1599 1101 1639 Et
1143 1598 1245 1640 item
1295 1597 1336 1638 in
1385 1594 1475 1637 aliis
1523 1594 1644 1636 dicit:

221 1683 354 1740 „quia
368 1682 410 1736 ⁴)
443 1679 618 1722 caecitas
651 1695 699 1719 ex
729 1687 850 1733 parte
884 1675 1060 1728 contigit
1090 1675 1131 1716 in
1165 1676 1313 1726 Israel,
1345 1675 1481 1717 donec
1510 1674 1647 1730 pleni-

220 1762 325 1803 tudo
357 1758 546 1813 gentium
575 1756 763 1797 intraret.
778 1761 802 1780 “
862 1754 973 1796 Hinc
1005 1770 1103 1807 ergo
1146 1765 1207 1795 est
1245 1752 1288 1794 in
1325 1770 1418 1803 me,
1463 1753 1645 1809 quam⁵)

221 1839 472 1895 exprobras,
523 1835 598 1876 ista
628 1833 829 1887 nigredo,
870 1831 968 1889 quia
987 1832 1027 1887 6)
1061 1831 1250 1887 despexit
1278 1847 1346 1872 me
1377 1831 1442 1871 sol
1472 1842 1650 1887 propter

221 1915 563 1958 incredulitatem
596 1924 638 1953 et
667 1910 999 1953 inobedientiam
1030 1925 1182 1951 meam.
1244 1909 1351 1951 Cum
1394 1925 1493 1950 vero
1535 1920 1648 1950 recte

221 2004 376 2036 stetero
409 2003 503 2033 ante
536 2008 647 2041 eum,
681 2001 723 2031 et
752 2006 839 2031 non
870 1990 992 2030 fuero
1026 1987 1223 2044 obliquus
1254 1986 1299 2029 in
1323 1986 1479 2043 alique,
1511 2002 1648 2042 neque

221 2071 489 2113 declinavero
522 2070 573 2111 ad
606 2070 842 2118 dexteram,
873 2083 1012 2123 neque
1043 2066 1096 2107 ad
1125 2065 1358 2116 sinistram,
1400 2066 1474 2106 sed
1504 2065 1646 2105 fecero

219 2161 353 2191 rectas
383 2147 549 2188 semitas
579 2146 760 2202 pedibus
790 2144 896 2186 meis
929 2155 1073 2185 contra
1110 2143 1247 2184 solem
1288 2142 1491 2200 justitiae,
1536 2143 1650 2184 ince-

223 2227 323 2267 dens
355 2225 397 2267 in
428 2223 624 2265 omnibus
655 2220 1023 2281 justificationibus
1056 2220 1142 2278 ejus
1181 2220 1268 2261 sine
1311 2221 1502 2277 querela:
1549 2232 1648 2262 tunc

224 2316 265 2346 et
293 2303 382 2360 ipse
421 2313 558 2344 rectus
589 2316 657 2341 me
687 2298 904 2356 respiciet,
953 2310 994 2340 et
1021 2298 1139 2340 nulla
1170 2298 1250 2340 erit
1282 2298 1531 2357 obliquitas,
1570 2316 1648 2341 nec

345 2508 383 2563 ¹)
416 2505 502 2549 Cfr.
533 2507 658 2547 Rom.
691 2503 767 2554 IX,
797 2502 864 2546 30.
895 2501 964 2547 31.

341 2579 387 2635 ²)
415 2577 526 2618 Edd.
568 2577 630 2618 M.
672 2574 937 2626 „illorum.“

339 2649 384 2704 3)
412 2648 557 2710 Deest·
577 2652 690 2698 „et“
720 2646 762 2687 in
795 2647 861 2687 ed.
892 2645 1037 2688 Ruaei.
1160 2644 1201 2704 ⁴)
1232 2647 1356 2687 Rom.
1388 2646 1468 2699 XI,
1495 2646 1563 2691 25.

344 2719 385 2773 ⁵)
421 2719 531 2760 Edd.
564 2719 625 2761 M.
658 2733 822 2774 „quern
854 2718 1128 2775 exprobrat.“

342 2789 385 2845 6)
415 2787 653 2846 Procopius
701 2804 749 2830 ex
803 2787 1004 2842 Origene:
1063 2786 1442 2844 „Zzouoffszodv
1488 2805 1546 2847 με
1594 2793 1645 2845 τῆ

228 2860 428 2917 ἁμαρτίᾳ
460 2857 657 2918 Χριστὸς
684 2860 875 2917 παρεῖδε
918 2858 994 2903 διὰ
1025 2857 1107 2915 τὴν
1139 2858 1389 2921 ἁμαρτίαν·
1439 2855 1494 2905 ὃν
1522 2837 1653 2917 ἥλιον

231 2927 520 2986 δικαιοσύνης
551 2927 910 2989 ἀναγορεύουσιν
940 2931 988 2974 αἱ
1016 2933 1243 2992 γραφαί.“
1301 2931 1479 2974 Ruaeus.
