1759 3134
611 165 807 206 HommA
835 163 942 203 XIII
947 197 954 203 .
1409 167 1486 211 169

77 295 191 327 mor,
224 291 263 318 et
296 293 446 326 venae,
477 277 551 317 ubi
579 275 749 316 materia
777 274 1033 328 corporalis,
1071 292 1154 316 non
1186 279 1345 332 poteris
1374 280 1488 322 inve-

78 356 178 395 nire.
241 355 286 396 Si
327 354 497 409 quidem
516 342 646 393 ⁵verus
679 352 808 391 decor
835 349 877 389 in
909 351 1125 392 Salvatore
1158 366 1239 404 est,
1279 369 1319 397 et
1349 357 1405 398 ita
1435 360 1486 398 ab
1542 394 1546 397 .

80 432 156 471 illo
188 431 300 488 juxta
331 427 592 482 largitionem
624 440 664 468 et
692 426 1023 467 misericordiam
1053 428 1139 485 ejus
1169 430 1210 470 in
1241 446 1486 476 cunctorum

77 508 229 548 divisus
276 518 335 547 est
379 507 546 547 animas.
619 494 881 555 „Accingere
908 503 946 557 ¹)
992 504 1176 556 gladium
1218 519 1337 549 tuum
1380 512 1487 553 circa

75 586 212 625 femur
239 595 357 623 tuum
390 581 697 637 potentissime,
741 580 881 636 specie
911 593 1003 631 tua,
1043 593 1083 621 et
1122 583 1274 623 decore
1305 596 1403 635 tuo,
1447 600 1487 628 et

75 660 387 716 pulchritudine
418 665 529 700 tua.“
586 659 660 699 Est
699 658 826 710 igitur
854 658 1003 713 aliquis
1035 660 1165 699 decor
1193 659 1235 700 in
1264 663 1488 718 principali

75 737 211 777 cordis
242 737 387 787 nostri,
424 747 464 776 et
494 735 536 775 in
567 735 714 775 anima.
777 734 888 788 Quia
918 747 1057 776 autem
1089 736 1326 779 istiusmodi
1358 741 1487 781 decor

75 813 198 854 ctiam
237 815 289 854 ad
327 813 505 853 animam
543 813 750 868 pertingat
787 812 1031 863 humanam,
1074 815 1302 870 prophetes
1340 830 1382 858 te
1414 819 1488 858 do-

76 902 186 940 ceat,
217 890 378 933 dicens:
406 890 586 942 ‚,audi²)
620 889 718 939 filia,
750 900 790 929 et
808 889 917 939 vide,
950 901 990 930 et
1019 889 1174 932 inclina
1191 909 1335 934 aurem
1359 906 1488 945 tuam,

77 979 115 1006 et
148 967 396 1007 obliviscere
425 967 591 1022 populi,
624 978 662 1007 et
694 968 844 1007 domus
875 967 1002 1021 patris
1026 967 1102 1017 tui,
1133 969 1228 1024 quia
1247 974 1489 1028 concupivit

74 1060 144 1084 rex
176 1045 372 1083 decorem
402 1050 564 1093 tuum,“
594 1044 637 1084 id
670 1055 742 1093 est,
774 1044 962 1099 sponsus.
1024 1044 1130 1098 Quis
1160 1046 1218 1087 ita
1247 1049 1372 1090 habet
1394 1052 1489 1106 pul-

75 1121 213 1161 chram
245 1120 444 1171 animam,
485 1121 576 1176 quis
614 1133 778 1162 tantum
813 1121 1001 1176 possidet
1041 1124 1260 1175 decorem,
1304 1127 1394 1182 quis
1432 1128 1488 1169 ita

75 1210 136 1238 est
166 1209 379 1238 extraneus
409 1200 459 1238 ab
494 1198 609 1238 omni
640 1199 866 1246 foeditate,
905 1209 953 1238 ut
981 1199 1115 1253 possit
1147 1200 1185 1240 ei
1216 1202 1321 1243 dici:
1361 1221 1486 1254 „con-

77 1274 235 1330 cupivit
258 1276 300 1330 ³)
346 1291 416 1315 rex
455 1276 653 1315 decorem
691 1274 874 1315 tuum?“
947 1274 1002 1315 Et
1045 1288 1090 1316 tu
1137 1278 1307 1333 quidem
1352 1282 1486 1323 adhuc

75 1352 201 1391 istum
230 1352 393 1407 quaeris
426 1353 636 1401 decorem,
668 1363 708 1392 et
737 1351 880 1392 niteris
905 1353 956 1392 ad
977 1353 1251 1407 placendum:
1284 1357 1360 1398 iste
1386 1376 1487 1400 vero

73 1428 280 1477 adecore,
312 1444 436 1482 quem
467 1428 624 1476 habuit,
655 1426 697 1467 in
728 1428 1034 1482 turpitudinem
1066 1431 1262 1472 concidit.
1307 1433 1362 1474 Et
1383 1451 1487 1490 quo*

50 1505 204 1550 xmodo
244 1504 286 1543 in
327 1504 574 1559 corporibus
611 1520 734 1559 saepe
776 1504 966 1546 videmus
1005 1506 1216 1557 accidere,
1254 1521 1300 1549 ut
1335 1511 1490 1553 mulier

72 1581 260 1636 speciosa
300 1593 340 1622 et
376 1581 552 1636 pulchra
589 1580 697 1620 facie
736 1583 786 1621 ab
823 1583 1107 1634 aegrotatione
1139 1585 1336 1627 decorem
1367 1605 1488 1630 suum

72 1658 232 1712 perdat,
263 1669 304 1698 et
334 1674 410 1713 per
438 1669 697 1698 senectutem
726 1659 999 1713 splendorem
1029 1660 1168 1700 vultus
1198 1663 1377 1704 amittat:
1418 1682 1489 1706 eo-

75 1735 171 1774 dem
200 1736 331 1774 modo
365 1747 405 1775 ct
436 1735 570 1775 anima
595 1734 658 1788 ⁴),
690 1751 793 1790 quae
823 1735 998 1789 pulchra
1029 1747 1136 1785 erat,
1167 1754 1246 1792 per
1273 1740 1490 1784 infirmita--

72 1823 157 1850 tem
188 1811 342 1851 amittit
371 1813 582 1861 decorem,
616 1823 656 1852 ct
678 1828 756 1867 per
784 1823 1040 1852 senectutem
1068 1814 1269 1857 deformis
1296 1819 1488 1861 efficitur.

76 1888 183 1929 Cum
214 1887 325 1928 enim
355 1888 586 1943 susceperit
616 1900 800 1929 veterem
830 1889 1046 1930 hominem
1077 1907 1172 1932 cum
1203 1893 1362 1935 actibus
1391 1897 1487 1947 suis,

73 1966 286 2006 senectute
320 1965 406 2022 ejus
436 1964 660 2020 pristinum
690 1965 831 2021 perdit
860 1967 1071 2008 decorem.
1124 1969 1251 2010 Venit
1280 1971 1412 2023 Jesus,
1446 1986 1490 2015 ut

72 2043 290 2082 transferat
328 2058 404 2082 nos
441 2058 464 2082 a
503 2053 643 2082 vetere
681 2041 875 2092 homine,
917 2054 957 2084 et
987 2045 1210 2086 senectutis
1238 2048 1488 2102 insignibus:

74 2134 175 2171 ruga
218 2118 375 2174 quippe
416 2118 640 2159 senectutis
678 2118 882 2160 indicium
929 2132 1006 2170 est,
1052 2133 1099 2162 ut
1143 2123 1200 2164 ait
1236 2125 1488 2181 Apostolus:

75 2208 154 2246 „ut
177 2196 218 2250 ⁵)
262 2195 453 2236 exhibeat
489 2196 569 2237 sibi
608 2196 836 2249 gloriosam
869 2198 1109 2250 ecclesiam,
1153 2217 1240 2241 non
1269 2203 1491 2246 habentem

74 2273 293 2323 maculam,
323 2285 393 2314 aut
421 2290 587 2326 rugam,
619 2285 688 2314 aut
718 2273 878 2329 aliquid
909 2274 1159 2327 istiusmodi,
1191 2295 1336 2320 verum
1365 2293 1412 2322 ut
1440 2283 1492 2324 sit

77 2360 212 2389 sancta
252 2361 292 2389 et
332 2349 639 2391 immaculata.“
697 2350 814 2391 Licet
856 2351 983 2403 igitur
1021 2370 1042 2393 a
1080 2366 1292 2397 senectute
1323 2370 1364 2399 et
1393 2377 1492 2412 ruga

76 2427 126 2466 ad
156 2425 413 2482 juventutem
443 2429 760 2469 transcendere:
805 2440 842 2468 et
886 2429 969 2469 hoc
1000 2442 1059 2471 est
1091 2432 1131 2471 in
1162 2433 1236 2474 hac
1268 2448 1384 2490 parte
1415 2437 1492 2477 mi-

197 2607 234 2662 ¹)
267 2607 351 2648 Cfr.
383 2607 535 2649 Psalm.
566 2609 693 2659 XLV,
724 2610 761 2652 2.
795 2610 832 2654 3.
866 2611 1056 2667 (XLIV.)

190 2677 232 2731 2)
264 2676 416 2717 Psalm.
447 2678 574 2727 XLV,
608 2679 670 2721 10.
705 2679 767 2721 11.
799 2681 991 2736 (XLIV.)

194 2747 234 2801 ³)
264 2746 416 2787 Psalm.
448 2748 575 2796 XLV,
609 2748 671 2791 11.
706 2749 897 2805 (XLIV.)

190 2817 231 2871 4)
263 2817 391 2857 Deest
426 2816 595 2866 „anima
610 2824 632 2842 “
667 2818 706 2858 in
741 2819 804 2859 ed.
836 2820 981 2864 Ruaei.

197 2887 237 2940 5)
269 2886 420 2941 Ephes.
454 2888 502 2936 V,
534 2887 599 2929 27.
