1759 3134
636 785 789 828 Allo
836 781 993 826 ΤΩΝ

355 927 1264 989 ΩΡΙΓΕΝΟΥΣ

687 1095 805 1135 ΕΙΣ
841 1094 930 1136 ΤΟ

237 1231 531 1283 ΛΣΖΠΛ
592 1230 791 1281 ΤΩΝ
833 1232 1377 1289 ΛΣΜΑΤΩΝ.

125 1510 210 1556 Ἐκ
246 1513 342 1557 τοῦ
383 1513 462 1562 εἰς
490 1508 549 1555 τὸ
582 1500 734 1568 ᾆσμα
762 1513 973 1569 μικροῦ
1005 1507 1207 1569 τόμου,
1250 1509 1316 1560 ὃν
1345 1513 1406 1561 ἐν
1436 1519 1488 1578 τῇ

377 1585 602 1643 νεότητι
640 1589 904 1646 ἔγραψεν
944 1590 1243 1646 Ωριγένης.

185 1724 205 1734 υ

109 1692 204 1778 ΊΊῳ
233 1722 274 1777 ¹)
311 1720 374 1779 μὴ
414 1717 667 1778 ἐξειληφότι
714 1719 763 1764 τὸ
808 1721 979 1778 ἰδίωμα
1017 1724 1107 1766 τῶν
1146 1722 1408 1781 προσώπων
1448 1729 1520 1781 τῆς

102 1805 227 1849 θείας
256 1802 452 1857 γραφῆς,
483 1799 575 1841 τῶν
603 1813 649 1842 τε
678 1799 921 1854 λέγοντων,
954 1801 1032 1842 καὶ
1063 1803 1154 1844 τῶν
1178 1800 1293 1861 πρὸς
1321 1799 1353 1846 εἳ
1385 1802 1408 1848 ὁ
1438 1802 1522 1850 λό-

100 1895 194 1937 γος,
234 1874 408 1931 πολλὴν
445 1878 633 1932 παρέχει
674 1872 897 1932 σύγχυσιν
935 1875 988 1920 τὰ
1027 1876 1278 1935 λεγόμενα,
1322 1883 1523 1936 ζητοῦντι

98 1955 148 2000 τὸ
177 1958 315 2012 λέγον
353 1952 604 2011 πρόσωπον
645 1950 684 2007 ὅ,
717 1957 763 1995 τί
788 1956 902 1998 ποτέ
937 1954 1051 2010 ἐστι,
1102 1957 1179 1999 καὶ
1216 1954 1266 2001 τό
1295 1957 1410 2016 πρὸς
1439 1956 1463 2004 ὃ
1496 1962 1519 2005 ὁ

98 2029 233 2090 λόγος
262 2031 440 2086 ὁποῖον,
471 2031 550 2074 καὶ
577 2028 688 2075 πότε
728 2029 778 2075 τὸ
818 2033 953 2088 λέγον
983 2031 1212 2077 ἐπαύσατο
1244 2033 1521 2092 πρόσωπον·

100 2113 176 2154 τοῦ
192 2107 361 2169 2>πρὸς
378 2107 401 2153 ὅ
421 2108 515 2152 ἐστι
529 2104 748 2158 πολλάκις
762 2112 1059 2167 τηρουμένου,
1077 2113 1155 2154 καὶ
1170 2111 1322 2170 ἑτέρου
1339 2113 1455 2171 πρὸς
1469 2115 1519 2161 τὸ

99 2186 207 2232 αὐτὸ
236 2190 460 2245 λέγοντος,
497 2183 524 2241 ἢ
553 2188 633 2231 τοῦ
662 2184 776 2246 πρὸς
802 2181 825 2230 ὃ
858 2184 881 2230 ὁ
912 2184 1046 2245 λόγος
1077 2187 1224 2233 οὐκέτι
1256 2189 1518 2250 ἀκούοντος,

98 2267 250 2323 ἑτέρου
280 2265 330 2309 δὲ
359 2265 687 2323 διαδεξαμένου
721 2262 774 2307 τὰ
804 2262 1053 2322 λεγόμενα,
1085 2269 1305 2324 μένοντος
1332 2274 1413 2315 τοῦ
1443 2274 1521 2317 λέ-

98 2359 273 2400 γοντος.
319 2337 447 2386 Ἔστι
477 2341 515 2387 δ’
549 2339 621 2388 ὅτε
647 2339 919 2402 μεταβάλλει
952 2342 1216 2406 ἀμφότερα,
1257 2350 1335 2391 καὶ
1363 2347 1414 2393 τὸ
1443 2353 1519 2395 λε’-

98 2438 206 2481 γον,
255 2421 332 2465 καὶ
370 2418 417 2465 τὸ
458 2418 570 2479 πρὸς
611 2417 635 2465 ὃ
677 2419 699 2465 ὃ
739 2418 898 2479 λόγος·
947 2418 974 2477 ἢ
1013 2423 1091 2467 ἐπὶ
1120 2427 1282 2469 πλεῖον
1316 2428 1519 2485 μένοντα

219 2661 259 2717 ¹)
290 2661 433 2702 Exstat
474 2661 556 2701 hoc
608 2661 885 2714 fragmentum
929 2662 1136 2705 Philocal.
1185 2680 1273 2721 cap.
1314 2666 1409 2707 VII.
1463 2644 1525 2698 —-¹

103 2721 188 2762 Csr.
231 2719 323 2759 edd.
361 2717 487 2758 Huet.
528 2717 650 2758 Tom.
691 2719 723 2759 I.
771 2719 848 2760 sol.
886 2718 953 2763 51.
993 2736 1078 2776 seq.
1132 2721 1231 2763 coll.
1273 2722 1337 2763 ed.
1379 2723 1515 2764 Ruaei

102 2778 224 2818 Tom.
256 2776 334 2816 ΙΙΙ.
375 2774 450 2815 fol.
484 2773 548 2818 11.

217 2847 234 2871 ²
290 2846 398 2887 Edd.
438 2845 566 2890 Huet.
604 2844 647 2886 in
684 2845 889 2898 margine:
940 2849 1172 2899 „fortassez
1214 2851 1294 2896 τοῦ
1336 2847 1448 2906 πρὸς
1492 2847 1517 2894 ὅ

104 2904 198 2950 ἔστι
230 2921 251 2948 ο
283 2900 416 2960 λόγος
447 2902 661 2952 πολλάκις
689 2906 1000 2961 ιιηρουιιιένουκ
1031 2907 1120 2949 κτλ.
