1759 3134
244 106 327 153 110
651 107 872 150 Omcssms
902 120 946 149 m
976 106 1272 150 Ezncnnzmm

244 233 409 272 noster,
453 231 493 260 et
523 218 682 270 anima,
722 231 763 261 et
793 237 945 276 corpus
976 219 1063 260 sine
1095 219 1267 275 querela
1295 218 1340 260 in
1370 219 1550 260 adventu
1580 220 1672 261 Do-

242 300 347 341 mini
384 296 517 340 nostri
547 297 646 338 Jesu
679 297 832 339 Christi
876 301 1118 338 servetur:“
1162 296 1228 337 cui
1269 308 1329 338 est
1360 297 1492 350 gloria
1525 309 1566 338 et
1595 298 1672 338 im-

244 377 411 434 perium
441 376 484 417 in
515 375 679 418 saecula
709 375 989 417 saeculorum.
1051 374 1210 415 Amen!

594 716 1087 767 HOMILIA
1161 716 1326 765 VIII.

245 843 313 883 De
355 857 428 891 eo,
467 841 584 897 quod
621 840 826 897 scriptum
867 852 948 881 cst:
989 840 1068 891 „in
1098 841 1137 896 ¹)
1181 856 1265 897 quo
1307 839 1558 881 constituam
1602 856 1676 880 cor

244 932 378 970 tuum,
409 919 466 960 ait
484 918 696 959 Dominus
712 918 844 967 Deus,
878 935 973 959 cum
1000 919 1126 959 facias
1158 930 1206 959 tu
1236 919 1337 959 haec
1370 918 1511 958 omnia
1544 933 1673 973 opera

243 997 476 1039 meretricis
516 995 772 1053 procacis?“
810 1013 942 1052 usque
981 997 1033 1036 ad
1063 996 1195 1037 illud:
1236 995 1483 1052 ‚‚dedisti²)
1514 1011 1674 1035 mercc-

586 1074 658 1114 des
691 1073 888 1113 omnibus
919 1073 1176 1114 amatoribus
1205 1073 1330 1114 tuis.“

359 1201 396 1244 1.
449 1198 570 1253 Quae
601 1197 788 1254 primum
819 1198 928 1238 lecta
957 1209 1074 1248 sunt,
1122 1198 1390 1254 exposuimus
1421 1198 1571 1248 hodie,
1609 1215 1676 1239 su-

243 1294 406 1320 mamus
436 1276 660 1317 exordium
696 1276 748 1315 ab
791 1291 865 1325 eo,
906 1276 1023 1331 quod
1052 1275 1257 1332 scriptum
1288 1287 1370 1317 est:
1411 1276 1488 1327 „in
1515 1275 1558 1330 ³)
1590 1291 1674 1332 quo

244 1355 498 1398 constituam
530 1369 603 1394 cor
631 1364 779 1402 tuum,
818 1352 921 1393 dicit
950 1352 1119 1393 Adonai
1147 1352 1381 1404 Dominus,
1423 1370 1518 1394 cum
1550 1353 1675 1394 facias

242 1445 290 1475 tu
319 1433 421 1473 haec
453 1430 595 1471 omnia
625 1445 756 1485 opera
784 1429 1018 1470 meretricis
1048 1430 1262 1485 procacis,
1305 1442 1346 1471 et
1383 1430 1591 1472 fornicata
1632 1447 1673 1471 es

244 1509 472 1565 tripliciter
501 1507 545 1548 in
574 1506 742 1547 filiabus
773 1506 918 1548 tuis?“
978 1506 1208 1563 Hucusque
1237 1505 1322 1564 jam
1353 1506 1544 1549 diximus.
1601 1507 1675 1548 Se-

246 1587 410 1644 quitur:
466 1584 674 1640 „quando
700 1584 742 1638 ¹²)
789 1584 966 1638 lupanar
1010 1595 1133 1624 tuum
1177 1584 1405 1624 aedificasti
1448 1583 1493 1624 in
1539 1583 1675 1640 capite

246 1663 383 1704 omnis
413 1661 527 1710 viae,
566 1672 607 1701 et
645 1661 790 1700 basem
819 1671 937 1700 tuam
966 1659 1103 1700 fecisti
1135 1660 1179 1700 in
1211 1660 1327 1700 omni
1358 1660 1520 1715 platea,
1562 1672 1604 1701 et
1629 1660 1675 1716 5)

244 1755 332 1781 non
373 1754 415 1779 es
452 1738 562 1778 facta
599 1748 647 1777 ut
683 1736 883 1777 meretrix
923 1752 1174 1789 congregans
1215 1738 1444 1778 mercedes.
1504 1737 1678 1788 Mulier,

246 1832 351 1873 quae
380 1814 644 1865 moechatur,
674 1813 823 1855 similis
851 1813 944 1864 tibi,
976 1830 999 1854 a
1028 1813 1120 1854 viro
1151 1830 1228 1854 suo
1260 1814 1424 1870 accepit
1446 1815 1678 1866 mercedes,

247 1906 287 1935 et
325 1905 372 1934 tu
413 1891 569 1933 dedisti
605 1892 844 1932 mercedes:
891 1890 1085 1932 omnibus
1125 1891 1383 1933 amatoribus
1431 1891 1514 1932 suis
1561 1891 1680 1933 dedit

246 1971 483 2019 mercedes,
541 1980 582 2009 et
623 1980 672 2009 tu
717 1968 867 2009 dedisti
910 1969 1127 2009 mercedes
1179 1968 1374 2008 omnibus
1419 1968 1677 2010 amatoribus

245 2048 350 2098 tuis,
394 2058 436 2088 et
473 2046 710 2086 honorabas
749 2061 843 2096 eos,
887 2057 935 2085 ut
977 2045 1168 2086 venirent
1206 2047 1258 2086 ad
1298 2057 1340 2086 te
1371 2045 1413 2086 in
1447 2046 1625 2087 circuitu
1656 2062 1679 2086 a

246 2108 527 2166 fornicatione
558 2127 670 2163 tua.“
728 2121 785 2162 Et
826 2122 956 2162 homo
987 2121 1206 2163 hominem
1239 2122 1492 2165 constituere
1522 2135 1678 2180 potest,

246 2202 382 2244 malus
423 2199 467 2241 in
504 2200 645 2250 malo,
690 2200 827 2240 bonus
867 2198 912 2240 in
942 2199 1074 2241 bono.
1134 2199 1467 2256 „Corrumpunt
1490 2200 1533 2257 6)
1567 2200 1678 2241 enim

246 2295 387 2322 mores
432 2279 570 2319 bonos
614 2275 978 2318 confabulationes
1022 2276 1269 2332 pessimae.“
1349 2279 1440 2319 Nec
1487 2277 1678 2329 dubium,

367 2439 409 2495 ¹)
441 2437 531 2480 Cfr.
552 2436 704 2477 Ezech.
733 2437 850 2486 XVI,
873 2435 940 2480 30.
974 2437 1072 2485 mil.
1097 2437 1229 2479 LXX.
1256 2436 1447 2479 virorum
1471 2437 1676 2480 versione.

364 2509 408 2563 2)
439 2507 591 2549 Ezech.
620 2507 737 2557 XVI,
768 2506 834 2550 33.

365 2579 411 2635 3)
442 2578 529 2620 Cfr.
555 2576 707 2618 Ezech.
735 2576 852 2627 XVI,
877 2576 947 2621 30.
979 2577 1077 2618 coll.
1101 2578 1232 2619 LXX.
1259 2577 1449 2619 virorum
1472 2576 1675 2618 versione.

342 2648 408 2714 ⁶⁴)
451 2647 539 2689 Cfr.
578 2646 730 2688 Ezech.
769 2646 895 2697 XVI,
935 2645 1133 2691 31—33.
1175 2648 1272 2689 coll.
1314 2648 1446 2688 LXX.
1489 2646 1678 2687 virorum

248 2720 453 2746 verslone.

368 2774 411 2830 ⁵)
438 2774 549 2815 Edd.
580 2773 641 2814 M.
675 2783 716 2812 et
744 2772 795 2813 R.
828 2785 907 2822 „et
934 2790 1022 2816 non
1054 2790 1096 2817 es
1125 2774 1272 2817 facta“
1304 2783 1381 2815 etc.

365 2843 409 2900 ⁶)
440 2843 526 2885 Cfr.
558 2843 579 2883 I
600 2842 697 2884 Cor.
730 2843 825 2892 XV,
854 2842 921 2888 33.
