1759 3134
246 82 329 126 280
840 85 1076 126 ΜοΝιΤυΜ.

257 196 348 239 110.
382 208 421 236 et
456 196 571 246 111.‚
613 198 664 237 de
707 213 835 254 opere
875 198 1018 252 aliquo
1061 195 1235 248 Origeni
1273 196 1549 236 adscribendo
1593 198 1674 238 dici

255 286 452 329 possunt,
490 273 587 314 huic
618 274 826 331 imprimis
859 285 1116 330 competunt.
1178 273 1325 328 Neque
1355 272 1533 322 mirum,
1569 290 1677 324 cum,

258 363 303 391 ut
335 351 438 390 olim
474 353 710 394 observavit
740 353 1048 410 Hieronymus,
1090 350 1293 402 Origenes
1332 366 1465 400 „cum
1496 349 1538 388 in
1572 361 1681 390 cete-

259 427 313 467 ris
355 428 471 469 libris
512 446 657 470 omnes
699 430 869 479 vicerit,
913 429 953 469 in
987 427 1161 469 Camico
1195 426 1466 467 Canticorum
1509 427 1597 482 ipse
1637 444 1679 468 se

261 505 407 546 vicit-‘⁸
481 508 588 548 Nam
634 507 774 563 primo
816 508 1027 547 character
1067 497 1418 556 Origcnianorum
1464 515 1579 544 vetus
1622 517 1682 545 est

259 583 453 638 pluribus
493 584 786 640 manuscriptis
828 584 870 624 in
911 582 1092 634 collegio
1126 582 1167 623 S.
1205 581 1321 622 Petri
1352 581 1462 636 apud
1495 580 1684 622 Catabri-

260 660 420 712 gienscs
458 662 686 717 praefixus:
733 661 1037 714 „cognoscitur
1076 658 1271 711 Origenis
1309 674 1448 698 sermo
1494 675 1570 713 per
1613 675 1684 699 au-

262 738 505 779 ctoritatum
536 739 882 780 abun‹lantiam.“
941 737 1106 779 Nullibi
1145 748 1283 777 autem
1322 735 1585 775 manifestior
1616 736 1684 777 hie

264 815 498 866 character,
531 832 655 873 quam
686 816 727 856 in
759 816 840 856 hoc
870 832 1022 871 opere:
1055 814 1097 855 in
1130 831 1213 869 quo
1246 825 1394 854 auctor
1422 830 1589 868 semper
1619 830 1686 854 ex-

265 893 418 943 currit,
457 906 498 934 et
527 894 622 935 loca
653 905 817 934 sanctae
847 893 1077 948 scripturae
1107 892 1387 946 undecunque
1418 890 1609 941 adducit,
1646 903 1687 932 et

265 970 316 1009 ad
348 987 469 1010 suum
500 971 770 1027 propositum
800 970 938 1011 trahit.
999 970 1197 1012 Secundo
1227 968 1495 1022 tropologica
1530 968 1688 1023 ubique

263 1058 444 1088 sectatur
483 1048 710 1100 Origenes,
754 1047 997 1087 notantibus
1042 1045 1236 1086 omnibus
1282 1045 1546 1095 Christianis,
1592 1046 1685 1101 ipso

265 1124 390 1164 etiam
427 1123 681 1181 porphyrio.
755 1124 860 1164 Tres
899 1134 1041 1163 autem
1079 1134 1288 1178 perpetuo
1327 1137 1469 1161 sensus
1508 1121 1550 1160 in
1591 1134 1685 1163 toto

265 1201 346 1240 hoc
379 1217 509 1256 opere
536 1200 827 1256 persequitur,
868 1199 1139 1249 historicum,
1168 1198 1509 1255 tropologicum,
1540 1215 1690 1251 anago-

265 1277 418 1329 gicum,
447 1294 585 1333 neque
615 1277 737 1318 aliter
766 1276 942 1333 exponit
969 1276 1133 1332 reliqua
1164 1276 1408 1332 Scripturae
1440 1276 1557 1326 loca,
1583 1293 1688 1332 quae

267 1355 439 1395 adducit
471 1355 629 1395 obiter:
660 1367 708 1395 ut
736 1355 805 1395 hic
833 1354 959 1410 plane
991 1369 1034 1394 se
1065 1365 1236 1409 superet
1266 1353 1482 1406 Origenes.
1543 1355 1690 1395 Tertio

266 1449 392 1472 nemo
437 1448 623 1488 unquam
665 1432 791 1472 toties
837 1447 967 1487 opera
1010 1446 1084 1471 sua
1125 1430 1242 1486 prius
1290 1429 1445 1486 scripta
1490 1432 1688 1482 laudavit,

268 1527 314 1550 ac
338 1510 555 1561 Origenes.
614 1508 795 1562 Quoties
828 1508 940 1548 enim
958 1507 1200 1563 Scripturae
1232 1507 1377 1548 locum
1409 1509 1547 1549 obiter
1578 1510 1690 1561 citat,

267 1589 319 1628 ad
360 1586 643 1642 expositiones
680 1602 772 1626 suas
810 1587 1017 1626 lectorem
1056 1585 1249 1637 ablegare
1287 1585 1408 1626 solet.
1485 1586 1601 1627 Idem
1650 1587 1693 1627 in

267 1666 348 1705 hoc
381 1680 511 1720 opere
541 1664 786 1718 frequenter
814 1661 1046 1719 praestitit3
1086 1661 1186 1702 citat
1222 1661 1334 1701 enim
1370 1662 1566 1704 homilias
1600 1681 1692 1705 suas

272 1742 311 1782 in
343 1742 538 1782 Exodum
575 1751 616 1780 et
645 1740 816 1781 Judices
846 1740 1000 1789 semel,
1039 1739 1082 1779 in
1113 1740 1324 1780 Numeros
1357 1752 1523 1795 quater3
1563 1741 1695 1797 expli-

271 1821 456 1861 cationes
486 1818 528 1859 in
557 1816 809 1867 Leviticum,
847 1828 889 1857 et
919 1817 1243 1858 commentarios
1278 1817 1321 1857 in
1349 1819 1522 1858 Novum
1552 1818 1697 1860 Testa-

270 1909 473 1938 mentum.
535 1895 715 1950 QuartO,
748 1893 925 1946 Origeni
953 1894 1085 1935 moris
1117 1907 1190 1947 est,
1220 1894 1395 1950 propria
1421 1895 1594 1936 nomina
1622 1897 1695 1936 he-

271 1975 412 2016 braica
441 1972 732 2028 interpretari,
774 1983 816 2012 et
848 1988 895 2012 ex
928 1988 1077 2013 eorum
1106 1972 1523 2027 interpretationibus
1552 1989 1695 2013 sensus

271 2050 564 2107 tropologicos
609 2048 822 2104 expiscari.
880 2049 1046 2090 Nullihi
1082 2048 1364 2103 frequentius,
1404 2065 1530 2104 quam
1560 2049 1603 2089 in
1632 2050 1695 2091 his

272 2129 418 2178 tomis,
450 2129 532 2167 hoc
562 2127 673 2168 facit.
734 2128 785 2167 In
814 2126 996 2181 prologo
1029 2125 1179 2180 inquit,
1210 2125 1337 2166 lsrael
1367 2127 1421 2166 oh
1452 2126 1695 2167 divinorum

275 2205 680 2261 contemplationem
711 2203 950 2253 nominatus
981 2213 1054 2242 est.
1101 2202 1268 2251 Zareth,
1300 2202 1436 2244 aliena
1463 2204 1694 2247 descensio.

272 2282 621 2338 Deborahkapis,
652 2292 700 2320 ut
727 2279 875 2320 homil.
907 2280 945 2321 5.
981 2278 1025 2319 in
1055 2279 1240 2320 Judices.
1299 2279 1474 2330 Barach,
1507 2297 1696 2321 corusca-

273 2361 350 2412 tio,
381 2372 429 2401 ut
459 2360 606 2401 eadem
634 2357 823 2398 homilia.
883 2357 1103 2406 Salomon,
1134 2357 1346 2412 pacificus.
1391 2358 1522 2398 Libro
1553 2358 1693 2414 primo

275 2439 410 2489 Eden,
443 2437 634 2478 deliciae.
693 2436 917 2485 Secundo,
950 2433 1099 2484 Cedar,
1128 2434 1320 2487 nigredo,
1351 2436 1420 2476 vel
1452 2435 1694 2475 obscuritas.

275 2515 564 2564 Hierusalem,
602 2513 708 2555 visio
750 2513 888 2569 pacis,
926 2524 974 2552 ut
1010 2511 1158 2553 homil.
1189 2512 1257 2556 21.
1295 2512 1339 2554 in
1366 2513 1564 2554 Josuam:
1604 2514 1694 2563 „de

275 2593 511 2634 Jerusalem
540 2593 784 2647 frequenter
814 2590 1014 2641 diximus,
1054 2592 1171 2646 quod
1212 2589 1317 2631 visio
1348 2590 1462 2647 pacis
1491 2591 1696 2645 interpre-

278 2676 430 2711 tatur.“
488 2668 753 2718 Abimelech,
784 2684 925 2709 servus
954 2684 1113 2722 regum.
1174 2668 1383 2718 Mambre,
1413 2667 1532 2709 visio.
1588 2667 1697 2708 Che-

280 2747 432 2800 rubim,
460 2747 683 2804 plenitudo
703 2746 901 2789 scientiae
922 2745 1019 2798 Dei,
1042 2758 1090 2789 ut
1109 2746 1154 2790 in
1172 2745 1440 2788 Ezechielem
1467 2743 1642 2787 homilia
1657 2744 1695 2787 2.
