1759 3134
242 145 321 190 164
648 148 863 191 Omfflzms
896 162 938 190 m
970 150 1262 191 Ezsscflmtssm

245 272 332 301 erat
370 260 410 300 in
450 260 593 309 nobis,
640 261 682 300 in
735 277 785 302 eo
826 279 920 302 cum
963 274 1228 314 exsurgerent
1267 262 1456 303 homines
1497 263 1538 302 in
1578 280 1666 314 nos,

244 337 418 378 forsitan
461 337 576 377 vivos
619 337 889 390 deglutissent
929 344 1044 379 nos.“
1104 337 1236 389 Igitur
1269 351 1329 379 est
1356 340 1524 394 quidam
1555 341 1670 396 prin-

245 430 340 469 ceps
375 413 498 470 Tyri,
537 424 577 453 et
605 414 829 469 prophetia
857 432 942 455 non
976 417 1026 456 de
1061 415 1207 456 Hiram
1237 416 1275 470 ¹)
1305 432 1382 456 nos
1424 418 1572 466 docet,
1616 440 1665 446 —

244 491 323 530 hoc
364 489 521 545 quippe
561 506 716 530 nomen
762 491 803 531 in
848 491 974 532 tertio
1015 493 1259 543 Regnorum
1307 493 1417 533 libro
1464 494 1667 549 scriptum

247 579 307 608 est
347 591 423 617 —,
464 583 548 607 non
591 569 641 608 de
682 568 765 608 alio
810 568 999 624 principe
1032 567 1154 625 'l.')ri,
1193 584 1329 623 neque
1371 571 1422 610 de
1454 587 1667 626 quoquam

246 644 438 693 homine,
477 660 561 684 non
592 661 667 684 nos
698 645 876 685 humana
909 647 1061 686 docent
1096 645 1285 700 eloquia,
1325 648 1397 687 sed
1429 647 1588 697 divina,
1627 660 1664 688 et

246 723 449 778 quaedam
495 722 749 771 ineffabilia,
797 734 833 762 et
881 735 1033 763 sacrata
1080 725 1154 763 sub
1201 724 1392 778 personis
1433 725 1665 765 hominum.

244 799 406 839 Pharao
440 799 568 838 homo
603 811 683 839 est:
716 799 828 839 aliud
862 801 1060 855 quiddam
1094 799 1267 840 crudior
1296 799 1529 853 intelligere
1560 801 1667 841 Pha-

246 892 430 916 raonem.
489 876 545 916 Et
582 876 714 916 Nabal
759 877 941 918 Carmeli
982 879 1111 918 homo
1153 889 1232 927 est,
1275 889 1313 917 ct
1348 876 1494 917 Hiram
1523 877 1668 926 homo,

245 954 318 993 sed
356 953 471 993 aliud
509 953 584 992 sub
624 969 772 993 eorum
813 955 972 995 doceor
1011 955 1161 1006 effigie.
1225 954 1330 1007 Quis
1371 965 1430 994 cst
1459 933 1605 994 tantus·
1628 965 1667 994 et

246 1030 359 1079 talis,
400 1030 471 1086 qui
502 1046 525 1070 a
555 1032 846 1085 corporalibus
879 1033 1155 1081 conscendat,
1188 1031 1260 1087 qui
1289 1047 1312 1071 a
1343 1030 1575 1071 visibilibus
1606 1030 1668 1070 in-

247 1098 426 1148 visibilia
457 1108 782 1162 contempletur,
814 1121 855 1149 et
882 1110 1015 1164 possit
1046 1109 1379 1164 unumquodque
1411 1108 1564 1148 horum
1606 1124 1667 1148 se-

247 1185 430 1224 cundum
460 1183 545 1223 Dei
574 1183 810 1235 intelligere
841 1185 1133 1226 voluntatem?

357 1260 396 1302 2.
443 1259 550 1314 Quis
589 1272 650 1300 est
690 1277 787 1313 ergo
829 1261 1025 1317 princeps
1056 1261 1134 1301 iste
1167 1260 1395 1309 discamus,
1434 1272 1481 1300 ut
1515 1276 1669 1312 cogno—

247 1348 407 1378 scentes
437 1336 795 1387 lamentationem‚
826 1339 966 1389 etiam,
999 1339 1115 1395 quod
1143 1353 1254 1378 nunc
1284 1353 1412 1393 super
1432 1353 1479 1377 ea
1501 1337 1667 1388 dieitur,

248 1414 464 1455 evitemus.
522 1413 742 1465 Plangitur
780 1415 977 1472 princeps
1008 1415 1121 1473 Tyri.
1184 1414 1325 1468 Quam
1362 1416 1497 1456 bonus
1537 1415 1668 1465 Deus,

248 1491 319 1548 qui
351 1491 475 1532 etiam
507 1506 599 1540 eos,
639 1490 711 1546 qui
749 1507 791 1531 se
831 1505 1106 1545 negaverunt,
1149 1492 1299 1533 deflet!
1355 1491 1411 1531 Et
1443 1492 1525 1532 hoc
1556 1491 1669 1532 venit

249 1569 373 1610 etiam
415 1585 463 1609 ex
499 1567 654 1608 amoris
692 1569 861 1610 affectu.
935 1571 1073 1610 Nemo
1114 1569 1272 1625 quippe
1316 1568 1497 1624 plangit,
1542 1584 1667 1624 quem

249 1645 361 1696 odit3
391 1656 432 1685 et
462 1645 535 1699 qui
563 1645 795 1700 plangitur,
831 1647 1043 1702 plangitur
1071 1646 1244 1702 quidem
1272 1656 1319 1685 ut
1347 1656 1559 1685 mortuus:
1601 1662 1670 1686 ve-

245 1739 339 1762 rum
372 1721 488 1777 quasi
518 1722 653 1762 adhuc
684 1734 917 1778 quaeratur,
952 1722 1068 1779 quasi
1098 1722 1202 1763 vivis
1235 1721 1444 1762 desiderio
1476 1720 1542 1772 sit,
1573 1722 1668 1763 dili«

247 1799 369 1852 gitur.
412 1799 469 1839 Et
482 1799 713 1842 Jerusalem
741 1801 908 1856 quando
934 1798 1158 1856 plangitur,
1190 1799 1394 1855 scriptum
1425 1810 1505 1840 est:
1537 1811 1608 1850 „et
1623 1800 1666 1857 ²)

246 1878 407 1918 factum
436 1888 497 1918 est
525 1888 751 1932 postquam
783 1888 926 1933 captus
959 1888 1020 1917 est
1043 1876 1185 1927 Israel,
1217 1887 1258 1917 et
1289 1876 1477 1917 desolata
1508 1888 1567 1918 est
1596 1878 1668 1918 Je-

247 1955 450 2004 rusalem,
489 1953 598 1994 sedit
626 1953 830 1995 Jeremias
859 1954 961 1994 flens
994 1964 1035 1993 et
1066 1953 1296 1993 lamentans
1326 1953 1668 1996 lamentationem

249 2030 368 2071 istam
397 2046 524 2085 super
551 2031 808 2081 Jerusalem,
852 2042 894 2071 et
922 2030 998 2072 ait:
1039 2030 1257 2085 quomodo
1299 2030 1417 2070 sedet
1445 2031 1536 2071 sola
1567 2031 1669 2072 civi·

250 2120 323 2156 tas,
354 2122 459 2162 quae
489 2108 672 2148 abundat
700 2107 903 2164 populis?
945 2106 1076 2146 Facta
1102 2117 1163 2145 est
1185 2117 1231 2146 ut
1253 2105 1391 2158 vidua,
1424 2124 1528 2164 quae
1558 2110 1668 2149 mul-
1697 2151 1705 2155 ,

249 2183 441 2240 tiplicata
477 2195 564 2224 erat
597 2184 640 2225 in
678 2184 940 2225 nationibus:
981 2182 1176 2238 princeps
1218 2182 1260 2223 in
1287 2183 1528 2236 regionibus
1557 2186 1665 2226 sacta

253 2273 314 2303 est
358 2260 401 2300 in
448 2259 694 2301 tributum.“
767 2261 983 2312 Plangitur
1021 2271 1061 2300 et
1099 2260 1508 2302 Nabuchodonosor.
1579 2262 1665 2303 Ubi

251 2349 346 2380 sunt
373 2337 592 2379 haereses?
648 2338 733 2379 Ubi
761 2349 876 2387 sunt,
914 2336 986 2393 qui
1023 2336 1138 2377 aiunt
1176 2337 1278 2378 istos
1307 2337 1350 2377 in
1381 2339 1666 2393 perditionem

251 2426 411 2457 creatos
451 2414 564 2456 esse?
636 2415 920 2456 Criminantur
957 2424 1209 2463 creatorem,
1252 2426 1300 2455 ut
1337 2431 1380 2456 se
1421 2416 1664 2458 criminibus

250 2494 479 2535 absolvant.
539 2492 732 2548 „Accipe
757 2493 798 2548 3)
838 2491 1182 2532 lamentationem
1219 2491 1341 2533 istam
1369 2510 1496 2549 super
1522 2510 1664 2546 regem

249 2571 498 2630 Babylonis,
545 2583 586 2612 et
625 2569 757 2611 dices:
805 2570 1023 2625 quomodo
1067 2570 1261 2620 cessavit,
1306 2569 1377 2626 qui
1418 2570 1665 2626 repetebat?

365 2808 404 2863 ¹)
433 2807 542 2848 Edd.
573 2808 634 2848 M.
666 2819 919 2848 constanter:
952 2807 1120 2863 Hyram.

363 2878 405 2933 2)
437 2878 589 2919 Thren.
621 2880 653 2928 I,
687 2878 721 2920 1.
842 2878 883 2932 ³)
917 2877 1040 2920 Jesai.
1073 2878 1188 2926 XIV,
1219 2877 1258 2919 4.
