1759 3134
628 121 824 163 ΗοΜῐιιΑ
852 119 926 159 XI.
1411 119 1492 164 143

83 249 171 274 eam
203 243 348 274 ventus
376 246 497 273 urens
530 244 710 282 arescat,
749 243 789 272 et
819 245 915 270 cum
946 229 1064 281 gleba
1094 229 1365 286 plantationis
1396 246 1492 272 suae

80 309 270 352 siccetur.
329 310 423 351 Hoc
450 311 488 364 ¹)
520 307 757 366 propositio
788 306 917 362 ipsius
947 305 1144 347 historiae
1183 308 1391 364 exposcit,
1430 319 1490 358 ut,

81 403 186 441 quae
218 387 431 427 obscurius
464 387 573 427 dicta
603 397 720 434 sunt,
758 384 1006 440 quibusdam
1045 384 1248 440 adjunctis
1287 385 1490 426 sermoni-

81 463 158 503 bus
184 463 347 519 planius
380 480 628 505 enarremus.
686 462 741 503 Et
770 461 804 501 si
834 472 971 502 tantus
1001 461 1122 501 labor
1152 474 1233 511 est,
1261 474 1308 503 ut
1338 463 1490 518 ipsum,

79 541 194 594 quod
224 540 398 589 dicitur,
428 540 704 592 intelligatur,
744 538 845 594 quid
884 554 1052 578 necesse
1092 549 1151 578 est
1187 538 1326 579 dicere
1357 539 1489 594 ipsam

79 615 377 670 quaestionem,
409 628 604 673 quantam
627 616 775 656 habeat
796 614 1109 664 obscuritatem,
1142 631 1246 670 quae
1270 615 1322 656 sit
1353 618 1490 671 aquila

78 692 217 746 prior,
247 694 350 749 quid
381 694 432 734 sit
460 694 662 742 Libanus,
693 708 798 748 quae
831 693 1001 741 cedrus»,
1036 707 1140 748 quae
1172 709 1333 733 summa
1363 694 1491 742 cedri,

78 784 182 822 quae
212 770 350 825 aquila
379 771 578 820 secunda,
617 786 720 826 quae
748 769 964 810 translatio
995 768 1090 809 vitis
1120 785 1143 809 a
1171 769 1313 825 priore
1344 772 1396 811 ad
1425 787 1492 811 se-

79 847 306 900 quentem?
363 848 408 889 Si
437 847 662 903 aliquando
694 846 778 887 Dei
807 846 1062 898 indiguimus
1092 846 1269 888 auxilio:
1302 872 1352 878 —-
1382 865 1491 889 sem-

76 938 153 977 per
181 935 321 964 autem
350 923 392 964 in
422 923 642 964 intellectu
671 923 984 979 Scripturarum
1015 923 1180 979 Spiritu
1211 937 1352 965 sancto
1381 925 1491 966 indi-

74 1012 240 1051 gemus:
272 1021 323 1030 -—
353 1017 463 1042 nunc
492 1002 688 1057 profecto
720 1012 886 1056 tempus
916 1011 998 1052 est,
1038 1018 1122 1058 quo
1146 1001 1189 1059 ²)
1218 1002 1341 1043 nobis
1372 1019 1492 1059 prae-

75 1088 154 1117 stet
183 1077 397 1129 auxilium,
429 1090 469 1119 et
497 1079 654 1134 pandat
682 1077 786 1134 ipse,
819 1094 923 1134 quae
956 1079 1071 1121 dixit.
1132 1079 1366 1134 Quomodo
1399 1081 1492 1122 Sal-

76 1165 196 1194 vator
232 1166 376 1195 noster
411 1155 454 1196 in
495 1155 719 1208 evangeliis
757 1156 956 1210 quasdam
993 1157 1213 1211 parabolas
1244 1158 1334 1214 ipse
1364 1158 1490 1199 inter-

74 1242 274 1286 pretatur,
303 1231 362 1272 sic
395 1243 436 1271 et
463 1247 573 1272 nunc
603 1232 811 1288 propheta
838 1232 882 1273 in
912 1234 1094 1274 secunda
1115 1235 1354 1290 prophetia,
1386 1252 1489 1292 quae

76 1306 120 1347 in
150 1307 321 1363 reliquis
352 1309 460 1349 lecta
490 1319 572 1357 est,
613 1308 837 1361 significat,
880 1309 977 1364 quia
1016 1310 1157 1366 aquila
1181 1311 1222 1366 ³)
1261 1312 1380 1367 prior
1408 1314 1490 1353 Na·

75 1385 405 1426 buchodonosor
444 1383 496 1424 sit
531 1393 602 1424 r²ex
631 1385 882 1442 Babylonis,
922 1385 992 1440 qui
1022 1386 1226 1438 ingressus
1257 1400 1319 1429 est
1347 1389 1391 1429 in
1420 1389 1489 1429 Li—

75 1463 242 1512 banum,
271 1461 316 1501 id
348 1471 420 1510 est,
448 1460 704 1502 Jerusalem:
738 1473 778 1502 et
807 1462 970 1519 accepit
1000 1463 1052 1505 de
1082 1464 1254 1505 summis
1288 1465 1415 1515 cedri,
1445 1466 1490 1506 id

75 1550 155 1589 est,
193 1553 334 1591 regem
363 1538 622 1589 Jerusalem,
662 1551 702 1580 et
739 1539 952 1596 principes
982 1538 1092 1596 ejus:
1134 1551 1174 1580 et
1205 1540 1345 1581 attulit
1370 1542 1490 1582 eain

74 1627 226 1657 terram
267 1615 599 1667 Chaldaeorum,
642 1617 803 1658 scilicet
846 1616 890 1656 in
926 1616 1204 1673 Babylonem.
1277 1617 1488 1659 Plantavit

75 1693 231 1749 quippe
261 1692 304 1732 in
334 1693 620 1748 captivitatem
644 1693 853 1749 accipiens
884 1693 996 1734 filios
1023 1693 1175 1742 Israel,
1218 1704 1259 1733 et
1289 1694 1340 1733 de
1370 1695 1486 1747 regio

75 1770 254 1819 semine,
294 1781 333 1810 et
371 1770 423 1810 de
462 1786 610 1822 genere
656 1770 900 1827 principum
938 1771 982 1811 in
1021 1771 1166 1811 eadem
1195 1782 1305 1812 terra
1336 1772 1489 1813 consti-

79 1846 170 1888 tuit.
229 1846 333 1887 Post
361 1847 443 1888 hoc
473 1859 636 1898 autem,
667 1860 708 1888 et
738 1859 836 1903 post
864 1846 1017 1900 regiam
1049 1847 1244 1902 stirpem,
1274 1849 1354 1889 alia
1384 1866 1489 1905 quo-

76 1939 156 1979 que
184 1921 415 1964 {multitudo
449 1936 568 1980 capta
596 1936 659 1965 est
688 1926 739 1965 ab
771 1940 845 1975 eo,
886 1936 927 1966 et
962 1924 1057 1966 vitis
1100 1925 1251 1967 effecta
1282 1938 1363 1977 est,
1401 1943 1487 1968 non

190 2134 230 2190 ¹)
259 2133 367 2176 Edd.
397 2134 593 2176 Merlini:
625 2135 706 2176 Hic
738 2146 816 2177 etc.

190 2204 232 2260 2)
261 2204 342 2246 Ed.
371 2205 506 2246 Ruaei
533 2205 646 2247 sola:
679 2206 807 2261 quod.

191 2274 234 2329 ³)
264 2275 443 2316 Catenae
474 2275 576 2316 Mss.
622 2274 794 2330 „Kaw'c
833 2275 921 2332 μὲν
956 2275 1006 2320 τὸ
1047 2274 1206 2335 ῥητὸν,
1248 2275 1271 2320 ὁ
1311 2279 1488 2335 πρῶτος

78 2341 203 2393 ἀετός
231 2345 353 2388 ἐστιν
382 2344 404 2389 ὁ
433 2344 861 2403 Ναβουχοδονόσορ,
894 2343 943 2396 ὃς
971 2349 1181 2402 εῗσῆλθεν
1210 2350 1272 2396 εἰς
1299 2346 1379 2392 τὸν
1394 2351 1488 2390 Λί-

76 2421 245 2470 βανον,
276 2414 357 2468 τὴν
381 2413 695 2472 Ἰερουσαλὴμ,
736 2420 812 2460 καὶ
841 2417 1001 2471 ἔλαβεν
1030 2417 1080 2460 ἔκ
1109 2420 1199 2461 τῶν
1228 2412 1382 2473 ἄκρων
1411 2420 1489 2472 τῆς

78 2485 241 2540 κέδρου
271 2483 348 2527 τὸν
377 2489 562 2540 βασιλέα
591 2489 667 2541 τῆς
694 2485 998 2545 Ἰερουσαλὴμ,
1031 2490 1109 2530 καὶ
1136 2485 1240 2536 τοὺς
1269 2483 1490 2545 ἄρχοντας

79 2555 234 2608 (εὖῒῆς,
281 2557 358 2597 καὶ
387 2550 576 2625 ἤνεγκεζ
605 2559 666 2606 εἷς
693 2560 782 2614 γῆν
812 2558 1085 2612 Χαλδαίων,
1125 2561 1187 2607 εἷς
1221 2554 1304 2612 τὴν
1330 2562 1490 2612 Βαβυ-

79 2627 215 2667 λῶνα.
270 2621 514 2681 Έφύτευσε
553 2624 643 2684 γὰρ
681 2627 732 2670 ἓν
769 2629 820 2687 τῇ
859 2630 1170 2685 αἰχμαλωσίᾳ,
1210 2626 1362 2682 λαβών
1388 2626 1491 2676 τοὺς

79 2693 202 2743 υἱοὺς
228 2691 402 2752 Ἰσραὴλ
432 2692 518 2736 σὺν
545 2697 624 2737 τοῦ
653 2700 887 2749 βασιλικοῦ
917 2701 1173 2754 σπέρματος
1202 2701 1278 2741 καὶ
1299 2702 1378 2741 τοῦ
1404 2698 1488 2754 ἀρ-

71 2767 311 2820 χοντικοῦ·
343 2767 419 2807 καὶ
448 2762 496 2807 τὸ
529 2759 636 2808 ἄλλο
667 2767 842 2819 πλῆθος
855 2770 1047 2824 γέγονεν
1070 2772 1132 2818 εἷς
1155 2768 1237 2825 τὴν
1259 2763 1483 2825 ἄμπελον,

78 2832 160 2891 οὐχ
189 2833 328 2884 οὕτως
356 2831 561 2894 ἰσχυρὰν,
594 2832 651 2884 ὠς
682 2831 753 2878 ὅτε
781 2828 838 2889 ἦν
865 2837 979 2893 μετὰ
1012 2841 1174 2884 θεοῦ.“
1233 2839 1411 2879 Ruaeus.
