1759 3134
218 156 298 201 120
623 157 845 201 Omessms
876 167 921 199 m
952 155 1245 199 Ezncnffim-:m

223 271 284 312 ria
323 270 605 311 nominantur.
672 266 872 326 „Vae¹),
915 270 1074 325 inquit,
1113 269 1405 325 spernentibus
1446 269 1572 322 Sion,
1610 283 1652 313 et

226 349 450 389 fidentibus
482 346 525 387 in
555 358 700 387 monte
719 347 956 388 Samariae:
989 346 1254 387 vindemiasti
1280 347 1537 402 principatus
1559 364 1655 401 gen-

229 425 375 465 tium.“
437 423 569 478 Quasi
601 422 771 464 dixerit:
805 440 878 464 vae
908 424 985 474 his,
1017 426 1088 479 qui
1119 436 1321 479 spernunt
1351 424 1584 476 ecclesiam,
1616 439 1656 467 et

230 502 449 542 confidunt
478 517 604 557 super
633 501 889 553 arrogantia,
929 513 970 542 et
1009 501 1145 541 verbis
1184 501 1442 542 tumentibus
1482 503 1658 544 haereti-

231 578 404 620 corum!
463 579 558 619 Hoc
584 579 628 633 ²)
671 578 781 619 enim
814 589 875 618 est
905 594 1100 634 spernere
1133 577 1260 628 Sion,
1303 589 1344 618 et
1375 579 1588 620 confidere
1618 580 1661 620 in

230 668 376 697 monte
408 655 632 698 Samariae.
692 655 739 697 Si
780 672 877 708 ergo
920 672 1143 712 peccamus
1187 666 1228 696 et
1268 672 1345 696 nos
1378 655 1662 707 ecclesiastici,

228 750 315 775 non
353 745 449 774 sunt
490 750 512 774 a
549 732 676 773 nobis
710 732 836 773 alieni
866 733 1066 774 haeretici
1097 733 1139 774 in
1171 734 1415 785 dogmatum
1444 734 1662 788 pravitate.

228 811 344 853 Male
376 810 489 851 enim
521 809 678 860 credit,
721 810 962 866 quicunque
1003 822 1162 867 peccat.
1223 811 1270 852 Si
1303 810 1665 851 conversationem

232 888 388 928 malam
416 888 631 937 habemus,
659 887 850 929 Sodoma
871 904 994 929 soror
1011 900 1153 929 nostra
1175 900 1245 929 est.
1294 887 1485 928 Gentiles
1509 888 1666 944 quippe

231 977 328 1007 sunt
359 966 561 1008 Sodoma.
622 966 762 1021 Atque
802 965 858 1006 ita
900 967 1047 1007 fratres
1086 982 1228 1007 sumus
1267 964 1578 1006 haereticorum
1608 976 1667 1006 at-

237 1059 318 1099 que
349 1043 594 1096 gentilium,
626 1043 795 1097 qnando
830 1042 1137 1099 delinquimus,
1168 1042 1264 1099 quia
1296 1042 1483 1084 Samaria
1513 1042 1667 1097 accipi-

235 1130 306 1159 tur
335 1119 377 1160 in
418 1118 600 1168 haeresi,
642 1130 683 1158 et
713 1119 904 1160 Sodoma
943 1120 984 1160 in
1015 1119 1260 1172 gentilitate.
1319 1119 1492 1160 Habitat
1526 1131 1666 1160 autem

238 1212 261 1236 a
291 1195 466 1236 sinistris
496 1194 742 1250 peccatricis
773 1196 1012 1235 Jerusalem
1043 1195 1252 1243 Samaria,
1295 1211 1316 1235 a
1349 1196 1502 1236 dextris
1533 1197 1673 1237 Sodo-

238 1289 318 1313 ma.
380 1271 686 1312 Honorabilius
718 1271 876 1328 quippe
908 1274 1021 1329 apud
1053 1289 1144 1314 eam
1176 1284 1398 1329 peccatum
1431 1284 1513 1322 est,
1554 1274 1670 1329 quod

239 1351 352 1390 facto
399 1349 700 1399 committitur,
749 1361 790 1390 et
827 1349 925 1391 ideo
968 1368 990 1392 a
1036 1350 1191 1392 dextris
1237 1350 1323 1408 ejus
1364 1350 1555 1392 Sodoma
1597 1362 1672 1392 est.

241 1427 511 1483 Rursumque
553 1442 631 1466 nec
667 1426 855 1468 Samaria
897 1427 1021 1481 longe
1062 1439 1144 1478 est,
1173 1428 1283 1483 quia
1318 1444 1341 1469 a
1380 1427 1554 1468 sinistris
1586 1426 1673 1484 ejus

244 1514 556 1553 commoratur,
589 1514 630 1543 et
659 1503 915 1559 increpatur,
947 1504 1044 1562 quia
1075 1504 1352 1545 ambulaverit
1385 1521 1480 1545 cum
1509 1505 1675 1546 filiabus

245 1593 286 1622 et
326 1581 544 1622 sororibus
583 1580 666 1622 suis
698 1581 740 1622 in
773 1582 967 1622 omnibus
998 1581 1314 1637 iniquitatibus,
1355 1593 1396 1622 et
1431 1582 1475 1622 in
1511 1593 1674 1623 tantum

247 1657 540 1708 ambulaverit,
570 1668 618 1697 ut
648 1659 908 1714 comparatio
936 1658 1191 1699 delictorum
1216 1658 1303 1715 ejus
1328 1658 1495 1699 illarum
1521 1659 1672 1715 iniqui·

247 1747 351 1776 tates
380 1734 531 1776 fecerit
561 1733 775 1792 justitiam.
820 1736 944 1777 Unde
978 1747 1150 1792 oportet
1181 1751 1404 1788 agnoscere
1434 1734 1675 1791 iniquitates

249 1813 559 1862 Sodomorum,
600 1824 647 1853 ut
678 1814 853 1854 edoctus
885 1813 1119 1855 custodiam
1163 1830 1232 1854 me
1263 1815 1314 1854 ab
1344 1813 1416 1864 iis,
1454 1829 1507 1853 ne
1538 1813 1679 1869 capiar

245 1890 533 1944 ignoratione,
566 1907 671 1946 quae
693 1891 736 1947 ³)
767 1902 863 1931 sunt
887 1891 1127 1947 iniquitates
1158 1892 1463 1933 Sodomorum.

356 1968 395 2011 2.
435 1969 765 2019 „Verumtamen
782 1967 823 2024 ¹²)
853 1968 1095 2025 iniquitates
1116 1969 1332 2011 Sodomae
1360 1967 1517 2008 sororis
1539 1974 1679 2010 tuae.“

251 2046 373 2100 Quae
404 2044 630 2101 iniquitas?
688 2044 934 2100 „Superbia
960 2045 1014 2102 ⁵).
1074 2047 1123 2086 In
1163 2045 1376 2086 saturitate
1417 2061 1595 2100 panum,
1636 2057 1677 2087 et

246 2122 289 2164 in
333 2121 587 2163 abundantia
628 2121 856 2162 affluebant
891 2122 981 2178 ipsa
1024 2134 1065 2163 et
1104 2122 1217 2163 filiae
1263 2121 1372 2179 ejus,
1426 2133 1467 2163 et
1509 2139 1680 2164 manum

247 2199 445 2257 pauperis
486 2199 710 2252 indigentis
747 2217 834 2240 non
872 2200 1197 2255 suspiciebant.“
1272 2199 1403 2254 Quod
1443 2199 1679 2256 inaequalia

250 2279 333 2319 sint
360 2289 535 2334 peccata
565 2276 795 2333 Scripturis
825 2277 1062 2328 utentibus,
1101 2277 1211 2318 nulli
1241 2277 1418 2317 dubium
1451 2288 1523 2317 est.
1584 2278 1681 2319 Alia

251 2355 409 2411 quippe
446 2371 615 2408 magna,
653 2354 734 2395 alia
770 2353 935 2395 minora
972 2356 1023 2395 ab
1063 2354 1125 2395 his
1169 2371 1254 2395 esse
1290 2354 1499 2395 dicuntur.
1571 2354 1680 2396 Cum

252 2444 395 2473 autem
424 2425 519 2473 sunt
548 2431 803 2488 inaequalia,
835 2432 916 2473 hoc
948 2444 1028 2483 est,
1058 2448 1208 2488 parva,
1238 2432 1305 2472 vel
1335 2431 1527 2483 maxima,
1557 2432 1680 2474 forsi-

252 2522 322 2550 tan
353 2509 503 2566 aliquis
533 2508 736 2565 inquirat,
777 2510 892 2564 quod
932 2510 1041 2551 inter
1078 2509 1269 2550 universa
1305 2520 1477 2565 peccata
1515 2509 1567 2549 sit
1593 2524 1679 2549 ma-

371 2676 411 2732 ¹)
445 2676 531 2717 Cfr.
563 2678 707 2719 Amos.
740 2679 812 2728 VI,
846 2678 881 2721 1.

367 2748 410 2803 2)
439 2746 548 2788 Edd.
581 2747 775 2788 Merlini:
808 2748 903 2789 Hoc
939 2760 998 2789 est
1030 2750 1142 2790 enim
1175 2762 1251 2790 etc.

369 2817 412 2872 3)
442 2817 552 2857 Edd.
571 2817 765 2858 Merlini:
800 2834 904 2874 quae
935 2831 1031 2861 sunt
1062 2820 1106 2861 in
1136 2819 1356 2876 iniquitate
1375 2819 1678 2861 Sodomorum,
1724 2823 1730 2828 ”

372 2888 413 2944 ³)
446 2887 598 2929 Ezech.
629 2888 745 2938 XVI,
776 2888 841 2932 49.
967 2889 1008 2946 ⁵)
1040 2890 1125 2932 cfr.
1157 2890 1308 2931 Ezech.
1338 2889 1454 2938 XVI,
1486 2889 1551 2933 49.
