1759 3134
252 125 308 168 60
654 125 874 168 Omonms
904 139 949 168 m
977 125 1274 168 Ezsscmnrmu

251 237 515 292 significatur.
575 237 712 278 Aliter
749 239 905 295 quippe
946 240 997 279 de
1026 238 1350 287 habitatoribus,
1387 236 1509 278 aliter
1538 239 1588 279 de
1621 256 1668 280 ea

253 316 428 366 dicitur,
468 331 574 371 quae
613 314 885 356 inhabitatur:
926 316 1130 366 „coelum
1156 314 1193 369 ¹)
1233 326 1274 355 et
1304 325 1414 355 terra
1442 315 1666 370 pertransi-

251 394 397 433 bunt.“
458 391 544 434 Cur
575 393 741 434 coelum
773 393 1143 449 praetergreditur,
1184 409 1257 432 cur
1292 402 1401 432 terra
1429 390 1665 446 pertransit,

250 469 330 510 nisi
371 469 467 525 quia
503 470 697 511 transitus
728 470 791 511 sui
833 472 1036 526 quaedam
1068 470 1187 522 digna
1218 467 1438 510 fecerunt?
1493 467 1549 508 Et
1579 466 1662 506 alio

251 547 371 588 loco:
405 560 642 603 „corrupta
663 548 704 603 ²)
737 560 818 597 est,
857 547 936 598 ait,
977 547 1111 588 omnis
1147 552 1294 589 terra.“
1355 545 1538 599 Quando
1572 560 1664 584 cor-

248 636 372 680 rupta
408 624 495 666 est?
557 626 662 665 Ante
703 624 932 673 diluvium,
970 641 1058 664 non
1096 626 1209 679 quod
1239 640 1316 680 per
1345 622 1664 663 inundationem

249 702 397 742 diluvii
428 702 481 742 sit
517 713 725 757 corrupta.
786 701 857 742 Ait
887 717 1004 754 ergo:
1037 714 1182 752 „terra
1202 703 1258 757 ³),
1291 716 1395 757 quae
1423 697 1664 755 peccaverit

243 779 369 830 mihi,
398 791 445 819 ut
476 780 692 834 delinquat
720 779 942 829 delictum,
973 781 1191 820 extendam
1220 795 1389 819 manum
1419 793 1579 826 meam,
1623 786 1663 814 et

244 868 459 897 conteram
490 856 577 915 ejus
606 856 918 897 firmamentum
948 856 1106 912 panis.“
1163 856 1403 897 Extendens
1425 855 1544 895 Deus
1573 868 1660 892 ma-

241 951 343 974 num
374 950 491 974 suam
520 949 647 988 super
674 934 952 989 peccatricem
982 946 1156 984 terram,
1197 935 1351 974 samem
1390 930 1580 971 immittit
1614 928 1658 969 in

243 1027 347 1052 eam.
403 1011 584 1052 Possum
615 1022 656 1051 et
685 1011 806 1052 aliter
835 1012 1122 1068 interpretari,
1163 1012 1258 1068 quia
1289 1023 1398 1051 terra
1429 1008 1655 1064 aliquando

240 1088 469 1143 delinquat.
528 1087 659 1128 Terra
699 1088 857 1143 quippe
899 1101 959 1129 est
996 1089 1133 1129 anima
1169 1099 1332 1137 nostra,
1377 1098 1424 1127 ut
1462 1086 1504 1125 in
1538 1100 1657 1140 para-

238 1165 340 1205 bola
361 1164 402 1220 ⁴)
445 1163 647 1215 evangelii
686 1163 951 1216 significatur.
1013 1166 1163 1206 Anima
1199 1176 1338 1220 petra,
1381 1163 1517 1203 anima
1546 1173 1656 1202 terra

238 1243 348 1282 bona
390 1252 431 1281 et
469 1239 621 1280 fertilis
650 1256 729 1295 per
756 1242 932 1281 multam
964 1240 1218 1297 patientiam.
1278 1241 1362 1281 Ista
1391 1240 1517 1292 igitur
1544 1251 1656 1279 terra

237 1334 360 1373 saepe
390 1328 551 1373 peccat,
581 1333 705 1372 saepe
734 1334 822 1358 non
850 1330 1008 1373 peccat.
1053 1318 1109 1359 Et
1137 1317 1172 1358 si
1203 1317 1373 1374 quidem
1403 1316 1654 1373 peccaverit,

238 1394 425 1435 extendit
451 1411 623 1435 manum
651 1411 778 1450 super
817 1411 930 1446 eam,
973 1407 1013 1436 et
1044 1395 1226 1436 conterit
1261 1411 1385 1436 omne
1414 1395 1653 1434 firmamen—

234 1482 327 1512 tum
355 1471 474 1526 panis
505 1470 603 1529 ejus.
651 1472 715 1513 Ne
746 1484 935 1513 conteras
967 1473 1235 1529 omnipotens
1264 1473 1381 1513 Deus
1411 1472 1652 1512 firmamen-

234 1560 326 1589 tum
362 1548 479 1604 panis
510 1549 561 1588 ab
591 1547 669 1588 ista
696 1560 806 1589 terra
835 1561 999 1600 nostra,
1041 1549 1141 1606 quin
1174 1548 1317 1605 potius
1347 1548 1496 1601 largire
1526 1548 1648 1588 nobis

234 1641 376 1665 semen
405 1636 544 1674 tuum,
574 1636 622 1664 ut
647 1625 775 1666 faciat
804 1626 848 1666 in
875 1626 999 1667 nobis
1030 1627 1213 1667 fructum
1245 1626 1503 1682 centuplum.

345 1701 384 1744 2.
430 1700 579 1755 „Et⁵)
617 1700 808 1742 emittam
846 1702 888 1743 in
919 1719 1009 1743 eam
1040 1704 1213 1752 famem,
1259 1715 1299 1744 et
1332 1704 1484 1744 tollam
1515 1705 1567 1744 de
1599 1720 1646 1745 ea

229 1778 447 1819 hominem
487 1789 527 1818 et
562 1784 742 1833 pecus.“
803 1777 1036 1832 Quomodo
1080 1796 1254 1835 possum
1291 1791 1377 1821 tam
1411 1781 1649 1822 reconditas

228 1873 293 1897 res
322 1855 365 1896 in
393 1854 616 1911 publicum
643 1856 866 1911 proferre?
921 1856 1045 1898 Unde
1086 1857 1210 1907 mihi,
1248 1869 1295 1898 ut
1334 1874 1542 1914 exponere
1580 1875 1649 1899 va-

230 1934 361 1983 leam,
400 1949 474 1972 cur
501 1933 655 1983 fames,
688 1950 761 1973 cur
791 1932 1006 1982 fertilitas,
1038 1950 1111 1973 cur
1139 1934 1414 1984 abundantia,
1451 1952 1526 1975 cur
1556 1951 1648 1988 ege-

230 2022 309 2051 stas
352 2022 488 2050 terrae
532 2009 749 2050 accidant?
814 2009 890 2059 „O
916 2010 957 2066 6)
1001 2010 1262 2065 profundum
1307 2011 1547 2051 divitiarum
1585 2028 1647 2053 sa-

228 2086 412 2142 pientiae
451 2097 492 2134 et
534 2086 731 2127 scientiae
770 2085 910 2127 Dei!“
967 2086 1122 2126 Utrum
1159 2098 1337 2148 propter
1373 2088 1564 2129 homines
1604 2101 1645 2130 et

229 2164 462 2204 animarum
489 2163 695 2203 malitiam
724 2162 975 2203 immittatur
1007 2163 1166 2206 fames?
1222 2166 1288 2204 An
1317 2177 1495 2220 propter
1522 2182 1644 2218 ange-

230 2241 308 2291 los,
340 2240 491 2296 quibus
520 2252 615 2281 sunt
639 2241 861 2281 commissa
884 2252 1063 2292 terrena,
1091 2241 1123 2281 si
1146 2242 1424 2297 peccaverint,
1454 2243 1645 2284 accidant

231 2334 279 2358 ea
303 2318 365 2374 ⁷),
410 2304 521 2375 quaer
556 2318 744 2358 videmus
782 2317 999 2359 accidere?
1065 2317 1111 2359 Si
1149 2330 1289 2359 autem
1330 2331 1426 2360 sunt
1472 2320 1642 2375 quidam
1683 2355 1686 2357 .

229 2394 422 2436 coelestis
446 2394 785 2450 >dispensationis
830 2394 1029 2444 ministri,
1078 2394 1151 2451 qui
1190 2395 1394 2437 fructibus
1432 2410 1641 2452 praesunt,

227 2474 339 2513 sorte
378 2484 419 2512 et
455 2483 633 2528 propter
660 2472 758 2513 illos
787 2471 1026 2513 infertilitas
1053 2483 1187 2513 terrae
1219 2473 1393 2515 eveniat.
1451 2475 1640 2516 Plurima

342 2639 382 2695 ¹)
411 2639 561 2679 Matth.
591 2639 748 2689 XXIV,
778 2639 845 2684 35.
965 2640 1007 2695 ²)
1041 2641 1146 2682 Gen.
1178 2641 1252 2691 VI,
1284 2641 1348 2684 11.

337 2709 381 2766 ³)
411 2709 561 2750 Ezech.
591 2709 706 2759 XIV,
738 2709 802 2752 13.
923 2710 963 2763 ²)
996 2711 1083 2756 Cfr.
1111 2712 1263 2753 Matth.
1291 2711 1410 2753 XIII.

339 2780 382 2836 ⁵)
410 2779 562 2819 Ezeeh.
592 2778 708 2828 XIV,
741 2777 804 2822 13.
925 2781 967 2837 ⁶)
996 2782 1121 2823 Rom.
1152 2782 1229 2833 XI,
1263 2780 1330 2826 33.

341 2850 382 2906 ⁷)
412 2849 519 2890 Edd.
549 2847 743 2890 Merlini:
775 2849 819 2890 in
849 2866 906 2891 ea.
