1759 3134
269 124 351 167 ⁴266
565 122 785 163 Omossms
814 135 860 163 m
893 124 1075 165 CANTm.
1108 123 1410 166 CANTmome

268 238 309 278 in
342 237 483 277 medio
515 235 740 276 filiarum.“
798 236 917 277 Sicut
952 235 1089 275 lilium
1126 252 1213 276 non
1242 247 1384 291 potest
1412 236 1542 292 spinis
1573 255 1686 280 com-

268 315 416 370 parari,
447 314 556 353 inter
585 329 685 369 quas
714 330 882 369 semper
912 313 1119 363 exoritur,
1151 314 1304 354 eodem
1333 314 1465 354 modo
1495 314 1685 369 proxima

266 409 358 432 mea
405 407 533 446 super
579 407 722 431 omnes
771 391 878 431 {ilias
924 391 1061 431 lilium
1103 402 1164 431 est
1203 390 1244 431 in
1278 390 1421 430 medio
1459 390 1685 446 spinarum.

267 472 348 510 Ista
378 468 550 510 audiens
579 485 733 524 sponsa
753 469 887 509 vicem
919 468 1057 508 reddit
1086 484 1257 523 sponse,
1289 480 1329 508 et
1359 468 1540 508 sentiens
1571 468 1684 510 illius

266 548 392 588 etiam
431 547 678 587 suavitatem
718 546 760 586 in
796 562 946 586 vocem
986 546 1192 585 laudantis
1233 545 1427 600 erumpit.
1487 545 1685 598 Unguen-

264 637 406 666 torum
438 624 596 680 quippe
627 625 737 664 odor
766 624 867 664 licet
895 623 1077 664 suaviter
1107 622 1251 678 spiret,
1282 634 1323 663 et
1351 640 1516 664 sensum
1550 625 1683 664 odore

264 703 515 752 demulceat,
544 718 630 742 non
660 714 800 742 tamen
833 700 1040 758 ejusmodi
1072 711 1145 749 est,
1177 712 1223 740 ut
1252 717 1375 741 suave
1407 701 1460 742 sit
1483 702 1535 741 ad
1555 702 1682 742 eden·

263 783 376 822 dum.
422 781 498 820 Est
527 792 667 821 autem
699 779 826 829 aliud,
859 780 975 834 quod
1006 777 1157 833 optimi
1188 778 1350 833 saporis
1379 778 1432 818 sit
1456 790 1496 818 et
1523 778 1680 828 odoris,

262 859 305 898 id
344 869 423 908 est,
460 869 507 897 ut
543 857 684 897 fauces
724 857 898 896 dulcore
939 857 1143 904 delectet,
1186 867 1226 895 et
1266 855 1460 911 spiritum
1498 857 1681 897 mulceat

261 937 461 976 odoratu:
493 935 576 975 tale
608 945 669 974 est
697 933 880 984 malum,
912 945 953 973 et
982 933 1221 974 istiusmodi
1254 945 1314 974 est
1343 934 1381 989 ¹)
1411 945 1605 983 naturae,
1633 946 1679 974 ut

259 1025 434 1068 utraque
466 1011 507 1051 in
538 1028 580 1052 se
610 1011 837 1067 possideat.
896 1010 1062 1051 Idcirco
1095 1012 1241 1051 volens
1269 1027 1354 1051 non
1383 1011 1523 1051 solum
1552 1013 1678 1052 bene-

258 1090 488 1130 volentiam
518 1088 737 1137 sermonis,
767 1089 840 1128 sed
876 1099 916 1127 et
941 1088 1161 1127 dulcorem
1193 1087 1280 1144 ejus
1309 1104 1462 1142 sponsa
1492 1089 1676 1139 laudare,

256 1167 333 1206 ait:
374 1177 450 1215 „ut
476 1166 519 1219 2)
550 1165 710 1204 malum
742 1164 784 1203 in
816 1164 936 1216 lignis
965 1164 1126 1220 sylvae,
1158 1164 1214 1203 ita
1244 1164 1455 1203 fratruelis
1485 1181 1604 1205 meus
1634 1165 1675 1206 in

254 1242 396 1283 medio
428 1241 656 1282 filiorum-‘⁴
704 1240 860 1282 Omnia
890 1240 1013 1292 ligna,
1046 1256 1191 1280 omnes
1209 1240 1250 1295 ³)
1281 1241 1453 1281 arbores
1481 1243 1533 1282 ad
1563 1259 1678 1283 com—

250 1320 514 1376 parationem
557 1319 763 1359 sermonis
808 1319 892 1359 Dei
945 1319 1085 1376 sylvae
1129 1317 1333 1358 inferaces
1377 1318 1676 1371 existimantur,

251 1399 303 1438 ad
335 1397 548 1439 Christum
577 1397 704 1437 saltus
735 1409 796 1437 est
829 1413 968 1445 omne,
999 1396 1116 1450 quod
1147 1394 1310 1444 dixeris,
1344 1407 1385 1435 et
1414 1395 1674 1439 infructuosa

249 1487 345 1516 sunt
376 1474 528 1514 omnia.
577 1474 698 1528 Quae
731 1473 842 1514 enim
871 1484 1048 1528 possunt
1079 1472 1177 1523 dici,
1207 1474 1259 1513 ad
1292 1490 1385 1513 eum
1420 1488 1673 1531 comparata,

249 1552 492 1594 fructifera?
548 1551 689 1592 Etiam
718 1551 851 1603 ligna,
884 1567 989 1606 quae
1022 1550 1272 1590 videbantur
1300 1551 1506 1592 fructibus
1535 1551 1671 1593 incur—

248 1630 359 1680 vari,
390 1630 442 1670 ad
474 1628 750 1669 collationem
780 1629 983 1668 adventus
1013 1626 1123 1684 ejuS,
1154 1627 1415 1668 infructuosa
1444 1641 1672 1671 monstrata

248 1719 355 1749 sunt.
416 1707 521 1747 Ideo
564 1717 646 1756 „ut
670 1707 712 1762 ⁴)
751 1706 911 1745 malum
952 1701 995 1744 in
1023 1704 1145 1757 lignis
1175 1704 1338 1762 sylvae,
1376 1704 1434 1745 ita
1463 1707 1671 1749 fratruelis

246 1804 365 1827 meus
406 1785 448 1825 in
487 1783 632 1825 medio
670 1783 872 1824 filiorum.
942 1783 990 1822 In
1026 1783 1175 1823 umbra
1214 1781 1300 1839 ejus
1341 1783 1590 1838 concupivi,
1632 1796 1672 1825 et

245 1864 377 1907 sedi.“
452 1862 594 1916 Quam
631 1861 809 1917 pulchre
850 1877 937 1901 non
975 1860 1054 1901 ait:
1094 1860 1138 1900 in
1176 1862 1325 1900 umbra
1363 1860 1478 1901 illius
1519 1878 1672 1902 concu-

244 1944 385 1999 pisco:
416 1942 510 1981 sed:
543 1939 670 1995 „in⁵)
701 1939 852 1979 umbra
883 1937 970 1996 ejus
1002 1937 1285 1993 concupivi:“
1317 1949 1376 1978 et:
1408 1954 1494 1978 non
1516 1940 1669 1979 sedeo:

244 2022 340 2062 sed:
379 2018 546 2070 „sedi.“
604 2017 651 2059 Si
684 2016 857 2072 quidem
885 2015 929 2056 in
958 2015 1171 2071 principio
1203 2031 1290 2055 non
1318 2031 1541 2070 possumus
1572 2033 1667 2057 eum

244 2115 294 2139 eo
326 2095 550 2153 proprium
581 2095 775 2134 conferre
803 2108 1064 2141 sermonem,
1094 2108 1243 2132 verum
1273 2090 1315 2132 in
1343 2091 1580 2148 principio,
1622 2107 1668 2135 ut

243 2178 298 2217 ita
339 2174 497 2223 dicam,
542 2172 722 2227 quadam
760 2169 985 2226 majestatis
1024 2169 1137 2210 illius
1184 2170 1335 2210 umbra
1381 2170 1666 2225 perfruimur3

242 2254 354 2294 unde
393 2263 434 2291 et
475 2250 515 2290 in
558 2247 778 2304 prophetis
815 2246 988 2298 legitur:
1027 2245 1246 2302 „Spiritus
1270 2248 1313 2304 ⁶)
1345 2247 1468 2287 faciei
1498 2260 1664 2289 nostrae

243 2330 431 2372 Christus
459 2325 696 2374 Dominus,
738 2323 805 2365 cui
850 2323 1052 2364 diximus:
1093 2324 1136 2364 in
1178 2325 1327 2365 umbra
1358 2324 1445 2382 ejus
1475 2325 1663 2367 vivemus

356 2540 397 2595 ¹)
427 2538 536 2578 Edd.
566 2533 761 2577 Merlini:
795 2546 835 2574 et
864 2545 1047 2575 naturae.

351 2610 394 2664 2)
428 2607 586 2650 Cantic.
614 2607 672 2656 II,
700 2604 740 2649 3.

352 2679 395 2735 3)
426 2679 544 2718 Libri
577 2676 678 2717 editi
707 2676 769 2731 (V.
803 2693 835 2716 c.
870 2676 964 2715 edd.
996 2675 1102 2728 M.):
1144 2691 1327 2724 „omnes
1364 2677 1503 2734 sylvae
1535 2678 1656 2717 arbo*

234 2743 355 2791 res;“
385 2736 459 2776 sed
488 2734 531 2774 in
561 2734 660 2774 Mss.
694 2732 888 2773 omnibus
921 2730 1131 2772 omittitur
1160 2732 1380 2789 ,‚sylvae.“
1436 2734 1486 2774 R.

351 2806 397 2861 4)
429 2804 588 2847 Cantic.
620 2804 676 2852 II,
705 2801 743 2846 3.
866 2803 911 2858 ⁵)
943 2801 1103 2844 Cantic.
1134 2803 1191 2851 II,
1226 2801 1263 2845 3.

353 2877 396 2933 ⁶)
428 2877 583 2920 Thren.
614 2874 688 2923 IV,
721 2872 786 2915 20.
