1759 3134
215 130 298 175 296
515 126 737 168 Omossms
767 137 811 169 m
843 125 1024 167 CANTm.
1059 124 1363 169 CArmcome

223 244 330 286 sicut
363 241 516 283 dicitur
547 239 697 296 aliquis
730 239 904 281 carnalis
938 255 1081 290 amor,
1114 255 1240 294 quem
1273 251 1314 280 et
1340 239 1381 296 ¹)
1414 241 1655 298 cupidinem

225 321 546 378 appellaverunt
576 330 744 374 poetae,
775 319 1006 360 secundum
1039 334 1178 374 quem,
1211 318 1283 374 qui
1308 331 1431 371 amat,
1463 319 1506 362 in
1537 338 1657 365 carne

224 398 422 441 seminat:
467 397 524 438 ita
564 408 627 438 est
666 408 707 439 et
746 396 918 454 quidam
963 395 1193 452 spiritualis
1238 413 1379 447 amor,
1428 400 1662 442 secundum

225 493 353 534 quem
391 476 465 517 ille.
506 475 686 518 interior
726 476 855 517 homo
895 491 1061 525 amam,
1107 474 1149 515 in
1179 475 1330 532 spiritu
1361 475 1550 518 seminat.
1607 478 1664 520 Et

223 568 272 597 ut
300 555 535 597 evidentius
565 553 721 605 dicam,
760 554 794 595 si
827 553 918 610 quis
950 565 1031 604 est,
1073 553 1145 610 qui
1175 566 1317 610 portat
1346 554 1483 595 adhuc
1512 554 1659 609 imagi-

224 651 323 676 nem
350 632 509 675 terreni
541 632 774 673 secundum
805 632 1057 673 exteriorem
1088 631 1329 682 hominem,
1374 632 1509 686 agitur
1542 633 1662 690 cupi-

226 713 323 755 dine
363 724 404 754 ct
443 727 586 752 amore
626 722 794 751 terreno
820 710 876 767 2).
939 709 1026 765 Qui
1051 710 1094 766 3)
1130 726 1228 751 vero
1261 722 1405 767 portat
1435 710 1662 764 imaginem

224 790 421 833 coelestis
457 789 690 831 secundum
732 787 977 830 interiorem
1008 789 1250 839 hominem,
1290 787 1424 841 agitur
1457 788 1657 844 cupidine

225 880 267 909 et
311 883 455 908 amore
503 866 690 908 coelesti.
764 867 924 907 Amore
971 878 1112 908 autem
1154 879 1195 909 et
1238 866 1436 923 cupidine
1484 866 1659 908 coelesti

224 947 360 1001 agitur
389 945 539 996 anima,
572 961 668 986 cum
697 956 916 1001 perspecta
946 944 1265 1001 pulchritudine
1298 956 1339 986 et
1365 945 1520 986 decore
1543 943 1663 986 verbi

225 1025 334 1076 Dei,
364 1024 551 1081 speciem
583 1021 670 1081 ejus
700 1022 981 1074 adamaverit,
1013 1035 1055 1065 et
1086 1039 1133 1064 ex
1164 1023 1258 1079 ipso
1289 1023 1426 1064 telum
1449 1022 1493 1079 ¹²)
1526 1023 1665 1080 quod-

227 1103 325 1144 dam
366 1113 408 1143 et
448 1102 599 1142 vulnus
639 1100 794 1141 amoris
831 1100 1055 1155 acceperit.
1115 1099 1190 1142 Est
1233 1100 1346 1142 enim
1375 1101 1552 1142 verbum
1583 1101 1666 1143 hoc

226 1180 390 1233 imago,
436 1190 478 1220 et
521 1178 726 1234 splendor
763 1175 848 1217 Dei
891 1176 1134 1228 invisibilis,
1178 1177 1486 1234 primogenitus
1536 1178 1672 1220 omnis

234 1268 470 1307 creaturae,
501 1256 545 1297 in
576 1272 661 1312 quo
695 1266 833 1297 creata
861 1266 958 1296 sunt
989 1254 1156 1305 omnia,
1187 1271 1294 1311 quae
1324 1254 1368 1296 in
1400 1254 1531 1297 coelis
1561 1268 1672 1308 sunt,

230 1348 273 1378 et
303 1351 408 1392 quae
440 1334 483 1375 in
512 1334 655 1385 terris,
687 1333 774 1375 sive
806 1332 1010 1384 visibilia,
1049 1333 1136 1374 sive
1169 1332 1410 1375 invisibilia.
1471 1332 1606 1387 Igitur
1635 1333 1670 1376 si

230 1413 323 1470 quis
353 1410 545 1469 potuerit
576 1411 719 1469 capaci
748 1423 890 1453 mente
923 1410 1132 1469 conjicere
1165 1423 1206 1452 et
1227 1410 1494 1453 considerare
1513 1412 1670 1454 horum

231 1490 445 1541 omnium,
492 1505 596 1546 quae
641 1489 685 1530 in
730 1489 823 1546 ipso
874 1501 1012 1531 creata
1055 1501 1174 1540 sunt,
1220 1490 1347 1531 decus
1388 1500 1429 1530 et
1471 1488 1672 1546 speciem,

229 1570 322 1627 ipsa
345 1569 387 1624 ⁵)
418 1584 562 1610 rerum
592 1578 810 1608 venustate
846 1583 1094 1623 percussus,
1134 1580 1175 1609 et
1214 1567 1453 1624 splendoris
1483 1568 1674 1621 magnifi-

233 1647 369 1690 centia
411 1663 488 1688 ceu
528 1645 693 1703 jaculo,
734 1657 782 1686 ut
825 1645 884 1687 ait
912 1646 1123 1702 propheta
1147 1647 1218 1703 ⁶),
1258 1646 1395 1687 electo
1426 1647 1675 1698 terebratus,

232 1727 414 1769 salutare
453 1726 505 1766 ab
546 1724 642 1781 ipso
682 1723 835 1765 vulnus
873 1723 1077 1780 accipiet,
1130 1736 1172 1765 et
1215 1725 1342 1765 beato
1382 1723 1476 1778 igne
1516 1725 1671 1767 amoris

232 1804 321 1864 ejus
351 1802 529 1845 ardebit.
591 1803 780 1859 Oportet
809 1801 935 1844 etiam
965 1819 1044 1844 nos
1075 1802 1185 1844 illud
1215 1802 1321 1844 scire
1345 1803 1402 1860 ⁷),
1435 1803 1552 1859 quod
1582 1801 1670 1844 illi-

234 1883 340 1924 citus
371 1898 504 1933 amor,
537 1893 579 1923 et
606 1893 752 1923 contra
782 1881 933 1934 legem,
969 1881 1077 1924 sicut
1106 1880 1299 1924 accidere
1330 1891 1474 1936 potest
1503 1880 1667 1922 homini

235 1960 455 2011 exteriori,
500 1959 619 2001 verbi
664 1960 816 2012 gratia,
859 1972 907 2001 ut
951 1977 1038 2002 non
1084 1975 1283 2017 sponsam
1328 1958 1399 1999 vel
1443 1957 1667 2016 conjugem

234 2052 371 2090 amet,
411 2039 486 2080 sed
517 2050 590 2079 aut
617 2038 885 2080 meretricem
916 2050 988 2080 aut
1017 2038 1275 2079 adulteram:
1322 2036 1379 2078 ita
1411 2048 1453 2077 et
1481 2037 1674 2079 interiori

233 2117 420 2168 homini,
458 2117 541 2158 hoc
581 2128 663 2167 est,
705 2116 868 2158 animae
907 2116 1099 2158 accidere
1139 2127 1282 2172 potest
1320 2131 1461 2167 amor,
1504 2131 1590 2156 non
1630 2115 1673 2157 in

234 2196 473 2251 legitimum
502 2211 731 2251 sponsum,
764 2211 890 2252 quem
921 2194 1101 2237 diximus
1134 2211 1222 2236 esse
1252 2194 1429 2236 verbum
1460 2193 1568 2245 Dei,
1597 2194 1672 2236 sed

357 2415 402 2472 ¹)
431 2416 565 2457 Deest
595 2421 707 2466 „et“
738 2415 781 2468 in
811 2415 906 2457 edd.
937 2415 998 2456 Μ.

357 2486 400 2542 ²)
430 2485 540 2527 Edd.
573 2485 765 2528 Merlini:
802 2486 970 2528 carnali.

355 2557 399 2614 3)
430 2558 597 2599 Desunt
624 2558 773 2599 verba:
811 2557 929 2612 „Qui
960 2572 1061 2598 vero
1094 2578 1146 2587 ·—
1173 2556 1406 2609 hominem,
1437 2558 1572 2612 agitur
1602 2575 1671 2601 cu<

242 2613 388 2671 pidine
420 2626 461 2656 et
491 2631 635 2656 amore
667 2614 903 2665 coelesti,“
934 2614 978 2655 in
1009 2614 1104 2655 edd.
1137 2615 1198 2656 M.

355 2686 399 2741 4)
429 2685 541 2726 Edd.
572 2684 773 2727 Merlini:
805 2685 943 2726 zelum
974 2686 1185 2742 quendam
1217 2697 1258 2727 et
1288 2686 1439 2728 vulnus
1470 2697 1546 2729 etc.

354 2756 398 2812 ⁵)
428 2756 539 2797 Edd.
570 2754 769 2797 Merlini:
801 2756 891 2813 ipse
920 2756 1070 2798 harum
1099 2773 1242 2798 rerum
1273 2768 1352 2799 etc.

365 2827 411 2882 ⁶)
441 2826 567 2869 Jesai.
598 2826 753 2877 XLIX,
784 2826 823 2870 2.

358 2895 401 2954 ⁷)
431 2896 541 2940 Edd.
577 2896 772 2942 Merlini:
804 2897 923 2942 scire.
983 2898 1165 2944 Illicitus
1197 2915 1316 2943 amor
1347 2910 1424 2943 etc.
