1759 3134
645 138 842 179 HommA
873 138 967 177 Vn.
1449 138 1529 181 105

116 248 410 305 corrumpitur.
456 248 538 299 „Et
554 248 596 305 ¹)
616 249 866 290 transierunt
890 263 1008 288 crura
1032 258 1102 289 tua
1122 265 1200 304 per
1217 265 1387 289 omnem
1402 260 1533 290 trans-

114 323 232 376 itum,
256 338 295 366 et
312 325 601 381 multiplicasti
624 325 945 367 fornicationem
967 332 1124 366 tuam.“
1169 327 1224 367 Et
1238 326 1281 382 2)
1306 326 1532 366 fornicatio

115 418 137 442 a
161 403 440 443 fornicatione
473 403 684 443 differens:
715 413 755 441 et
786 402 1004 456 quomodo
1031 402 1074 442 in
1096 403 1374 444 fornicatione
1400 404 1532 444 carnis

116 490 176 519 est
205 479 355 535 aliquis
383 497 468 521 non
498 480 649 520 nimiae
679 478 985 527 fornicationis,
1017 490 1058 519 et
1086 491 1225 520 tamen
1248 480 1530 520 fornicatione

115 557 327 610 pollutus,
358 558 461 597 alius
494 573 592 597 vero
622 554 908 610 multiplicans
939 555 1264 596 fornicationem
1295 573 1432 597 suam:
1472 557 1532 598 sic

118 644 158 673 et
196 632 236 673 in
288 650 336 675 ea
380 632 680 681 fornicatione,
726 648 829 687 quae
875 632 1056 673 animam
1100 650 1236 684 suam,
1281 650 1531 689 sensumque

116 711 406 760 commaculat,
436 709 540 750 alius
569 708 839 750 multitudine
871 709 1161 751 fornicationis
1192 709 1397 761 obruitur,
1428 710 1534 750 alius

116 802 214 826 vero
252 804 338 827 non
376 799 460 828 tam
506 803 528 827 a
572 785 852 827 fornicatione
897 799 958 828 est
1002 789 1196 828 seductus
1220 787 1275 842 3).
1349 786 1532 836 Idcirco,

115 880 194 918 qua
223 880 415 904 mensura
444 863 576 904 mensi
612 863 834 914 fuerimus,
864 864 1111 904 remetietur
1138 863 1274 906 nobis.

223 939 262 983 8.
311 940 448 996 „Et⁴)
478 939 685 981 fornicata
717 956 758 981 es
788 941 832 981 in
853 941 965 981 filios
982 934 1165 998 Aegypti
1189 941 1374 982 confines
1396 944 1532 979 tuos.“

112 1016 214 1057 Filii
240 1018 280 1072 ⁵)
315 1017 491 1073 Aegypti
534 1017 765 1058 contrariae
795 1018 1064 1059 fortitudines
1093 1030 1200 1059 sunt.
1259 1019 1349 1058 Nec
1377 1016 1534 1056 mirum

114 1105 185 1144 est,
216 1093 250 1134 si
282 1094 466 1135 confines
495 1095 627 1135 nostri
656 1095 853 1153 Aegyptii
885 1095 1094 1136 dicantur:
1138 1095 1322 1136 confines
1353 1093 1534 1151 Aegypti

115 1183 156 1211 et
183 1172 418 1212 Jerusalem
454 1172 498 1212 in
535 1189 608 1213 sua
639 1172 805 1213 civitate
836 1185 931 1213 sunt
959 1173 1112 1228 positi,
1152 1172 1223 1228 qui
1252 1183 1348 1212 sunt
1376 1170 1534 1223 magnis

116 1248 328 1299 carnibus,
366 1265 452 1288 non
493 1249 589 1304 quia
626 1249 693 1289 isti
723 1250 920 1306 Aegyptii
953 1249 1140 1301 ingentes
1171 1264 1312 1288 carnes
1341 1248 1534 1296 habeant,

118 1349 168 1355 —-
209 1338 250 1367 et
290 1325 461 1382 quidem
499 1326 674 1366 honeste
716 1326 883 1366 videtur
906 1325 947 1380 ⁶)
977 1326 1174 1381 pudenda
1205 1341 1353 1364 eorum
1382 1324 1534 1364 immu-

113 1414 199 1443 tato
232 1403 440 1443 vocabulo
470 1403 733 1454 significasse,
763 1403 808 1443 id
839 1414 912 1452 est,
942 1402 1100 1454 magmis
1132 1400 1323 1442 carnibus
1354 1424 1428 1450 -—-‚
1460 1401 1535 1441 sed

115 1479 211 1534 quia
242 1479 378 1519 carnei
406 1478 644 1520 intellectus
675 1496 918 1532 magnamm
947 1495 1024 1519 nos
1057 1477 1244 1519 carnium
1274 1476 1447 1517 faciant:
1489 1487 1535 1516 ut

116 1571 136 1595 e
179 1555 387 1597 contrario
432 1569 492 1598 est
535 1558 739 1613 quaedam
771 1573 866 1598 caro
899 1556 1120 1605 deficiens,
1163 1555 1214 1595 de
1247 1571 1328 1610 qua
1358 1554 1534 1595 dicitur:

113 1635 370 1690 „quomodo
402 1634 441 1689 ⁷)
475 1651 571 1675 caro
602 1652 695 1676 mea
724 1634 766 1675 in
797 1646 908 1675 terra
938 1634 1122 1680 deserta,
1167 1643 1208 1672 et
1238 1631 1370 1681 invia,
1403 1643 1444 1671 et
1473 1630 1534 1670 in-

113 1728 279 1766 aquosa,
309 1711 368 1751 sic
397 1710 438 1751 in
469 1723 611 1752 sancto
643 1712 819 1767 apparui
849 1710 968 1751 tibi.“
1027 1708 1281 1749 Fornicatur
1310 1707 1437 1760 igitur
1464 1708 1535 1748 Je-

233 1880 272 1933 ¹)
304 1879 455 1919 Ezech.
487 1879 604 1930 XVI,
632 1881 687 1923 25

229 1948 271 2004 12)
302 1949 412 1989 Edd.
441 1949 633 1990 Merlini:
664 1950 739 1991 Est
768 1947 993 1990 fornicatio
1027 1958 1104 1988 etc.

226 2019 268 2073 3)
302 2018 410 2059 Edd.
442 2018 639 2059 Merlini:
671 2018 893 2077 sejunctus.
1015 2017 1057 2074 ⁴²)
1088 2015 1240 2057 Ezech.
1272 2016 1389 2066 XVI,
1418 2016 1484 2059 25.

231 2089 495 2145 ⁵).Catenae
535 2089 636 2129 Mss.
696 2091 841 2143 „Yioz
879 2085 1119 2145 Αἰγύπτου
1163 2084 1380 2141 δυνάμεις
1420 2089 1536 2130 εἴσὶν

115 2161 432 2217 ἀντικειζιιεναι.
475 2162 582 2220 ,Καὶ
619 2157 796 2217 μήποτε
831 2152 914 2203 οὖν
951 2155 1042 2216 ἄρα
1075 2148 1203 2201 οὗτοί
1230 2159 1344 2201 εἰσιν
1379 2159 1420 2200 οἱ
1449 2173 1536 2198 κα-

114 2229 304 2285 ,9Ᾰήὸονοι
336 2231 574 2286 δαίμονες,
619 2233 662 2274 οἱ
693 2228 1118 2289 φιλαμαρτήμονες,
1160 2231 1203 2272 οἱ
1234 2225 1537 2284 συνηδόμενοι

115 2307 206 2350 τοῖς
243 2299 410 2344 πάθεσι
456 2303 531 2353 τῆς
564 2300 749 2356 σαρκὸς,
790 2303 867 2344 καὶ
897 2298 950 2342 τὰ
981 2298 1130 2343 πολλὰ
1160 2301 1389 2346 κινοῦντες
1420 2295 1539 2352 ἡμᾶς

117 2376 179 2420 εἰς
215 2374 366 2413 ταῦτα.
437 2362 571 2414 Οὗτοι
612 2373 660 2414 δὲ
701 2370 954 2431 ὁιιοροισιν
993 2369 1119 2427 ἦιιῖν.
1197 2367 1264 2411 ch
1302 2367 1393 2425 γὰο
1437 2365 1538 2423 ὅρια

114 2444 188 2494 τῆς
221 2438 512 2497 Ῑερουσαὶὴιι
549 2443 625 2484 καὶ
664 2445 738 2497 τῆς
775 2439 1017 2499 Αἰγύπτου
1057 2439 1194 2498 ἐγγύς
1224 2443 1364 2483 εἰσιν.
1355 2437 1386 2460 ‘⁶
1446 2439 1538 2478 Καὶ

113 2510 205 2565 μετ’
253 2509 338 2566 ὀλῶ
344 2524 407 2552 α
452 2511 856 2568 ,,Ᾱ[εγα)όσαρκοί
894 2515 1009 2556 εἰσιν
1049 2514 1169 2555 οὑτοι
1212 2513 1255 2555 οἱ
1292 2512 1372 2563 At}
1376 2504 1537 2549 ’ὕπτιοι

115 2580 167 2624 οὐ
199 2578 366 2636 σάωκας
397 2585 628 2637 φέροντες·
660 2584 742 2634 ἔξω
774 2581 864 2641 yc'eo
895 2580 1062 2640 σαρκός
1092 2586 1198 2628 εἰσι·
1245 2575 1540 2637 μεγαλόσαρ-

113 2667 185 2694 κοι
217 2651 264 2693 δὲ
296 2653 527 2706 λέγονται,
573 2651 637 2696 ὅτι
679 2653 797 2697 πολὺ
837 2652 1048 2714 κεχήνασι
1091 2655 1195 2711 περὶ
1234 2649 1282 2696 τὸ
1325 2646 1542 2708 σαρκικὸν

117 2718 380 2779 φρόνημτι.“
440 2722 618 2763 Ruaeus.

233 2790 274 2847 ⁶)
302 2790 411 2830 Edd.
446 2791 640 2832 Merlini:
671 2792 878 2841 videntur.

236 2861 277 2917 ⁷)
307 2862 462 2904 Psalm.
493 2862 651 2912 LXIII,
683 2862 720 2906 1.
750 2864 790 2908 2.
823 2864 998 2920 (LXII.)
