1759 3134
653 137 849 179 ΗοΜηΙΑ
879 135 951 175 IV.
1452 131 1506 174 69

93 247 279 296 bilitate,
326 259 367 288 et
412 248 606 303 deinceps
652 248 693 287 in
732 247 994 303 Babylonem
1034 245 1251 285 translatus
1291 242 1502 283 eunuchus

93 325 269 364 effectus
301 336 384 374 est,
426 336 471 364 ut
510 324 726 364 manifeste
768 339 813 362 ex
844 321 953 361 libro
986 320 1115 376 ipsius
1146 318 1323 372 intelligi
1352 328 1495 374 potest

93 401 197 441 vidit
236 413 276 441 et
314 401 597 441 reversionem
636 400 676 440 in
710 399 956 440 Jerusalem.
1018 397 1075 437 Ut
1111 409 1251 436 autem
1289 396 1503 450 probetur

92 478 207 532 quod
244 489 336 517 ante
378 477 658 532 captivitatem
697 475 737 515 in
766 475 998 515 Jerusalem
1036 473 1184 522 fuerit,
1224 485 1264 512 et
1303 483 1400 528 post
1437 486 1501 510 ca-

90 553 325 608 ptivitatem
357 554 567 594 eunuchus
597 553 770 592 effectus
800 551 872 599 sit,
911 567 1163 591 assumamus
1194 549 1260 598 id,
1301 550 1416 603 quod
1447 548 1498 587 ad

88 629 309 669 Ezechiam
348 630 507 670 dictum
545 641 624 668 est:
665 627 911 682 „accipient
934 627 971 682 ¹)
1013 629 1063 667 de
1100 626 1198 666 filiis
1231 626 1332 675 tuis,
1371 635 1411 663 et
1441 625 1500 663 sa-

90 706 199 745 cient
236 707 440 760 spadones
479 705 519 745 in
554 706 682 745 domo
713 704 862 757 regis.“
920 704 1087 744 Deinde
1118 714 1215 758 post
1243 700 1501 756 septuaginta

88 798 217 821 annos
255 781 462 821 invenitur
501 782 728 836 deprecans
756 781 920 830 Deum,
958 792 1004 820 ut
1035 780 1250 834 completo
1280 777 1363 834 jam
1394 788 1499 816 tem-

87 875 190 913 pore
238 857 485 912 captivitatis
531 875 695 898 rursum
719 858 760 912 2)
811 857 1064 910 ingrediatur
1095 856 1340 897 Jerusalem,
1414 854 1499 893 Ha-

86 937 231 974 bemus
262 934 495 974 orationem
526 934 612 991 ejus
643 934 686 974 in
711 934 925 974 volumine
948 933 1124 993 proprio
1148 931 1499 987 conscriptam3),

87 1028 162 1052 nec
198 1023 337 1051 tamen
382 1027 603 1066 possumus
647 1011 856 1061 invenire,
900 1011 973 1051 ubi
1017 1011 1069 1052 sit
1112 1022 1315 1050 mortuus,
1382 1007 1501 1047 Vidit

87 1105 182 1140 ergo
212 1088 291 1128 tria
321 1099 535 1143 tempora,
566 1099 656 1128 ante
692 1088 996 1144 captivitatem,
1028 1088 1071 1128 in
1103 1087 1367 1143 captivitate,
1400 1096 1441 1124 et
1457 1084 1498 1138 ⁴)

83 1177 180 1219 post
217 1163 511 1219 captivitatem.
571 1164 684 1206 Talis
713 1164 844 1221 justus
874 1176 946 1206 est.
1006 1164 1231 1231 VideOamus
1261 1174 1414 1210 autem,
1445 1177 1495 1200 an

87 1253 128 1281 et
155 1242 238 1281 Job
261 1242 301 1295 ⁵)
344 1241 420 1281 tria
458 1253 650 1296 tempora
690 1241 895 1281 hahuerit.
953 1242 1055 1282 Fuit
1086 1240 1256 1295 quidem
1286 1238 1498 1292 locuples:

87 1329 199 1357 erant
242 1317 398 1373 quippe
440 1318 476 1358 ei
517 1335 615 1358 oves
653 1329 814 1373 septem
852 1317 1009 1367 millia,
1049 1317 1198 1357 cameli
1236 1315 1314 1356 tria
1352 1314 1500 1363 millia,

88 1394 178 1450 juga
215 1396 344 1433 boum
378 1394 620 1449 quingenta,
662 1406 702 1434 et
732 1395 953 1449 suppellex
984 1395 1116 1434 multa
1146 1394 1289 1441 valde,
1328 1391 1406 1431 filii
1437 1407 1500 1430 se-

85 1483 222 1525 ptem,
255 1470 376 1520 *filiae
424 1482 518 1510 tres.
592 1470 759 1510 Deinde
799 1470 959 1525 accepit
1003 1481 1255 1529 potestatem
1292 1468 1500 1508 Diabolus

85 1548 277 1587 adversus
312 1563 420 1586 eum.
471 1546 578 1586 Vide
610 1558 802 1601 tempora
832 1558 1099 1588 commutata.
1159 1547 1289 1586 Dives
1323 1546 1365 1585 in
1397 1545 1502 1585 libe-

84 1623 139 1663 ris
168 1634 299 1678 pater,
330 1635 502 1678 repente
534 1625 660 1663 orbus
693 1624 892 1664 efficitur:
926 1624 1041 1664 dives
1073 1624 1114 1663 in
1146 1640 1271 1664 censu
1290 1623 1500 1671 dominus,

85 1701 136 1740 ad
180 1699 371 1738 ultimam
417 1699 641 1739 deducitur
684 1712 918 1751 egestatem.
1000 1701 1111 1739 Ecce
1157 1701 1240 1738 duo
1293 1675 1498 1753 tempora.

84 1777 187 1816 Post
224 1776 323 1816 haec
362 1787 536 1830 apparet
575 1774 611 1814 ei
643 1776 876 1825 Dominus,
919 1788 957 1816 et
998 1776 1185 1830 loquitur
1225 1775 1261 1815 ei
1294 1776 1344 1814 de
1374 1776 1499 1823 nube,

87 1865 128 1893 et
157 1853 245 1909 ipse
275 1853 360 1893 Job
393 1869 452 1901 ea,
485 1868 587 1907 quae
621 1864 714 1892 sunt
743 1852 784 1892 in
816 1852 924 1892 libro
958 1851 1044 1908 ejus
1073 1852 1239 1907 scripta,
1269 1851 1498 1906 respondit.

88 1930 218 1982 Igitur
260 1929 303 1968 in
347 1929 485 1983 primo
533 1940 724 1983 tempore
763 1929 846 1969 Dei
892 1928 1084 1969 laudibus
1129 1929 1412 1984 praedicatur:
1459 1928 1500 1967 in

85 2006 268 2046 secundo
300 2005 520 2045 tentationi
552 2004 741 2055 traditur,
773 2016 813 2045 et
842 2004 1081 2045 saevissimo
1111 2006 1252 2046 ulcere
1283 2022 1501 2061 percussus

87 2101 108 2124 a
144 2083 322 2139 pedibus
362 2098 492 2138 usque
528 2082 580 2122 ad
610 2094 733 2137 caput
765 2081 896 2122 tristia
927 2093 967 2121 et
998 2082 1100 2121 dura
1127 2082 1375 2138 perpetitur.
1434 2082 1501 2121 Ad

86 2172 313 2200 extremum
340 2159 381 2211 6)
415 2159 548 2199 factae
581 2170 675 2198 sunt
707 2160 744 2198 ei
777 2175 875 2198 oves
906 2159 1225 2214 quatuordecim
1250 2154 1408 2208 millia,
1441 2176 1504 2198 ca-

87 2236 187 2276 meli
220 2253 286 2276 sex
317 2236 473 2285 millia,
503 2235 595 2292 juga
626 2237 758 2275 boum
788 2236 928 2285 mille,
959 2236 1095 2277 asinae
1125 2247 1339 2292 pascentes
1369 2236 1501 2277 mille,

90 2324 130 2352 et
159 2324 380 2353 nascuntur
412 2313 449 2354 ei
481 2313 557 2353 filii
588 2324 764 2368 septem,
796 2325 836 2353 et
865 2312 989 2354 filiae.
1035 2315 1172 2369 Atque
1203 2313 1261 2352 ita
1293 2324 1333 2352 et
1359 2312 1400 2352 in
1417 2313 1501 2352 Job

90 2390 167 2429 tria
196 2400 387 2444 tempora
416 2390 787 2445 deprehendimus,
819 2406 923 2444 quae
954 2389 996 2429 in
1026 2389 1144 2446 justis
1174 2389 1412 2430 hominibus
1442 2405 1506 2429 re-

91 2465 286 2520 perimus.
342 2465 441 2506 Tria
473 2466 615 2507 vident
645 2465 741 2523 justi
772 2478 976 2522 tempora,
1006 2484 1212 2522 praesens,
1246 2479 1287 2508 et
1318 2483 1506 2507 conmm-

211 2647 251 2703 2)
284 2646 369 2687 Csr.
401 2646 525 2686 Jesai.
557 2647 757 2698 XXXIX,
791 2647 828 2691 7.

210 2717 252 2771 ²)
284 2717 415 2756 Deest
447 2724 680 2765 ‚,rursum“
710 2718 750 2757 in
783 2720 847 2759 ed.
880 2717 1024 2760 Ruaei.

211 2786 253 2840 3)
287 2786 372 2826 Cfr.
404 2786 511 2825 Dan.
545 2785 619 2826 IX.
737 2787 779 2842 ⁴)
809 2788 940 2828 Deest
970 2795 1082 2839 „et“
1114 2788 1154 2829 in
1187 2789 1280 2830 edd.
1313 2789 1372 2830 M.

217 2856 258 2910 ³)
292 2855 376 2897 Csr.
406 2855 491 2896 Job
525 2856 554 2896 I.
675 2856 717 2911 ⁶)
751 2857 836 2905 Cfr.
866 2859 963 2898 Job.
994 2859 1126 2900 Xth.
