1759 3134
659 137 856 179 HommA
889 137 941 176 II.
1428 134 1507 179 261

92 251 233 291 medio
276 252 449 290 uberum
489 265 682 290 meorum
722 248 1110 290 commorabitur:“
1157 247 1210 288 sit
1255 258 1506 288 assumtum:

89 328 163 377 „si
189 329 230 384 1)
269 343 353 367 non
384 327 539 367 fuerint
574 328 727 367 fractae
755 341 962 366 mammae
992 331 1147 366 tuae:“
1185 326 1238 365 de
1267 323 1503 365 Ezechiele.

88 406 136 444 In
176 421 224 444 eo
267 403 424 458 quippe
463 405 583 455 loco,
621 403 695 444 ubi
724 402 990 443 Hierusalem
1030 401 1241 442 dominica
1278 401 1505 457 corripitur

91 498 206 531 voce,
239 481 347 520 inter
377 492 513 521 cetera
544 481 697 521 dicitur
725 481 777 520 ad
810 496 922 519 eam:
954 478 1024 529 „in
1049 478 1094 532 2)
1124 479 1317 535 Aegypto
1348 479 1503 519 fractae

87 571 181 599 sunt
218 573 422 597 mammae
462 569 569 598 tuae.
584 564 608 582 “
684 557 900 598 Castarum
944 556 1074 595 ubera
1111 571 1199 595 non
1236 556 1501 606 franguntur:

85 636 159 675 sed
195 634 465 674 meretricum
503 636 631 675 ubera
671 633 771 673 laxis
807 633 993 688 pellibus
1031 631 1264 685 irrigantur.
1322 630 1504 671 Pudica-

83 728 176 751 rum
200 722 336 751 erecta
366 721 462 751 sunt
489 713 632 763 ubera,
664 723 704 751 et
734 709 925 762 virginali
957 710 1112 750 robore
1142 707 1359 749 tumentia.
1402 707 1503 748 Sus-

84 788 246 843 cipiunt
273 803 511 828 sermonem
539 786 696 842 sponsi,
727 798 768 827 et
794 787 959 827 dicunt:
993 786 1131 842 „in³)
1158 784 1302 826 medio
1321 785 1499 824 uberum

81 882 275 906 meorum
307 863 678 905 commorabitur.“
719 863 904 914 „Botrus
921 865 963 920 ⁴)
995 862 1112 922 cypri
1141 862 1352 903 fratruelis
1382 877 1500 901 meus

82 942 226 982 mihi.“
283 941 455 981 Initium
488 952 548 981 est
578 942 783 982 sermonis
813 941 855 982 in
881 942 1087 994 germine:
1121 952 1162 981 et
1179 940 1347 980 initium
1370 938 1499 996 cypri,

82 1019 125 1059 id
157 1030 236 1068 est,
267 1017 491 1060 floritionis
520 1019 563 1059 in
594 1020 749 1069 verbo,
778 1020 891 1060 unde
921 1019 1000 1060 ait:
1041 1020 1223 1069 „botrus
1247 1017 1292 1072 ἔ’)
1325 1016 1498 1074 cypri,“

81 1097 123 1137 id
156 1108 239 1145 est,
279 1095 504 1136 floritionis
534 1096 783 1146 „fratruelis
823 1113 941 1136 meus
970 1095 1117 1136 mihi.“
1173 1096 1273 1136 Non
1304 1093 1500 1134 omnibus

82 1184 144 1213 cst
172 1174 319 1212 botrus
350 1173 487 1230 cypri:
518 1174 592 1213 sed
621 1173 697 1223 his,
729 1173 801 1228 qui
832 1173 918 1230 ejus
948 1174 1054 1213 flore
1085 1171 1199 1225 digni
1228 1182 1334 1213 sunt.
1395 1169 1498 1210 Aliis

78 1267 159 1290 uva
198 1250 309 1290 varia
349 1261 430 1290 cst:
471 1250 569 1290 huic
599 1250 703 1300 soli,
746 1266 851 1306 quae
895 1249 1012 1302 nigra
1042 1260 1104 1290 est
1134 1261 1175 1289 et
1204 1250 1415 1297 formosa,
1456 1247 1499 1287 in

79 1327 195 1368 floris
226 1328 378 1367 decore
409 1344 452 1367 se
483 1329 672 1382 praebet.
723 1327 963 1381 ,‚B0trus⁶)
994 1326 1110 1384 cypri
1140 1326 1350 1367 fratruelis
1380 1341 1499 1364 meus

78 1403 225 1443 mihi.“
268 1405 365 1443 Non
390 1403 641 1458 simpliciter
662 1403 739 1443 ait:
771 1405 945 1453 „botrus
963 1403 1079 1460 cypri
1095 1402 1306 1444 fratruelis
1320 1407 1498 1442 meus:“

77 1481 152 1521 sed
183 1496 276 1519 cum
307 1480 615 1520 additamento:
657 1479 855 1530 „mihi:“
884 1491 932 1520 ut
963 1481 1155 1530 doceret,
1185 1496 1271 1519 non
1303 1477 1498 1518 omnibus

79 1575 176 1598 eum
207 1573 291 1598 csse
322 1558 494 1598 botrum
526 1557 654 1614 cypri.
715 1558 941 1597 Videamus
972 1569 1136 1607 autem,
1176 1557 1217 1596 in
1252 1556 1403 1612 quibus
1432 1571 1498 1595 re-

77 1635 271 1688 gionibus
301 1635 448 1674 botrus
480 1634 556 1674 iste
587 1634 641 1674 sit
669 1650 858 1688 sponsae.
918 1634 996 1683 „In
1015 1634 1056 1688 ⁷)
1086 1633 1217 1673 vineis
1247 1632 1497 1685 Engaddi:“

81 1713 196 1768 quod
240 1711 540 1765 interpretatur
586 1711 734 1750 oculus
776 1709 1030 1750 tentationis.
1103 1712 1153 1750 In
1197 1710 1326 1750 vineis
1372 1709 1498 1761 igitur

82 1788 196 1828 oculi
227 1787 468 1828 tentationis
498 1788 644 1827 botrus
677 1788 793 1844 cypri
824 1786 1034 1826 fratruelis
1063 1803 1180 1832 meus
1208 1787 1325 1827 mihi.
1385 1787 1498 1827 Ten-

80 1865 249 1906 tationis
288 1864 436 1904 oculus
476 1863 518 1904 in
557 1864 767 1918 praesenti
807 1876 883 1904 est:
924 1864 958 1904 si
989 1864 1161 1919 quidem
1192 1865 1234 1905 in
1265 1863 1495 1905 tentatione

78 1958 294 1982 moramur
323 1940 366 1979 in
398 1941 478 1981 hoc
508 1942 692 1991 mundo,
730 1952 770 1981 et
799 1941 1013 1990 „tentatio
1037 1942 1082 1996 8)
1115 1954 1176 1982 est
1204 1944 1289 1982 vita
1318 1942 1497 1982 humana

76 2035 204 2075 super
235 2023 431 2060 terram.“
488 2018 607 2063 Dum
636 2016 679 2057 in
708 2018 782 2057 hac
814 2018 906 2058 luce
937 2035 1164 2068 versamur,
1196 2019 1238 2058 in
1268 2017 1399 2058 vineis
1429 2035 1497 2058 su-

74 2114 168 2137 mus
197 2095 401 2147 Engaddi.
460 2095 507 2136 Si
537 2107 675 2135 autem
706 2094 983 2135 meruerimus
1013 2107 1161 2151 postea
1188 2095 1497 2151 transplantari,

76 2191 100 2214 a
127 2185 273 2213 nostro
306 2171 490 2224 agricola
518 2172 832 2212 transferemur.
878 2174 967 2213 Nec
996 2173 1176 2224 dubites,
1207 2174 1365 2230 quin9)
1397 2190 1497 2229 pos—

77 2250 130 2290 sis
168 2251 219 2290 de
250 2248 441 2301 Engaddi
480 2248 611 2289 vineis
652 2249 704 2289 ad
742 2250 838 2290 loca
873 2250 1054 2292 meliora
1089 2251 1317 2292 transferri.
1380 2250 1497 2303 Agri-

80 2327 173 2366 cola
211 2338 355 2366 noster
392 2327 444 2366 ad
481 2326 812 2367 transferendam
839 2326 1006 2369 vineam
1047 2330 1193 2370 crebra
1220 2327 1494 2369 meditatione

198 2507 237 2560 ¹)
271 2506 356 2548 Cfr.
386 2523 478 2562 pag.
509 2505 605 2549 260.
635 2520 723 2549 not.
756 2509 793 2551 7.

196 2577 239 2631 2)
269 2576 421 2617 ΕΖεςΙι.
451 2576 614 2626 XXIII,
644 2576 683 2620 3.
804 2579 848 2634 ³)
878 2578 1037 2620 cantic⁷
1072 2581 1103 2629 l,
1135 2580 1198 2624 13.

197 2645 242 2701 ⁴)
274 2645 432 2688 Cantic.
465 2646 499 2694 I,
529 2644 595 2688 14.
625 2669 680 2677 —
710 2647 818 2688 Edd.
848 2649 909 2689 M.
940 2649 1023 2689 hoc
1053 2650 1173 2690 loco:
1205 2651 1359 2707 cyperia

195 2717 238 2773 ⁵)
270 2715 427 2757 Cantic.
459 2716 494 2764 Ι,
525 2714 589 2757 14.
707 2717 754 2772 6)
787 2716 944 2759 Cantic.
976 2719 1010 2768 I,
1040 2718 1105 2766 14

198 2787 238 2841 ⁷)
274 2784 431 2826 Cantic.
464 2786 496 2834 I,
528 2784 592 2827 14.
712 2785 756 2841 8)
784 2786 882 2828 Job,
913 2788 1009 2839 VII,
1040 2788 1078 2833 1.

202 2855 243 2907 9)
274 2855 382 2895 Edd.
415 2854 607 2896 Merlini:
640 2854 750 2910 quia.
