<?xml version="1.0" encoding="UTF-8"?>
<!DOCTYPE html PUBLIC "-//W3C//DTD XHTML 1.0 Transitional//EN"
    "http://www.w3.org/TR/xhtml1/DTD/xhtml1-transitional.dtd">
<html xmlns="http://www.w3.org/1999/xhtml" xml:lang="en" lang="en">
 <head>
  <title>
</title>
<meta http-equiv="Content-Type" content="text/html;charset=utf-8" />
  <meta name='ocr-system' content='tesseract 3.04.00' />
  <meta name='ocr-capabilities' content='ocr_page ocr_carea ocr_par ocr_line ocrx_word'/>
</head>
<body>
  <div class='ocr_page' id='page_1' title='image "./operaomniaquaegr14orig/operaomniaquaegr14orig_0146.png"; bbox 0 0 1759 3134; ppageno 0'>
   <div class='ocr_carea' id='block_1_1' title="bbox 248 117 1270 174">
    <p class='ocr_par' dir='ltr' id='par_1_1' title="bbox 248 117 1270 174">
     <span class='ocr_line' id='line_1_1' title="bbox 248 117 1270 174; baseline -0.008 0"><span class='ocrx_word' id='word_1_1' title='bbox 248 117 329 174; x_wconf 85' lang='lat'>130</span> <span class='ocrx_word' id='word_1_2' title='bbox 648 126 872 168; x_wconf 73' lang='lat' dir='ltr'>Omcssms</span> <span class='ocrx_word' id='word_1_3' title='bbox 900 136 946 166; x_wconf 78' lang='lat' dir='ltr'>m</span> <span class='ocrx_word' id='word_1_4' title='bbox 977 123 1270 166; x_wconf 70' lang='lat' dir='ltr'>Ezecmnmm</span> 
     </span>
    </p>
   </div>
   <div class='ocr_carea' id='block_1_2' title="bbox 251 237 1679 992">
    <p class='ocr_par' dir='ltr' id='par_1_2' title="bbox 251 237 1679 992">
     <span class='ocr_line' id='line_1_2' title="bbox 251 237 1676 297; baseline -0.002 -15"><span class='ocrx_word' id='word_1_5' title='bbox 251 239 463 297; x_wconf 84' lang='lat' dir='ltr'>accepisti,</span> <span class='ocrx_word' id='word_1_6' title='bbox 495 237 596 295; x_wconf 78' lang='lat' dir='ltr'>quid</span> <span class='ocrx_word' id='word_1_7' title='bbox 626 238 816 292; x_wconf 80' lang='lat' dir='ltr'>gloriaris</span> <span class='ocrx_word' id='word_1_8' title='bbox 849 239 963 294; x_wconf 86' lang='lat' dir='ltr'>quasi</span> <span class='ocrx_word' id='word_1_9' title='bbox 994 254 1079 278; x_wconf 90' lang='lat' dir='ltr'>non</span> <span class='ocrx_word' id='word_1_10' title='bbox 1110 237 1381 294; x_wconf 83' lang='lat' dir='ltr'>acceperis?“</span> <span class='ocrx_word' id='word_1_11' title='bbox 1412 238 1676 294; x_wconf 77' lang='lat' dir='ltr'>relinquitur,</span> 
     </span>
     <span class='ocr_line' id='line_1_3' title="bbox 253 314 1676 373; baseline -0.002 -14"><span class='ocrx_word' id='word_1_12' title='bbox 253 331 292 359; x_wconf 86' lang='lat' dir='ltr'>et</span> <span class='ocrx_word' id='word_1_13' title='bbox 325 317 551 358; x_wconf 78' lang='lat' dir='ltr'>derelictus</span> <span class='ocrx_word' id='word_1_14' title='bbox 582 316 704 358; x_wconf 82' lang='lat' dir='ltr'>discit</span> <span class='ocrx_word' id='word_1_15' title='bbox 735 317 1046 373; x_wconf 82' lang='lat' dir='ltr'>experimento,</span> <span class='ocrx_word' id='word_1_16' title='bbox 1089 315 1184 370; x_wconf 87' lang='lat' dir='ltr'>quia</span> <span class='ocrx_word' id='word_1_17' title='bbox 1224 315 1264 355; x_wconf 87' lang='lat' dir='ltr'>in</span> <span class='ocrx_word' id='word_1_18' title='bbox 1294 315 1355 355; x_wconf 83' lang='lat' dir='ltr'>his</span> <span class='ocrx_word' id='word_1_19' title='bbox 1385 314 1529 365; x_wconf 83' lang='lat' dir='ltr'>bonis,</span> <span class='ocrx_word' id='word_1_20' title='bbox 1573 333 1676 371; x_wconf 89' lang='lat' dir='ltr'>quo-</span> 
     </span>
     <span class='ocr_line' id='line_1_4' title="bbox 251 391 1676 448; baseline -0.001 -14"><span class='ocrx_word' id='word_1_21' title='bbox 251 411 344 435; x_wconf 86' lang='lat' dir='ltr'>rum</span> <span class='ocrx_word' id='word_1_22' title='bbox 385 393 464 434; x_wconf 85' lang='lat' dir='ltr'>sibi</span> <span class='ocrx_word' id='word_1_23' title='bbox 503 394 691 435; x_wconf 84' lang='lat' dir='ltr'>conscius</span> <span class='ocrx_word' id='word_1_24' title='bbox 732 406 840 444; x_wconf 84' lang='lat' dir='ltr'>erat,</span> <span class='ocrx_word' id='word_1_25' title='bbox 880 410 966 434; x_wconf 86' lang='lat' dir='ltr'>non</span> <span class='ocrx_word' id='word_1_26' title='bbox 1006 405 1091 432; x_wconf 85' lang='lat' dir='ltr'>tam</span> <span class='ocrx_word' id='word_1_27' title='bbox 1131 393 1219 448; x_wconf 87' lang='lat' dir='ltr'>ipsc</span> <span class='ocrx_word' id='word_1_28' title='bbox 1261 391 1324 433; x_wconf 86' lang='lat' dir='ltr'>sui</span> <span class='ocrx_word' id='word_1_29' title='bbox 1355 392 1510 433; x_wconf 82' lang='lat' dir='ltr'>exstitit</span> <span class='ocrx_word' id='word_1_30' title='bbox 1544 409 1676 443; x_wconf 87' lang='lat' dir='ltr'>causa,</span> 
     </span>
     <span class='ocr_line' id='line_1_5' title="bbox 253 469 1678 528; baseline -0.001 -17"><span class='ocrx_word' id='word_1_31' title='bbox 253 488 377 527; x_wconf 82' lang='lat' dir='ltr'>quam</span> <span class='ocrx_word' id='word_1_32' title='bbox 406 471 546 521; x_wconf 84' lang='lat' dir='ltr'>Deus,</span> <span class='ocrx_word' id='word_1_33' title='bbox 583 471 658 528; x_wconf 85' lang='lat' dir='ltr'>qui</span> <span class='ocrx_word' id='word_1_34' title='bbox 702 471 907 511; x_wconf 82' lang='lat' dir='ltr'>virtutum</span> <span class='ocrx_word' id='word_1_35' title='bbox 945 470 1134 510; x_wconf 86' lang='lat' dir='ltr'>omnium</span> <span class='ocrx_word' id='word_1_36' title='bbox 1176 471 1269 509; x_wconf 88' lang='lat' dir='ltr'>fons</span> <span class='ocrx_word' id='word_1_37' title='bbox 1302 481 1374 510; x_wconf 84' lang='lat' dir='ltr'>est.</span> <span class='ocrx_word' id='word_1_38' title='bbox 1435 469 1496 509; x_wconf 82' lang='lat' dir='ltr'>Ex</span> <span class='ocrx_word' id='word_1_39' title='bbox 1528 469 1678 525; x_wconf 82' lang='lat' dir='ltr'>quibus</span> 
     </span>
     <span class='ocr_line' id='line_1_6' title="bbox 253 546 1676 605; baseline -0.003 -16"><span class='ocrx_word' id='word_1_40' title='bbox 253 560 440 605; x_wconf 86' lang='lat' dir='ltr'>apparet,</span> <span class='ocrx_word' id='word_1_41' title='bbox 474 561 513 588; x_wconf 89' lang='lat' dir='ltr'>et</span> <span class='ocrx_word' id='word_1_42' title='bbox 543 549 802 590; x_wconf 83' lang='lat' dir='ltr'>saturitatem</span> <span class='ocrx_word' id='word_1_43' title='bbox 834 565 1011 604; x_wconf 81' lang='lat' dir='ltr'>panum,</span> <span class='ocrx_word' id='word_1_44' title='bbox 1044 560 1083 587; x_wconf 81' lang='lat' dir='ltr'>et</span> <span class='ocrx_word' id='word_1_45' title='bbox 1115 548 1225 587; x_wconf 86' lang='lat' dir='ltr'>dona</span> <span class='ocrx_word' id='word_1_46' title='bbox 1257 546 1491 602; x_wconf 80' lang='lat' dir='ltr'>spiritualia</span> <span class='ocrx_word' id='word_1_47' title='bbox 1523 546 1573 596; x_wconf 84' lang='lat' dir='ltr'>ei,</span> <span class='ocrx_word' id='word_1_48' title='bbox 1605 547 1676 602; x_wconf 86' lang='lat' dir='ltr'>qui</span> 
     </span>
     <span class='ocr_line' id='line_1_7' title="bbox 255 623 1679 682; baseline -0.004 -15"><span class='ocrx_word' id='word_1_49' title='bbox 255 643 302 667; x_wconf 88' lang='lat' dir='ltr'>ea</span> <span class='ocrx_word' id='word_1_50' title='bbox 330 643 417 668; x_wconf 89' lang='lat' dir='ltr'>non</span> <span class='ocrx_word' id='word_1_51' title='bbox 447 638 589 682; x_wconf 88' lang='lat' dir='ltr'>potest</span> <span class='ocrx_word' id='word_1_52' title='bbox 618 625 843 674; x_wconf 82' lang='lat' dir='ltr'>sustinere,</span> <span class='ocrx_word' id='word_1_53' title='bbox 875 640 1071 678; x_wconf 86' lang='lat' dir='ltr'>generare</span> <span class='ocrx_word' id='word_1_54' title='bbox 1103 623 1355 679; x_wconf 86' lang='lat' dir='ltr'>superbiam.</span> <span class='ocrx_word' id='word_1_55' title='bbox 1418 623 1581 664; x_wconf 76' lang='lat' dir='ltr'>Idcirco</span> <span class='ocrx_word' id='word_1_56' title='bbox 1614 624 1679 663; x_wconf 85' lang='lat' dir='ltr'>fu-</span> 
     </span>
     <span class='ocr_line' id='line_1_8' title="bbox 253 701 1676 758; baseline -0.002 -14"><span class='ocrx_word' id='word_1_57' title='bbox 253 703 410 756; x_wconf 82' lang='lat' dir='ltr'>giamus</span> <span class='ocrx_word' id='word_1_58' title='bbox 450 720 471 744; x_wconf 86' lang='lat' dir='ltr'>a</span> <span class='ocrx_word' id='word_1_59' title='bbox 503 703 692 744; x_wconf 80' lang='lat' dir='ltr'>Sodoma</span> <span class='ocrx_word' id='word_1_60' title='bbox 733 715 772 743; x_wconf 89' lang='lat' dir='ltr'>et</span> <span class='ocrx_word' id='word_1_61' title='bbox 812 702 992 757; x_wconf 89' lang='lat' dir='ltr'>peccatis</span> <span class='ocrx_word' id='word_1_62' title='bbox 1033 701 1140 758; x_wconf 67' lang='lat' dir='ltr'>ejus:</span> <span class='ocrx_word' id='word_1_63' title='bbox 1181 701 1387 753; x_wconf 83' lang='lat' dir='ltr'>fugiamus</span> <span class='ocrx_word' id='word_1_64' title='bbox 1425 717 1447 741; x_wconf 86' lang='lat' dir='ltr'>a</span> <span class='ocrx_word' id='word_1_65' title='bbox 1479 701 1676 749; x_wconf 76' lang='lat' dir='ltr'>Samaria,</span> 
     </span>
     <span class='ocr_line' id='line_1_9' title="bbox 255 777 1676 835; baseline -0.003 -14"><span class='ocrx_word' id='word_1_66' title='bbox 255 793 295 821; x_wconf 90' lang='lat' dir='ltr'>et</span> <span class='ocrx_word' id='word_1_67' title='bbox 324 780 589 830; x_wconf 85' lang='lat' dir='ltr'>criminibus,</span> <span class='ocrx_word' id='word_1_68' title='bbox 630 779 778 835; x_wconf 85' lang='lat' dir='ltr'>quibus</span> <span class='ocrx_word' id='word_1_69' title='bbox 819 779 1038 831; x_wconf 82' lang='lat' dir='ltr'>castigatur</span> <span class='ocrx_word' id='word_1_70' title='bbox 1080 779 1229 819; x_wconf 84' lang='lat' dir='ltr'>misera</span> <span class='ocrx_word' id='word_1_71' title='bbox 1259 779 1516 827; x_wconf 79' lang='lat' dir='ltr'>Jerusalem,</span> <span class='ocrx_word' id='word_1_72' title='bbox 1556 790 1601 818; x_wconf 87' lang='lat' dir='ltr'>ut</span> <span class='ocrx_word' id='word_1_73' title='bbox 1635 777 1676 817; x_wconf 89' lang='lat' dir='ltr'>in</span> 
     </span>
     <span class='ocr_line' id='line_1_10' title="bbox 253 855 1676 906; baseline -0.002 -9"><span class='ocrx_word' id='word_1_74' title='bbox 253 857 455 898; x_wconf 84' lang='lat' dir='ltr'>universis</span> <span class='ocrx_word' id='word_1_75' title='bbox 478 857 575 901; x_wconf 85' lang='lat' dir='ltr'>Deo</span> <span class='ocrx_word' id='word_1_76' title='bbox 605 857 728 897; x_wconf 85' lang='lat' dir='ltr'>nobis</span> <span class='ocrx_word' id='word_1_77' title='bbox 758 857 1053 898; x_wconf 87' lang='lat' dir='ltr'>fortitudinem</span> <span class='ocrx_word' id='word_1_78' title='bbox 1074 856 1348 906; x_wconf 78' lang='lat' dir='ltr'>ministrante,</span> <span class='ocrx_word' id='word_1_79' title='bbox 1379 855 1676 903; x_wconf 86' lang='lat' dir='ltr'>humilitatem,</span> 
     </span>
     <span class='ocr_line' id='line_1_11' title="bbox 255 932 1676 992; baseline -0.004 -16"><span class='ocrx_word' id='word_1_80' title='bbox 255 947 295 976; x_wconf 91' lang='lat' dir='ltr'>et</span> <span class='ocrx_word' id='word_1_81' title='bbox 331 934 531 992; x_wconf 71' lang='lat' dir='ltr'>justitiam</span> <span class='ocrx_word' id='word_1_82' title='bbox 571 951 877 990; x_wconf 87' lang='lat' dir='ltr'>consequamur</span> <span class='ocrx_word' id='word_1_83' title='bbox 908 935 951 975; x_wconf 81' lang='lat' dir='ltr'>in</span> <span class='ocrx_word' id='word_1_84' title='bbox 983 935 1149 977; x_wconf 86' lang='lat' dir='ltr'>Christo</span> <span class='ocrx_word' id='word_1_85' title='bbox 1181 935 1305 983; x_wconf 89' lang='lat' dir='ltr'>Jesu,</span> <span class='ocrx_word' id='word_1_86' title='bbox 1350 933 1417 974; x_wconf 90' lang='lat' dir='ltr'>cui</span> <span class='ocrx_word' id='word_1_87' title='bbox 1451 945 1510 973; x_wconf 89' lang='lat' dir='ltr'>est</span> <span class='ocrx_word' id='word_1_88' title='bbox 1545 932 1676 985; x_wconf 82' lang='lat' dir='ltr'>gloria</span> 
     </span>
    </p>
   </div>
   <div class='ocr_carea' id='block_1_3' title="bbox 254 1011 1356 1068">
    <p class='ocr_par' dir='ltr' id='par_1_3' title="bbox 254 1011 1356 1068">
     <span class='ocr_line' id='line_1_12' title="bbox 254 1011 1356 1068; baseline -0.002 -16"><span class='ocrx_word' id='word_1_89' title='bbox 254 1024 293 1052; x_wconf 87' lang='lat' dir='ltr'>et</span> <span class='ocrx_word' id='word_1_90' title='bbox 323 1012 549 1068; x_wconf 86' lang='lat' dir='ltr'>imperium</span> <span class='ocrx_word' id='word_1_91' title='bbox 581 1011 622 1052; x_wconf 88' lang='lat' dir='ltr'>in</span> <span class='ocrx_word' id='word_1_92' title='bbox 652 1012 817 1052; x_wconf 81' lang='lat' dir='ltr'>saecula</span> <span class='ocrx_word' id='word_1_93' title='bbox 849 1013 1128 1053; x_wconf 84' lang='lat' dir='ltr'>saeculorum.</span> <span class='ocrx_word' id='word_1_94' title='bbox 1201 1012 1356 1051; x_wconf 64' lang='lat' dir='ltr'>Amen!</span> 
     </span>
    </p>
   </div>
   <div class='ocr_carea' id='block_1_4' title="bbox 645 1377 1283 1429">
    <p class='ocr_par' dir='ltr' id='par_1_4' title="bbox 645 1377 1283 1429">
     <span class='ocr_line' id='line_1_13' title="bbox 645 1377 1283 1429; baseline -0.005 0"><span class='ocrx_word' id='word_1_95' title='bbox 645 1378 1136 1429; x_wconf 86' lang='lat' dir='ltr'><strong>HOMILIA</strong></span> <span class='ocrx_word' id='word_1_96' title='bbox 1209 1377 1283 1427; x_wconf 87' lang='lat' dir='ltr'>X.</span> 
     </span>
    </p>
   </div>
   <div class='ocr_carea' id='block_1_5' title="bbox 254 1501 1677 1636">
    <p class='ocr_par' dir='ltr' id='par_1_5' title="bbox 254 1501 1677 1636">
     <span class='ocr_line' id='line_1_14' title="bbox 254 1501 1677 1558; baseline -0.001 -14"><span class='ocrx_word' id='word_1_97' title='bbox 254 1504 320 1544; x_wconf 88' lang='lat' dir='ltr'>De</span> <span class='ocrx_word' id='word_1_98' title='bbox 353 1518 419 1553; x_wconf 89' lang='lat' dir='ltr'>eo,</span> <span class='ocrx_word' id='word_1_99' title='bbox 451 1502 565 1558; x_wconf 87' lang='lat' dir='ltr'>quod</span> <span class='ocrx_word' id='word_1_100' title='bbox 595 1501 798 1558; x_wconf 83' lang='lat' dir='ltr'>scriptum</span> <span class='ocrx_word' id='word_1_101' title='bbox 831 1512 913 1541; x_wconf 87' lang='lat' dir='ltr'>est:</span> <span class='ocrx_word' id='word_1_102' title='bbox 947 1517 1074 1554; x_wconf 85' lang='lat' dir='ltr'>„ergo</span> <span class='ocrx_word' id='word_1_103' title='bbox 1103 1502 1144 1558; x_wconf 89' lang='lat'>¹)</span> <span class='ocrx_word' id='word_1_104' title='bbox 1175 1512 1215 1542; x_wconf 86' lang='lat' dir='ltr'>et</span> <span class='ocrx_word' id='word_1_105' title='bbox 1245 1513 1291 1541; x_wconf 91' lang='lat' dir='ltr'>tu</span> <span class='ocrx_word' id='word_1_106' title='bbox 1322 1501 1604 1552; x_wconf 83' lang='lat' dir='ltr'>confundere,</span> <span class='ocrx_word' id='word_1_107' title='bbox 1639 1514 1677 1543; x_wconf 85' lang='lat' dir='ltr'>et</span> 
     </span>
     <span class='ocr_line' id='line_1_15' title="bbox 291 1578 1635 1636; baseline -0.001 -15"><span class='ocrx_word' id='word_1_108' title='bbox 291 1592 416 1636; x_wconf 84' lang='lat' dir='ltr'>porta</span> <span class='ocrx_word' id='word_1_109' title='bbox 447 1578 719 1633; x_wconf 81' lang='lat' dir='ltr'>ignominiam</span> <span class='ocrx_word' id='word_1_110' title='bbox 751 1583 924 1619; x_wconf 88' lang='lat' dir='ltr'>tuam:“</span> <span class='ocrx_word' id='word_1_111' title='bbox 955 1594 1108 1634; x_wconf 88' lang='lat' dir='ltr'>usque:</span> <span class='ocrx_word' id='word_1_112' title='bbox 1139 1589 1217 1627; x_wconf 86' lang='lat' dir='ltr'>„et</span> <span class='ocrx_word' id='word_1_113' title='bbox 1242 1578 1286 1634; x_wconf 84' lang='lat'>²)</span> <span class='ocrx_word' id='word_1_114' title='bbox 1317 1579 1525 1621; x_wconf 81' lang='lat' dir='ltr'>suscitabo</span> <span class='ocrx_word' id='word_1_115' title='bbox 1561 1596 1635 1633; x_wconf 86' lang='lat' dir='ltr'>ego</span> 
     </span>
    </p>
   </div>
   <div class='ocr_carea' id='block_1_6' title="bbox 619 1661 1306 1696">
    <p class='ocr_par' dir='ltr' id='par_1_6' title="bbox 619 1661 1306 1696">
     <span class='ocr_line' id='line_1_16' title="bbox 619 1661 1306 1696; baseline 0 0"><span class='ocrx_word' id='word_1_116' title='bbox 619 1664 918 1696; x_wconf 75' lang='lat' dir='ltr'>testamentum</span> <span class='ocrx_word' id='word_1_117' title='bbox 949 1670 1093 1696; x_wconf 88' lang='lat' dir='ltr'>meum</span> <span class='ocrx_word' id='word_1_118' title='bbox 1123 1661 1306 1696; x_wconf 86' lang='lat' dir='ltr'>tecum.“</span> 
     </span>
    </p>
   </div>
   <div class='ocr_carea' id='block_1_7' title="bbox 225 1781 1682 2688">
    <p class='ocr_par' dir='ltr' id='par_1_7' title="bbox 256 1781 1682 2068">
     <span class='ocr_line' id='line_1_17' title="bbox 369 1781 1682 1837; baseline -0.002 -12"><span class='ocrx_word' id='word_1_119' title='bbox 369 1783 407 1826; x_wconf 85' lang='lat'>1.</span> <span class='ocrx_word' id='word_1_120' title='bbox 451 1782 645 1823; x_wconf 83' lang='lat' dir='ltr'>Primum</span> <span class='ocrx_word' id='word_1_121' title='bbox 685 1781 856 1837; x_wconf 82' lang='lat' dir='ltr'>quidem</span> <span class='ocrx_word' id='word_1_122' title='bbox 896 1793 979 1832; x_wconf 90' lang='lat' dir='ltr'>est,</span> <span class='ocrx_word' id='word_1_123' title='bbox 1018 1781 1183 1822; x_wconf 90' lang='lat' dir='ltr'>nullum</span> <span class='ocrx_word' id='word_1_124' title='bbox 1224 1797 1329 1837; x_wconf 84' lang='lat' dir='ltr'>opus</span> <span class='ocrx_word' id='word_1_125' title='bbox 1366 1782 1504 1822; x_wconf 83' lang='lat' dir='ltr'>facere</span> <span class='ocrx_word' id='word_1_126' title='bbox 1536 1782 1682 1823; x_wconf 86' lang='lat' dir='ltr'>confu-</span> 
     </span>
     <span class='ocr_line' id='line_1_18' title="bbox 259 1858 1680 1914; baseline -0.001 -12"><span class='ocrx_word' id='word_1_127' title='bbox 259 1860 409 1911; x_wconf 84' lang='lat' dir='ltr'>sionis,</span> <span class='ocrx_word' id='word_1_128' title='bbox 440 1860 514 1901; x_wconf 87' lang='lat' dir='ltr'>sed</span> <span class='ocrx_word' id='word_1_129' title='bbox 546 1859 688 1900; x_wconf 90' lang='lat' dir='ltr'>omnia</span> <span class='ocrx_word' id='word_1_130' title='bbox 715 1858 838 1908; x_wconf 79' lang='lat' dir='ltr'>talia,</span> <span class='ocrx_word' id='word_1_131' title='bbox 869 1872 974 1914; x_wconf 85' lang='lat' dir='ltr'>quae</span> <span class='ocrx_word' id='word_1_132' title='bbox 1005 1870 1181 1914; x_wconf 85' lang='lat' dir='ltr'>possunt</span> <span class='ocrx_word' id='word_1_133' title='bbox 1210 1859 1352 1899; x_wconf 87' lang='lat' dir='ltr'>Deum</span> <span class='ocrx_word' id='word_1_134' title='bbox 1381 1859 1513 1900; x_wconf 87' lang='lat' dir='ltr'>libera</span> <span class='ocrx_word' id='word_1_135' title='bbox 1541 1861 1680 1901; x_wconf 88' lang='lat' dir='ltr'>fronte</span> 
     </span>
     <span class='ocr_line' id='line_1_19' title="bbox 256 1934 1679 1994; baseline -0.001 -15"><span class='ocrx_word' id='word_1_136' title='bbox 256 1937 479 1994; x_wconf 81' lang='lat' dir='ltr'>respicere.</span> <span class='ocrx_word' id='word_1_137' title='bbox 525 1936 639 1991; x_wconf 81' lang='lat' dir='ltr'>Quia</span> <span class='ocrx_word' id='word_1_138' title='bbox 667 1952 783 1986; x_wconf 77' lang='lat' dir='ltr'>vere,</span> <span class='ocrx_word' id='word_1_139' title='bbox 814 1947 862 1976; x_wconf 89' lang='lat' dir='ltr'>ut</span> <span class='ocrx_word' id='word_1_140' title='bbox 889 1934 1095 1986; x_wconf 87' lang='lat' dir='ltr'>homines,</span> <span class='ocrx_word' id='word_1_141' title='bbox 1124 1951 1249 1991; x_wconf 83' lang='lat' dir='ltr'>saepe</span> <span class='ocrx_word' id='word_1_142' title='bbox 1278 1952 1515 1991; x_wconf 86' lang='lat' dir='ltr'>peccamus,</span> <span class='ocrx_word' id='word_1_143' title='bbox 1546 1936 1679 1977; x_wconf 83' lang='lat' dir='ltr'>scien—</span> 
     </span>
     <span class='ocr_line' id='line_1_20' title="bbox 257 2012 1679 2068; baseline -0.001 -13"><span class='ocrx_word' id='word_1_144' title='bbox 257 2016 360 2055; x_wconf 84' lang='lat' dir='ltr'>dum</span> <span class='ocrx_word' id='word_1_145' title='bbox 403 2014 650 2064; x_wconf 72' lang='lat' dir='ltr'>secundam,</span> <span class='ocrx_word' id='word_1_146' title='bbox 695 2025 743 2053; x_wconf 89' lang='lat' dir='ltr'>ut</span> <span class='ocrx_word' id='word_1_147' title='bbox 789 2013 846 2053; x_wconf 86' lang='lat' dir='ltr'>ita</span> <span class='ocrx_word' id='word_1_148' title='bbox 884 2012 1041 2063; x_wconf 81' lang='lat' dir='ltr'>dicam,</span> <span class='ocrx_word' id='word_1_149' title='bbox 1090 2029 1241 2054; x_wconf 79' lang='lat' dir='ltr'>navem</span> <span class='ocrx_word' id='word_1_150' title='bbox 1277 2024 1376 2068; x_wconf 88' lang='lat' dir='ltr'>post</span> <span class='ocrx_word' id='word_1_151' title='bbox 1422 2013 1679 2054; x_wconf 79' lang='lat' dir='ltr'>confusionis</span> 
     </span>
    </p>

    <p class='ocr_par' dir='ltr' id='par_1_8' title="bbox 225 2089 1680 2688">
     <span class='ocr_line' id='line_1_21' title="bbox 225 2089 1679 2147; baseline 0 -16"><span class='ocrx_word' id='word_1_152' title='bbox 225 2126 237 2140; x_wconf 79' lang='grc'><em>,</em></span> <span class='ocrx_word' id='word_1_153' title='bbox 259 2107 389 2147; x_wconf 88' lang='lat' dir='ltr'>opera</span> <span class='ocrx_word' id='word_1_154' title='bbox 419 2106 504 2131; x_wconf 89' lang='lat' dir='ltr'>esse</span> <span class='ocrx_word' id='word_1_155' title='bbox 537 2093 803 2140; x_wconf 82' lang='lat' dir='ltr'>erubescere,</span> <span class='ocrx_word' id='word_1_156' title='bbox 845 2101 886 2130; x_wconf 89' lang='lat' dir='ltr'>et</span> <span class='ocrx_word' id='word_1_157' title='bbox 923 2106 1002 2145; x_wconf 89' lang='lat' dir='ltr'>pro</span> <span class='ocrx_word' id='word_1_158' title='bbox 1047 2089 1275 2130; x_wconf 82' lang='lat' dir='ltr'>sceleribus</span> <span class='ocrx_word' id='word_1_159' title='bbox 1304 2089 1387 2130; x_wconf 90' lang='lat' dir='ltr'>suis</span> <span class='ocrx_word' id='word_1_160' title='bbox 1419 2092 1679 2131; x_wconf 75' lang='lat' dir='ltr'>verecundos</span> 
     </span>
     <span class='ocr_line' id='line_1_22' title="bbox 259 2166 1679 2225; baseline -0.001 -15"><span class='ocrx_word' id='word_1_161' title='bbox 259 2169 407 2210; x_wconf 85' lang='lat' dir='ltr'>oculos</span> <span class='ocrx_word' id='word_1_162' title='bbox 438 2166 642 2225; x_wconf 84' lang='lat' dir='ltr'>dejicere,</span> <span class='ocrx_word' id='word_1_163' title='bbox 678 2183 816 2223; x_wconf 86' lang='lat' dir='ltr'>neque</span> <span class='ocrx_word' id='word_1_164' title='bbox 855 2166 913 2208; x_wconf 88' lang='lat' dir='ltr'>sic</span> <span class='ocrx_word' id='word_1_165' title='bbox 951 2166 1122 2221; x_wconf 87' lang='lat' dir='ltr'>procaci</span> <span class='ocrx_word' id='word_1_166' title='bbox 1154 2167 1275 2207; x_wconf 73' lang='lat' dir='ltr'>vultu</span> <span class='ocrx_word' id='word_1_167' title='bbox 1304 2166 1521 2217; x_wconf 81' lang='lat' dir='ltr'>incedere,</span> <span class='ocrx_word' id='word_1_168' title='bbox 1563 2168 1679 2224; x_wconf 86' lang='lat' dir='ltr'>quasi</span> 
     </span>
     <span class='ocr_line' id='line_1_23' title="bbox 256 2243 1680 2300; baseline 0 -14"><span class='ocrx_word' id='word_1_169' title='bbox 256 2245 364 2287; x_wconf 81' lang='lat' dir='ltr'>nihil</span> <span class='ocrx_word' id='word_1_170' title='bbox 404 2244 575 2286; x_wconf 84' lang='lat' dir='ltr'>omnino</span> <span class='ocrx_word' id='word_1_171' title='bbox 615 2243 864 2300; x_wconf 85' lang='lat' dir='ltr'>peccaverit.</span> <span class='ocrx_word' id='word_1_172' title='bbox 923 2243 1096 2284; x_wconf 87' lang='lat' dir='ltr'>Bonum</span> <span class='ocrx_word' id='word_1_173' title='bbox 1141 2255 1203 2285; x_wconf 92' lang='lat' dir='ltr'>est</span> <span class='ocrx_word' id='word_1_174' title='bbox 1242 2243 1400 2300; x_wconf 71' lang='lat' dir='ltr'>quippe</span> <span class='ocrx_word' id='word_1_175' title='bbox 1443 2256 1541 2300; x_wconf 87' lang='lat' dir='ltr'>post</span> <span class='ocrx_word' id='word_1_176' title='bbox 1580 2260 1680 2286; x_wconf 88' lang='lat' dir='ltr'>con·</span> 
     </span>
     <span class='ocr_line' id='line_1_24' title="bbox 258 2320 1680 2378; baseline -0.001 -14"><span class='ocrx_word' id='word_1_177' title='bbox 258 2321 433 2365; x_wconf 79' lang='lat' dir='ltr'>fusionis</span> <span class='ocrx_word' id='word_1_178' title='bbox 464 2338 592 2378; x_wconf 86' lang='lat' dir='ltr'>opera</span> <span class='ocrx_word' id='word_1_179' title='bbox 624 2320 848 2363; x_wconf 87' lang='lat' dir='ltr'>confundi:</span> <span class='ocrx_word' id='word_1_180' title='bbox 893 2320 990 2376; x_wconf 84' lang='lat' dir='ltr'>quia</span> <span class='ocrx_word' id='word_1_181' title='bbox 1019 2336 1143 2376; x_wconf 83' lang='lat' dir='ltr'>saepe</span> <span class='ocrx_word' id='word_1_182' title='bbox 1187 2332 1227 2360; x_wconf 88' lang='lat' dir='ltr'>et</span> <span class='ocrx_word' id='word_1_183' title='bbox 1256 2321 1338 2360; x_wconf 87' lang='lat' dir='ltr'>hoc</span> <span class='ocrx_word' id='word_1_184' title='bbox 1367 2321 1552 2362; x_wconf 84' lang='lat' dir='ltr'>malitiae</span> <span class='ocrx_word' id='word_1_185' title='bbox 1582 2322 1680 2363; x_wconf 85' lang='lat' dir='ltr'>arti-</span> 
     </span>
     <span class='ocr_line' id='line_1_25' title="bbox 255 2396 1678 2455; baseline -0.001 -14"><span class='ocrx_word' id='word_1_186' title='bbox 255 2402 325 2441; x_wconf 81' lang='lat' dir='ltr'>fex</span> <span class='ocrx_word' id='word_1_187' title='bbox 359 2399 627 2455; x_wconf 82' lang='lat' dir='ltr'>inoperatur,</span> <span class='ocrx_word' id='word_1_188' title='bbox 663 2415 715 2440; x_wconf 87' lang='lat' dir='ltr'>ne</span> <span class='ocrx_word' id='word_1_189' title='bbox 754 2409 954 2454; x_wconf 85' lang='lat' dir='ltr'>peccator</span> <span class='ocrx_word' id='word_1_190' title='bbox 993 2397 1045 2438; x_wconf 91' lang='lat' dir='ltr'>ad</span> <span class='ocrx_word' id='word_1_191' title='bbox 1086 2396 1392 2453; x_wconf 86' lang='lat' dir='ltr'>poenitentiam</span> <span class='ocrx_word' id='word_1_192' title='bbox 1430 2399 1594 2448; x_wconf 85' lang='lat' dir='ltr'>redeat,</span> <span class='ocrx_word' id='word_1_193' title='bbox 1638 2410 1678 2439; x_wconf 83' lang='lat' dir='ltr'>et</span> 
     </span>
     <span class='ocr_line' id='line_1_26' title="bbox 255 2473 1677 2533; baseline -0.001 -15"><span class='ocrx_word' id='word_1_194' title='bbox 255 2477 315 2519; x_wconf 87' lang='lat' dir='ltr'>sic</span> <span class='ocrx_word' id='word_1_195' title='bbox 346 2488 460 2529; x_wconf 82' lang='lat' dir='ltr'>agat,</span> <span class='ocrx_word' id='word_1_196' title='bbox 499 2476 616 2533; x_wconf 86' lang='lat' dir='ltr'>quasi</span> <span class='ocrx_word' id='word_1_197' title='bbox 647 2476 782 2517; x_wconf 83' lang='lat' dir='ltr'>adhuc</span> <span class='ocrx_word' id='word_1_198' title='bbox 821 2475 864 2515; x_wconf 83' lang='lat' dir='ltr'>in</span> <span class='ocrx_word' id='word_1_199' title='bbox 894 2473 1052 2531; x_wconf 80' lang='lat' dir='ltr'>justitia</span> <span class='ocrx_word' id='word_1_200' title='bbox 1080 2486 1333 2530; x_wconf 71' lang='lat' dir='ltr'>perseveret.</span> <span class='ocrx_word' id='word_1_201' title='bbox 1391 2475 1549 2517; x_wconf 86' lang='lat' dir='ltr'>Videre</span> <span class='ocrx_word' id='word_1_202' title='bbox 1578 2491 1677 2531; x_wconf 89' lang='lat' dir='ltr'>pos-</span> 
     </span>
     <span class='ocr_line' id='line_1_27' title="bbox 251 2551 1675 2609; baseline -0.003 -13"><span class='ocrx_word' id='word_1_203' title='bbox 251 2571 416 2604; x_wconf 81' lang='lat' dir='ltr'>sumus,</span> <span class='ocrx_word' id='word_1_204' title='bbox 457 2565 498 2594; x_wconf 89' lang='lat' dir='ltr'>et</span> <span class='ocrx_word' id='word_1_205' title='bbox 537 2569 585 2594; x_wconf 89' lang='lat' dir='ltr'>ex</span> <span class='ocrx_word' id='word_1_206' title='bbox 627 2551 869 2609; x_wconf 87' lang='lat' dir='ltr'>quotidiana</span> <span class='ocrx_word' id='word_1_207' title='bbox 909 2551 992 2591; x_wconf 80' lang='lat' dir='ltr'>vita</span> <span class='ocrx_word' id='word_1_208' title='bbox 1032 2552 1215 2601; x_wconf 88' lang='lat' dir='ltr'>discere,</span> <span class='ocrx_word' id='word_1_209' title='bbox 1259 2552 1418 2593; x_wconf 86' lang='lat' dir='ltr'>multos</span> <span class='ocrx_word' id='word_1_210' title='bbox 1456 2551 1675 2592; x_wconf 84' lang='lat' dir='ltr'>hominurn</span> 
     </span>
     <span class='ocr_line' id='line_1_28' title="bbox 248 2629 1667 2688; baseline -0.002 -16"><span class='ocrx_word' id='word_1_211' title='bbox 248 2643 347 2688; x_wconf 84' lang='lat' dir='ltr'>post</span> <span class='ocrx_word' id='word_1_212' title='bbox 381 2642 555 2686; x_wconf 84' lang='lat' dir='ltr'>peccata</span> <span class='ocrx_word' id='word_1_213' title='bbox 591 2647 661 2672; x_wconf 89' lang='lat' dir='ltr'>sua</span> <span class='ocrx_word' id='word_1_214' title='bbox 700 2646 786 2670; x_wconf 88' lang='lat' dir='ltr'>non</span> <span class='ocrx_word' id='word_1_215' title='bbox 825 2629 964 2669; x_wconf 83' lang='lat' dir='ltr'>solum</span> <span class='ocrx_word' id='word_1_216' title='bbox 995 2645 1081 2669; x_wconf 89' lang='lat' dir='ltr'>non</span> <span class='ocrx_word' id='word_1_217' title='bbox 1114 2629 1281 2681; x_wconf 83' lang='lat' dir='ltr'>lugere,</span> <span class='ocrx_word' id='word_1_218' title='bbox 1319 2629 1434 2685; x_wconf 85' lang='lat' dir='ltr'>quod</span> <span class='ocrx_word' id='word_1_219' title='bbox 1463 2630 1667 2680; x_wconf 81' lang='lat' dir='ltr'>fecerunt,</span> 
     </span>
    </p>
   </div>
   <div class='ocr_carea' id='block_1_8' title="bbox 242 2704 1663 2763">
    <p class='ocr_par' dir='ltr' id='par_1_9' title="bbox 242 2704 1663 2763">
     <span class='ocr_line' id='line_1_29' title="bbox 242 2704 1663 2763; baseline -0.003 -13"><span class='ocrx_word' id='word_1_220' title='bbox 242 2725 389 2750; x_wconf 83' lang='lat' dir='ltr'>verum</span> <span class='ocrx_word' id='word_1_221' title='bbox 433 2707 559 2749; x_wconf 83' lang='lat' dir='ltr'>etiam</span> <span class='ocrx_word' id='word_1_222' title='bbox 602 2705 773 2763; x_wconf 84' lang='lat' dir='ltr'>procaci</span> <span class='ocrx_word' id='word_1_223' title='bbox 815 2705 955 2746; x_wconf 84' lang='lat' dir='ltr'>fronte</span> <span class='ocrx_word' id='word_1_224' title='bbox 1001 2705 1227 2747; x_wconf 85' lang='lat' dir='ltr'>defendere</span> <span class='ocrx_word' id='word_1_225' title='bbox 1269 2704 1464 2761; x_wconf 87' lang='lat' dir='ltr'>proprias</span> <span class='ocrx_word' id='word_1_226' title='bbox 1509 2705 1663 2747; x_wconf 87' lang='lat' dir='ltr'>ruinas.</span> 
     </span>
    </p>
   </div>
   <div class='ocr_carea' id='block_1_9' title="bbox 354 2857 1517 2920">
    <p class='ocr_par' dir='ltr' id='par_1_10' title="bbox 354 2857 1517 2920">
     <span class='ocr_line' id='line_1_30' title="bbox 354 2857 1517 2920; baseline -0.005 -15"><span class='ocrx_word' id='word_1_227' title='bbox 354 2863 395 2920; x_wconf 83' lang='lat'>¹)</span> <span class='ocrx_word' id='word_1_228' title='bbox 422 2863 572 2905; x_wconf 83' lang='lat' dir='ltr'>Ezech.</span> <span class='ocrx_word' id='word_1_229' title='bbox 603 2861 719 2911; x_wconf 82' lang='lat' dir='ltr'>XVI,</span> <span class='ocrx_word' id='word_1_230' title='bbox 748 2859 814 2903; x_wconf 86' lang='lat'>52.</span> <span class='ocrx_word' id='word_1_231' title='bbox 934 2859 977 2915; x_wconf 72' lang='grc'>2)</span> <span class='ocrx_word' id='word_1_232' title='bbox 1009 2859 1095 2901; x_wconf 79' lang='lat' dir='ltr'>Cfr.</span> <span class='ocrx_word' id='word_1_233' title='bbox 1125 2859 1275 2901; x_wconf 83' lang='lat' dir='ltr'>Ezech.</span> <span class='ocrx_word' id='word_1_234' title='bbox 1303 2859 1420 2910; x_wconf 84' lang='lat' dir='ltr'>XVI,</span> <span class='ocrx_word' id='word_1_235' title='bbox 1450 2857 1517 2902; x_wconf 84' lang='grc'>60.</span> 
     </span>
    </p>
   </div>
  </div>
 </body>
</html>
