1738 3134
210 162 239 204 8
607 160 828 202 Ostiensis
858 169 904 201 m
933 157 1231 201 Ezsscnmmzm

219 289 322 330 quae
362 272 467 314 dixi:
507 273 582 313 sed
619 288 672 312 ne
705 271 846 312 videar
876 287 898 310 a
927 268 1150 326 proposito
1183 268 1403 315 recedere,
1444 282 1643 321 compen-

219 351 334 392 dium
373 350 483 390 facio
521 348 738 390 sermonis.
798 346 1074 403 Propositum
1117 345 1275 400 quippe
1312 343 1415 384 mihi
1453 355 1536 393 est,
1575 361 1642 384 ex-

217 428 389 483 planare
420 427 471 466 de
503 442 577 477 eo,
618 427 734 482 quod
775 436 951 481 propter
990 433 1160 479 peccata
1191 439 1263 463 sua
1295 421 1482 477 captivus
1512 422 1642 461 addu-

221 517 306 545 ctus
335 503 389 544 sit
419 505 604 559 populus
635 503 777 545 Israel.

330 581 370 624 2.
413 581 468 622 Et
505 598 557 622 ne
598 583 708 622 forte
748 580 898 636 aliquis
939 579 1164 619 arbitretur
1203 589 1447 634 peccatores
1485 595 1505 618 a
1543 578 1640 618 Deo

219 658 394 699 traditos
425 659 476 699 ab
508 675 558 699 eo
591 659 768 699 ulterius
797 674 884 698 non
914 657 1157 710 gubernari,
1198 667 1238 695 et
1279 655 1408 695 semel
1440 654 1483 694 in
1515 654 1645 710 capti-

220 713 391 777 vitatem
430 736 622 776 redactos
660 736 769 777 ultra
805 734 1162 791 dispensationem
1202 732 1288 788 ejus
1329 744 1368 773 et
1406 731 1646 772 miseriror-

221 813 332 854 diam
369 830 454 854 non
494 813 668 863 mereri,
708 825 969 869 praesentem
1008 812 1151 851 locum
1183 808 1422 861 diligentius
1455 809 1646 850 conside-

219 908 370 932 remus.
429 891 583 932 Daniel
613 908 697 932 non
729 889 941 947 peccavit,
980 887 1183 936 Ananias,
1218 886 1403 935 Azarias,
1442 887 1594 928 Misael
1623 903 1646 927 a

218 981 393 1025 peccato
434 968 643 1008 immunes
682 969 874 1017 fuerunt,
918 978 959 1007 et
999 978 1139 1007 tamen
1179 963 1333 1019 captivi
1366 963 1508 1004 effecti
1538 975 1646 1013 sunt,

218 1058 266 1088 ut
295 1046 355 1087 ibi
384 1045 515 1103 positi
547 1044 758 1101 captivum
788 1044 1001 1101 populum
1032 1042 1372 1092 consolarentur,
1404 1053 1444 1082 et
1473 1057 1550 1098 per
1580 1057 1648 1081 ex-

218 1123 505 1166 hortationem
544 1122 662 1164 vocis
699 1138 798 1164 suae
836 1121 1101 1178 poenitentes
1138 1120 1182 1161 in
1210 1120 1444 1161 Jerusalem
1479 1119 1647 1160 restitu—

221 1200 340 1241 erent
379 1201 598 1253 castigatos
635 1216 715 1255 pro
754 1211 963 1254 tempore.
1022 1198 1295 1254 Septuaginta
1333 1197 1491 1252 quippe
1530 1196 1647 1237 annis

219 1277 428 1320 servitutis
468 1275 679 1333 supplicia
715 1276 1034 1331 pependerunt,
1073 1291 1120 1315 ac
1161 1274 1219 1315 sic
1258 1274 1411 1315 deinde
1451 1274 1495 1314 in
1529 1275 1648 1314 sedes

218 1355 412 1411 proprias
440 1353 598 1395 reversi
623 1364 734 1402 sunt,
764 1352 861 1408 quia
888 1364 1053 1393 sanctus
1082 1352 1387 1407 prophetarum
1411 1367 1549 1392 sermo
1576 1351 1648 1391 de-

218 1431 350 1489 jectos
379 1432 541 1472 animos
570 1430 875 1471 sublevaverat.
929 1431 1090 1470 Verum
1118 1445 1207 1469 non
1235 1428 1377 1469 solum
1406 1427 1436 1469 ii
1468 1440 1649 1484 quatuor

217 1508 260 1549 in
293 1508 534 1564 captivitate
563 1507 798 1564 prophetae
830 1506 1097 1556 exstiterunt,
1135 1506 1210 1547 sed
1242 1517 1283 1546 et
1310 1505 1510 1547 Ezechiel
1541 1522 1648 1545 unus

219 1602 267 1626 ex
298 1585 349 1626 iis
377 1584 482 1635 fuit,
514 1597 555 1625 et
585 1584 818 1634 Zacharias,
848 1584 960 1625 filius
989 1583 1231 1633 Baraehiae,
1262 1582 1513 1639 captivitatis
1541 1594 1648 1623 tem-

218 1679 323 1719 pore
349 1664 426 1703 sub
456 1662 590 1703 Dario
621 1678 718 1714 rege
750 1661 913 1702 cecinit.
973 1660 1240 1702 Inveniemus
1272 1660 1396 1701 etiam
1419 1662 1646 1713 Aggaeum,

217 1741 459 1797 multosque
497 1739 603 1779 alios
643 1739 950 1794 prophetarum
986 1738 1139 1779 iisdem
1172 1738 1447 1795 prophetasse
1481 1749 1649 1793 tempo-

217 1818 356 1858 ribus:
388 1833 436 1857 ex
467 1815 619 1872 quibus
655 1815 866 1857 indicatur
882 1816 1026 1857 Deum
1055 1832 1143 1856 non
1170 1816 1468 1857 tantummodo
1497 1814 1649 1870 punire

218 1906 454 1950 peccantes,
478 1909 626 1933 verum
643 1904 684 1934 et
699 1892 1034 1934 misericordiam
1058 1892 1234 1933 miscere
1250 1892 1487 1948 suppliciis.
1518 1891 1650 1946 Quod

219 1971 252 2012 si
283 1971 472 2021 dubitas,
501 1970 599 2011 audi
628 1987 753 2010 voces
782 1981 994 2010 tormenta
1023 1969 1298 2025 patientium,
1336 1969 1555 2025 quomodo
1587 1985 1649 2010 sa-

220 2048 366 2088 cratim
406 2059 446 2088 et
484 2047 527 2088 in
558 2047 809 2088 cruciatibus
838 2047 921 2087 suis
956 2047 1225 2087 clementiam
1254 2046 1339 2087 Dei
1372 2047 1646 2102 eloquantur:

219 2125 412 2174 „cibabis
438 2124 487 2184 ¹),
506 2140 583 2164 nos
608 2141 715 2180 pane
744 2125 1035 2182 lacrymarum,
1069 2136 1109 2165 et
1137 2125 1304 2180 potabis
1333 2140 1411 2164 nos
1441 2124 1484 2164 in
1515 2124 1649 2182 lacry-

218 2201 296 2242 mis
329 2214 370 2242 et
402 2202 447 2243 in
476 2207 712 2243 mensura.“
757 2202 858 2243 Non
883 2201 939 2242 ait
960 2201 1275 2242 indifferenter:
1307 2200 1378 2251 „in
1403 2200 1596 2259 lacrymis
1609 2206 1648 2242 :“

219 2280 293 2319 sed
331 2279 409 2329 „in
447 2277 641 2335 lacrymis
684 2289 725 2319 et
764 2278 808 2319 in
846 2285 1083 2320 mensura.“
1153 2278 1450 2321 Misericordia
1487 2278 1646 2334 quippe

217 2356 304 2397 Dei
340 2356 383 2396 in
420 2357 623 2411 pondere.
683 2355 731 2397 Si
768 2372 856 2397 non
900 2369 1007 2398 esset
1034 2357 1143 2398 utile
1174 2355 1439 2398 conversioni
1468 2372 1647 2410 peccan-

219 2433 326 2474 tium
353 2433 551 2473 adhibere
581 2444 793 2474 tormenta
822 2434 1116 2494 peccantibus,
1154 2450 1369 2490 nunquam
1405 2432 1646 2474 misericors

220 2522 260 2551 et
298 2511 503 2563 benignus
539 2511 657 2550 Deus
694 2511 844 2566 poenis
883 2513 1044 2553 scelera
1079 2512 1270 2568 puniret:
1311 2512 1387 2551 sed
1429 2510 1545 2566 quasi
1583 2509 1646 2550 in-

219 2588 556 2640 dulgentissimus
587 2600 708 2644 pater
736 2590 791 2629 ob
808 2588 850 2645 ²)
882 2590 964 2630 hoc
996 2588 1173 2645 corripit
1201 2588 1352 2639 filium,
1382 2600 1429 2629 ut
1461 2587 1643 2628 erudiat:

220 2665 333 2720 quasi
374 2665 769 2721 providentissimus
805 2666 1001 2719 magister
1040 2667 1098 2708 ita
1136 2666 1356 2709 severitate
1393 2665 1545 2709 frontis
1585 2665 1645 2705 la-

339 2826 375 2879 ¹)
406 2826 559 2867 Psalm.
592 2826 765 2875 LXXX,
797 2826 836 2868 5.
869 2827 1107 2883 (LXXIX.)

335 2898 376 2950 ²)
406 2896 515 2937 Edd.
547 2895 741 2939 Mei-lini:
774 2896 825 2937 ad
856 2896 949 2937 hoc.

231 2956 243 2972 Δ
