1759 3134
697 110 838 154 Lmen
866 111 899 152 I.
1425 110 1508 155 333

91 226 257 268 terdum
289 225 402 268 enim
432 241 506 267 cor
545 223 717 275 dicitur,
755 235 821 265 ut:
864 222 1010 274 „beati
1033 221 1074 279 ¹)
1115 222 1276 265 mundo
1316 221 1507 263 corde:“

94 316 154 346 et:
194 305 358 356 „corde
384 303 427 360 ²)
467 303 651 346 creditur
687 302 739 342 ad
775 300 1026 359 justitiam.“
1095 301 1142 342 Si
1182 317 1281 343 vero
1326 300 1509 342 convivii

92 395 258 440 tempus
288 382 352 433 sit,
383 396 461 437 pro
493 380 632 436 specie
664 390 705 420 et
729 378 877 419 ordine
896 378 1262 429 discumbentium,
1294 379 1362 420 vel
1382 378 1509 430 sinus,

92 461 161 502 vel
200 471 345 517 pectus
384 457 642 515 appellatur:
681 456 787 498 sicut
816 456 999 498 Joannes
1039 456 1084 498 in
1125 458 1341 510 evangelio
1380 459 1510 500 refert

92 538 144 579 de
177 537 361 594 quodam
391 535 623 592 discipulo,
663 550 788 592 quem
819 534 982 575 amabat
1009 534 1150 585 Jesus,
1192 536 1307 591 quod
1343 535 1388 576 in
1417 536 1510 578 sinu

93 614 194 673 ejus,
226 615 296 656 vel
325 629 449 671 supra
477 624 624 670 pectus
656 611 743 671 ejus
773 613 1060 654 recumberet:
1094 611 1169 653 ille
1199 613 1411 668 profecto,
1444 613 1510 655 cui

91 693 266 734 innuens
290 693 334 750 ³)
363 692 513 735 Simon
542 692 692 733 Petrus
722 690 909 732 dicebat:
940 689 1188 744 „interroga
1213 689 1278 748 ⁴),
1309 690 1399 749 quis
1430 691 1512 743 hic,

92 770 146 812 de
188 786 271 828 quo
313 769 456 811 dicit.“
512 769 618 811 Post
654 769 755 811 haec
794 784 895 809 vero
933 768 1182 810 recumbens
1211 785 1338 827 super
1364 781 1511 828 pectus

92 848 207 900 Jesu,
237 847 341 890 dicit
371 847 431 889 ei:
461 846 685 900 „Domine
708 848 774 902 ⁵),
804 845 897 903 quis
928 845 1052 889 est?“
1109 847 1160 888 In
1189 847 1251 889 his
1282 848 1395 891 enim
1426 866 1513 891 cer-

93 938 187 969 tum
224 937 305 977 est,
349 925 465 981 quod
502 925 685 967 Joannes
729 924 773 966 in
808 923 1035 982 principali
1071 925 1209 968 cordis
1247 927 1351 969 Jesu
1388 939 1512 984 atque

93 1004 138 1046 in
159 1003 204 1061 ⁵)
239 1002 414 1045 internis
452 1002 669 1045 doctrinae
710 1001 797 1060 ejus
837 1003 1025 1045 sensibus
1052 1003 1308 1061 requievisse
1338 1004 1513 1058 dicatur,

90 1081 153 1124 ibi
181 1080 397 1139 requirens
428 1091 470 1121 et
494 1092 758 1137 perscrutans
787 1080 1003 1123 thesauros
1039 1082 1264 1140 sapientiae
1305 1095 1346 1125 et
1383 1083 1514 1126 scien-

94 1159 191 1210 tiae,
221 1159 294 1216 qui
322 1157 533 1200 reconditi
563 1170 680 1200 erant
707 1158 751 1200 in
776 1158 942 1202 Christo
964 1162 1077 1202 Jesu.
1138 1161 1225 1204 Sed
1256 1162 1372 1219 quod
1401 1162 1514 1204 sinus

98 1236 254 1280 Christi
284 1236 328 1277 in
358 1237 456 1277 loco
489 1236 733 1290 dogmatum
763 1249 1003 1279 sanctorum
1032 1238 1282 1295 accipiatur,
1317 1252 1422 1297 puto
1454 1240 1516 1282 in-

98 1315 249 1356 decens
288 1330 375 1355 non
413 1312 561 1355 videri.
619 1313 807 1356 Diversis
838 1332 936 1370 ergo
965 1317 1128 1368 modis,
1165 1329 1212 1359 ut
1252 1318 1390 1360 dicere
1421 1333 1518 1361 coe·-

95 1409 304 1450 peramus,
334 1390 569 1448 principale
600 1392 738 1434 cordis
768 1395 812 1434 in
841 1393 1056 1450 scripturis
1086 1395 1236 1437 sanctis
1267 1396 1517 1450 designatur,

97 1471 204 1513 sicut
234 1481 275 1512 et
302 1470 347 1511 in
376 1469 566 1511 Levitico
594 1469 637 1525 ⁷)
667 1470 967 1524 nihilominus,
1004 1473 1080 1514 ubi
1121 1474 1173 1515 de
1202 1474 1414 1517 sacrificiis
1443 1491 1517 1532 pe-

97 1549 332 1591 ctusculum
370 1547 663 1605 separationis,
710 1560 751 1590 et
788 1550 1006 1592 brachium
1043 1552 1330 1594 sacerdotibus
1370 1569 1518 1610 seque-

96 1639 270 1670 stratur:
301 1638 342 1668 et
371 1626 415 1668 in
442 1627 524 1668 hoc
553 1638 858 1684 sequestratum
887 1644 935 1670 ac
962 1642 1198 1686 separatum
1223 1631 1517 1688 pectusculum

98 1716 141 1746 et
168 1704 408 1756 brachium,
438 1704 696 1761 praecellens
728 1716 889 1747 ceteros
918 1706 1133 1759 homines,
1160 1709 1394 1766 principale
1426 1725 1520 1751 cor-

100 1782 188 1834 dis,
226 1793 269 1824 et
298 1798 478 1839 operum
509 1783 635 1824 decus
664 1782 756 1824 vult
786 1799 873 1825 esse
903 1782 948 1824 in
975 1785 1274 1829 sacerdotibus.
1333 1787 1402 1829 De
1432 1803 1516 1845 quo

98 1859 265 1917 plenius
302 1859 347 1901 in
387 1859 497 1901 libro
527 1859 740 1911 Levitico,
779 1873 909 1918 prout
941 1861 1152 1906 Dominus
1191 1865 1289 1906 dare
1329 1864 1518 1919 dignatus

101 1950 175 1990 est,
205 1937 486 1996 exposuimus.
547 1939 791 1981 Secundum
819 1940 921 1981 haec
952 1957 1050 1994 ergo
1082 1941 1208 1984 etiam
1237 1941 1280 1983 in
1308 1941 1520 1999 praesenti

100 2017 223 2068 loco,
262 2015 607 2075 quandoquidem
646 2018 896 2060 amatorium
919 2019 962 2077 ⁸)
993 2019 1161 2061 videtur
1199 2020 1363 2072 drama,
1402 2019 1518 2076 quod

101 2094 257 2148 agitur,
295 2094 339 2137 in
374 2092 574 2137 uberibus
611 2095 846 2153 principale
886 2097 1025 2140 cordis
1065 2097 1348 2153 intelligamus
1371 2097 1437 2155 9),
1472 2107 1519 2137 ut

222 2320 263 2378 1)
293 2320 442 2362 Matth.
471 2319 524 2372 V,
551 2319 592 2364 8.
712 2320 755 2379 ²)
784 2321 910 2365 Rom.
940 2323 995 2376 X,
1027 2324 1092 2369 10.

218 2391 262 2448 3)
293 2391 404 2434 Edd.
432 2389 628 2432 Merlini:
656 2394 930 2449 respondens,

219 2461 264 2518 ἰ)
294 2461 380 2504 Cfr·
422 2477 484 2503 ev·
512 2461 665 2504 Joann·
694 2462 818 2515 XIII,
849 2464 918 2509 24.
959 2487 1010 2496 -
1052 2465 1160 2508 Edd.
1191 2464 1387 2508 Merlini:
1428 2463 1519 2521 quis

106 2529 167 2560 est
195 2517 263 2560 hic
295 2529 372 2560 etc.

220 2590 264 2646 ⁵)
291 2589 369 2631 Ev,
399 2590 549 2630 Joann.
578 2588 700 2640 XIII,
730 2589 799 2634 25.

219 2660 264 2717 ⁶)
294 2660 427 2701 Deest
456 2659 567 2711 „in“
597 2658 641 2699 in
673 2659 768 2701 edd.
798 2659 859 2702 M.

222 2731 264 2787 7)
296 2730 382 2772 Cfr.
413 2730 548 2772 Levit.
577 2730 671 2773 VII.

220 2802 264 2857 Θ)
293 2800 400 2841 Edd.
432 2799 627 2842 Merlini:
657 2812 904 2843 amatorum.

223 2871 267 2928 9)
297 2871 408 2914 Edd.
438 2870 634 2913 Merlini:
666 2870 949 2924 intelligimus.
