1759 3134
229 119 320 168 290
490 120 714 164 Omcizms
744 131 789 163 m
822 118 1060 162 cmi-icum
1093 118 1397 163 CANTmonUM

245 237 325 288 ris,
354 236 482 278 simul
514 247 554 277 et
587 252 675 287 eas,
707 252 806 293 quas
837 231 1124 295 ὃευτερώσεις
1151 235 1189 291 ¹)
1222 234 1460 291 appellant,
1492 232 1545 275 ad
1570 233 1668 276 ulti-

244 331 363 356 mum
395 326 575 371 quatuor
606 315 683 356 ista
716 314 951 364 observari,
992 313 1034 354 id
1066 324 1147 363 est,
1186 311 1446 369 principium
1478 311 1668 362 Genesis,

244 393 287 434 in
320 410 403 449 quo
437 393 587 435 mundi
617 405 804 447 creatura
834 392 1106 443 describitur,
1154 403 1195 432 et
1223 389 1458 432 Ezechielis
1487 389 1674 446 prophe-

243 482 310 511 tae
341 470 562 528 principia,
595 471 636 513 in
669 473 820 530 quibus
855 473 905 513 dc
927 469 1157 513 Cherubim
1175 470 1356 511 refertur
1377 470 1435 526 ²),
1466 480 1507 510 et
1530 468 1672 519 finem,

242 550 285 589 iu
325 565 409 605 quo
450 549 602 606 templi
642 550 878 591 aedificatio
923 549 1186 599 continetur,
1226 560 1267 589 et
1301 548 1411 589 hunc
1443 546 1603 589 Cantici
1627 546 1676 600 3)

243 625 519 668 Canticorum
550 627 719 669 librum.
778 628 912 680 Igitur
944 627 1227 669 necessarium
1257 626 1360 667 mihi
1387 624 1574 675 videtur,
1605 640 1677 665 an·

242 715 413 760 tequam
453 706 507 747 ad
538 722 607 757 ea,
647 722 752 764 quae
791 704 833 746 in
871 705 954 747 hoc
994 705 1143 746 libello
1185 704 1341 761 scripta
1381 715 1498 755 sunt,
1540 702 1677 744 discu-

241 780 384 823 tienda
418 783 655 835 veniamus,
687 784 738 824 dc
769 800 914 825 amore
944 782 1061 840 prius
1092 783 1210 840 ipso,
1251 783 1323 840 qui
1355 794 1417 824 est
1445 781 1677 838 scripturae

241 859 367 918 hujus
390 862 433 918 ἰ)
480 878 601 904 causa
639 862 889 919 praecipua,
932 878 1065 919 pauca
1108 861 1334 912 disserere,
1377 873 1418 903 ct
1447 871 1546 918 post
1575 860 1677 901 haec

245 938 298 979 de
330 939 479 981 ordine
511 940 722 982 librorum
753 940 1018 990 Salomonis,
1057 939 1099 981 in
1131 939 1281 996 quibus
1311 938 1379 981 hic
1410 938 1519 980 liber
1548 938 1678 980 tertio

243 1015 344 1058 loco
376 1017 539 1074 positus
571 1018 761 1063 videtur:
796 1031 887 1060 tum
918 1018 1045 1060 ctiam
1075 1019 1126 1060 de
1153 1019 1195 1075 5)
1226 1017 1507 1060 attitulatione
1539 1015 1677 1058 libelli

240 1092 395 1150 ipsius,
428 1113 504 1137 cur
534 1096 757 1138 Canticum
788 1095 1063 1138 Canticorum
1093 1096 1401 1152 superscriptus
1439 1096 1511 1137 sit:
1554 1107 1679 1152 atque

244 1171 396 1224 etiam,
430 1175 651 1230 quomodo
686 1174 883 1215 dramatis
914 1173 956 1215 in
987 1174 1190 1225 modum,
1222 1186 1263 1215 ct
1291 1185 1492 1230 tanquam
1521 1173 1679 1223 fabula,

243 1267 349 1307 quae
389 1250 433 1292 in
468 1251 602 1294 scenis
633 1268 914 1308 personarum
942 1251 1238 1293 immutatione
1269 1252 1334 1306 agi
1364 1252 1496 1303 solet,
1538 1250 1679 1292 videa-

241 1340 313 1369 tur
344 1345 432 1371 esse
465 1329 741 1387 compositus.
802 1331 932 1387 Apud
956 1330 1145 1372 Graecos
1178 1330 1350 1387 quidem
1379 1329 1556 1388 plurimi
1588 1346 1681 1372 eru-

244 1406 433 1448 ditorum
452 1408 658 1460 virorum,
682 1409 874 1449 volentes
896 1407 1144 1462 investigare
1164 1408 1350 1451 veritatis
1368 1408 1608 1462 indaginem
1623 1409 1681 1466 ⁶),

244 1486 297 1527 dc
329 1486 487 1528 amoris
515 1499 665 1529 natura
693 1487 829 1529 multa
858 1504 904 1528 ac
932 1486 1095 1529 diversa
1127 1487 1253 1529 etiam
1286 1487 1553 1541 dialogorum
1579 1485 1678 1528 stilo

244 1565 401 1622 scripta
439 1566 736 1622 protulerunt,
784 1578 980 1607 conantes
1022 1567 1267 1618 ostendere,
1313 1582 1398 1608 non
1435 1565 1552 1607 aliud
1592 1580 1678 1606 esse

245 1644 404 1686 amoris
434 1644 542 1696 vim,
578 1644 660 1686 nisi
704 1659 810 1701 quae
841 1644 1024 1686 animam
1055 1646 1107 1686 de
1137 1644 1258 1686 terris
1288 1645 1342 1686 ad
1370 1642 1533 1697 fastigia
1567 1641 1679 1684 coeli

246 1722 357 1765 celsa
387 1723 615 1780 perducat,
656 1739 735 1764 nec
773 1723 827 1765 ad
857 1739 1065 1764 summam
1093 1738 1218 1779 posse
1247 1721 1556 1764 beatitudinem
1584 1736 1681 1778 per-

245 1800 382 1842 veniri
406 1799 474 1858 ⁷),
519 1801 601 1842 nisi
640 1800 796 1843 amoris
838 1800 1049 1842 desiderio
1089 1812 1366 1858 provocante.
1444 1800 1531 1843 Sed
1552 1800 1597 1857 8)
1638 1809 1680 1840 et

246 1878 514 1937 quaestiones
558 1880 612 1921 de
644 1879 726 1921 hoc
758 1876 875 1937 quasi
905 1878 949 1920 in
982 1878 1186 1921 conviviis
1215 1878 1462 1937 propositae
1490 1878 1680 1920 referun-

246 1969 338 2009 tur,
368 1956 478 1999 inter
510 1974 581 1999 eos
612 1970 744 2014 puto,
775 1956 887 1999 inter
917 1975 1024 2014 quos
1054 1975 1143 2000 non
1173 1958 1389 2009 ciborum,
1423 1958 1498 1998 sed
1528 1957 1680 1997 verbo-

246 2052 345 2076 rum
376 2034 621 2077 convivium
651 2036 887 2090 gerebatur.
933 2034 1023 2077 Alii
1042 2052 1144 2076 vero
1171 2035 1298 2077 etiam
1327 2048 1436 2077 artes
1467 2034 1680 2091 quasdam,

247 2113 400 2170 quibus
430 2129 551 2156 amor
579 2112 647 2156 hic
678 2115 723 2156 in
753 2113 893 2157 anima
922 2113 1033 2169 gigni
1064 2114 1133 2155 vel
1163 2112 1304 2168 augeri
1329 2129 1455 2171 posse
1475 2112 1680 2163 videatur,

363 2345 404 2402 ¹)
433 2343 544 2388 Edd.
576 2344 637 2390 M.
672 2357 892 2407 corrupte:
925 2345 1287 2407 ὃευτερογόσσιν.

361 2417 406 2475 ²)
435 2417 546 2460 Edd.
579 2418 779 2462 Merlini:
807 2420 1039 2477 profertur.

359 2489 404 2544 ³)
435 2488 544 2531 Edd.
577 2489 638 2532 M.
668 2492 804 2533 male:
838 2490 1013 2534 Cantica
1043 2491 1316 2534 cantieorum
1348 2503 1425 2535 etc.

359 2560 403 2616 ⁴)
433 2559 514 2600 Ed.
545 2560 704 2604 Ruaei:
738 2562 838 2622 ejus.

364 2631 406 2687 ⁵)
435 2630 545 2673 Edd.
577 2632 774 2674 “Merliniz
808 2635 860 2675 de
892 2633 969 2677 hac
1001 2633 1257 2677 titulatione.

359 2700 404 2757 ὃ)
435 2701 549 2748 Edd.
578 2703 780 2745 Merlini:
812 2704 1054 2759 imaginem.

362 2770 404 2827 ⁷)
434 2770 545 2814 Edd.
576 2773 775 2815 Merlini:
806 2777 1036 2832 perveniri.

358 2842 403 2898 ⁸)
435 2842 571 2885 Codd.
604 2844 867 2888 Turonensis
898 2859 940 2889 et
971 2847 1220 2890 Beccensis:
1251 2844 1367 2897 „Sed
1398 2853 1440 2884 et
1470 2840 1678 2900 quaestio-

240 2914 338 2941 nem
371 2899 422 2941 de
453 2900 535 2941 hoc
565 2901 680 2958 quasi
713 2902 756 2944 in
783 2904 994 2951 conviviis
1012 2905 1278 2963 propositam
1302 2916 1389 2945 esse
1407 2901 1590 2943 serunt.“
1624 2900 1674 2946 R,
