1759 3134
246 119 329 164 278
526 119 659 161 Ome.
692 132 738 161 m
771 119 907 161 CANT.
939 119 1121 161 CANTm.
1154 119 1392 161 HomnII.

247 232 359 274 ciosa
390 248 496 283 mea,
528 232 727 272 columba
747 248 853 282 mea,
887 244 927 271 et
946 231 1041 271 veni
1066 233 1265 272 columba
1282 248 1376 272 mea
1398 232 1474 272 sub
1494 233 1673 283 tegmine

248 316 434 366 pet1·ae.“
492 309 550 351 Et
572 310 718 350 RIoses
745 311 822 350 sub
852 309 1033 361 tegmine
1065 321 1208 364 petrae
1240 309 1429 365 ponitur,
1460 320 1507 348 ut
1537 308 1673 350 videat

248 386 485 442 posteriora
514 385 600 427 Dei
627 386 679 441 ¹).
741 387 876 442 ,‚In2)
907 385 1090 438 tegmine
1122 386 1434 426 antemuralis.“
1486 385 1675 426 Primum

250 463 345 504 veni
374 465 428 504 ad
459 463 526 514 id,
565 464 681 519 quod
713 475 806 504 ante
837 480 1006 504 murum
1039 474 1125 513 est,
1166 476 1207 504 et
1249 476 1395 519 postea
1426 463 1586 519 poteris
1616 464 1679 504 in-

252 540 406 591 troire,
443 540 519 581 ubi
557 557 701 580 murus
742 553 802 582 est
840 554 999 596 petrae.
1060 573 1084 591 ,,
1100 542 1287 583 Ostende
1310 541 1351 597 ³)
1391 541 1496 581 mihi
1527 541 1678 582 faciem

251 624 408 659 tuam.“
467 618 612 673 Usque
657 619 709 657 ad
747 632 1010 673 praesentem
1049 619 1162 659 diem
1199 618 1353 659 similia
1393 618 1590 658 dicuntur
1627 619 1679 658 ad

251 712 470 751 sponsam:
502 696 685 736 necdum
717 696 828 736 enim
859 697 1038 737 habebat
1060 696 1273 746 fiduciam,
1303 707 1350 736 ut
1370 696 1553 736 revelata
1572 696 1679 736 faeie

249 773 429 825 gloriam
469 772 648 813 Domini
690 774 1062 829 contemplaretur.
1126 773 1238 827 Quia
1278 789 1379 813 vero
1418 772 1504 829 jam
1538 784 1682 813 ornata

251 861 313 890 est
345 861 469 906 atque
501 850 759 905 composita,
800 850 956 891 dicitur
986 850 1046 891 ei:
1090 852 1302 900 „ostende
1325 850 1367 907 ⁴)
1398 850 1501 890 mihi
1532 850 1682 891 faciem

250 933 409 968 tuam.“
467 927 670 968 Nondum
702 939 788 968 erat
821 927 931 968 enirn
965 944 1044 968 vox
1078 927 1164 985 ejus
1195 928 1252 969 ita
1282 928 1442 979 suavis,
1471 939 1519 968 ut
1548 944 1682 968 mere.-

252 1017 368 1046 retur
398 1005 437 1045 ei
469 1005 573 1046 dici:
621 1005 802 1055 „audire
833 1006 874 1060 5)
905 1022 973 1045 me
1003 1006 1069 1046 fae
1103 1022 1252 1047 vocem
1279 1012 1437 1047 tuam.“
1498 1005 1681 1058 Quando

253 1098 352 1134 ergo
391 1081 542 1122 didicit
578 1083 727 1137 loqui?
785 1083 897 1122 Tace
940 1082 1072 1131 enim,
1112 1082 1191 1131 ait,
1233 1094 1273 1122 et
1313 1082 1411 1122 audi
1450 1083 1601 1132 Israel,
1643 1094 1683 1122 et

252 1159 380 1209 scito,
411 1159 515 1214 quid
544 1159 718 1214 loquax-z
752 1170 794 1199 et
822 1158 957 1198 suavis
979 1157 1022 1211 6)
1056 1158 1165 1198 facta
1196 1169 1256 1198 est
1286 1175 1367 1198 vox
1398 1157 1487 1215 ejus
1512 1174 1683 1214 sponso,

252 1237 485 1277 secundum
514 1235 624 1276 illud
654 1235 978 1291 propheticum:
1011 1234 1184 1285 „suavis
1206 1235 1247 1290 τ)
1278 1236 1351 1276 fiat
1382 1235 1421 1276 ei
1450 1236 1684 1291 postulatio

252 1320 388 1355 mea.“
447 1313 570 1354 Tunc
611 1314 661 1354 ad
703 1329 796 1354 eam
835 1329 1012 1368 sponsus
1045 1313 1219 1353 effatur:
1261 1345 1286 1363 ‚‚
1301 1325 1341 1354 et
1368 1313 1410 1369 ⁸)
1442 1314 1587 1354 audire
1617 1330 1685 1354 me

254 1393 319 1432 fac
349 1407 501 1432 vocem
530 1402 670 1431 tuam:
713 1390 810 1446 quia
848 1406 928 1430 vox
966 1401 1038 1431 tua
1068 1390 1204 1431 suavis
1238 1396 1337 1432 est.“
1398 1390 1444 1431 Si
1474 1390 1687 1446 aperueris

256 1485 302 1509 os
332 1480 453 1508 tuum
484 1469 615 1508 verbo
648 1467 754 1518 Dei,
787 1467 901 1509 dicet
929 1468 1009 1508 tibi
1038 1483 1240 1523 sponsus:
1283 1484 1392 1517 „vox
1420 1468 1466 1524 ⁹)
1495 1480 1566 1509 tua
1596 1485 1688 1509 sua—

258 1545 317 1586 vis
355 1557 438 1595 est,
481 1557 521 1586 et
559 1546 782 1600 adspectus
819 1557 917 1586 tuus
957 1544 1214 1601 speciosus.“
1273 1544 1550 1601 Quapropter
1587 1562 1686 1586 con·

257 1633 470 1674 surgentes
494 1623 774 1678 deprecemur
788 1623 1041 1672 Dominum,
1070 1633 1117 1662 ut
1139 1622 1255 1675 digni
1279 1623 1514 1664 efficiamur
1543 1624 1686 1679 sponsi

257 1715 476 1750 sermone,
515 1699 720 1755 sapientia
751 1699 918 1742 Christo
948 1701 1072 1749 Jesu,
1114 1699 1181 1740 cui
1224 1712 1285 1741 est
1318 1701 1452 1753 gloria
1484 1713 1525 1742 et
1554 1701 1687 1757 impe-

258 1776 367 1817 rium
399 1777 440 1817 in
472 1777 638 1819 saecula
667 1777 946 1818 saeculorum.
1008 1778 1167 1818 Amen!

387 1957 428 2014 ¹)
459 1958 569 2000 Edd.
601 1959 777 2001 Merlini
807 1960 939 2001 male:
974 1959 1042 2000 dei
1072 1959 1115 2000 in
1145 1961 1328 2012 tegmine
1363 1972 1440 2001 etc.

386 2029 430 2084 2)
463 2029 551 2070 Cfr.
584 2029 744 2071 Cantic.
775 2032 832 2082 II,
865 2030 930 2074 14.
1049 2031 1092 2086 3)
1125 2030 1282 2071 Cantic.
1314 2031 1370 2080 II,
1403 2030 1466 2072 14⁶

384 2100 428 2151 4)
463 2098 622 2140 Cantic.
653 2101 710 2150 II,
743 2100 808 2142 14.
931 2100 974 2155 ⁵)
1007 2099 1166 2141 Cantic.
1199 2101 1255 2150 II,
1289 2100 1354 2143 14.

383 2169 426 2223 ⁶)
459 2169 617 2210 Cantic.
651 2171 707 2220 II,
740 2170 804 2213 14.
931 2169 969 2225 7)
1000 2170 1153 2211 Psalm.
1187 2170 1296 2220 CIV,
1326 2169 1393 2213 34.

382 2238 428 2288 ὃ)
461 2239 620 2282 Camic.
654 2241 710 2291 Il,
743 2240 807 2284 14,
928 2240 971 2294 9)
1003 2239 1161 2282 Camic.
1196 2241 1251 2290 ll,
1283 2239 1345 2282 14.
