1738 3134
220 113 277 157 24
631 113 852 157 Omessms
882 129 926 158 m
957 114 1251 157 EzEcmm.EM

231 227 330 285 quin
363 227 406 268 in
436 227 579 268 medio
621 228 737 281 ignis.
797 230 926 271 Sexto
969 229 1173 284 splendor
1213 229 1254 269 in
1294 230 1445 269 eodem
1487 229 1657 269 electro.

234 304 456 346 Confiteor
485 304 668 346 libenter
697 323 718 346 a
748 307 935 362 sapiente
968 320 1008 347 et
1036 307 1152 347 fnleli
1186 306 1276 347 viro
1310 306 1463 346 dictam
1494 318 1659 346 sonu-n-

233 381 358 431 tiam,
397 398 521 437 quam
552 399 677 439 saepe
716 384 922 440 suscipio:
969 384 1021 423 «lc
1051 384 1148 424 Deo
1181 395 1220 423 ct
1255 399 1349 424 vere
1382 384 1520 423 dicere
1550 383 1662 438 peri-

234 459 378 499 culum
411 471 483 500 est.
544 461 693 517 Neque
726 461 836 501 enim
870 478 916 501 ea
947 473 1107 502 tantum
1138 461 1376 517 periculosa
1407 472 1522 509 sunt,
1556 475 1660 515 quae

235 537 338 579 salsa
370 539 421 578 de
455 555 505 579 eo
533 538 751 579 dicuntur:
793 540 865 579 sed
900 538 1047 588 etiarn,
1089 555 1194 595 quae
1227 555 1322 579 vera
1352 550 1468 588 sunt,
1508 549 1545 577 vt
1577 554 1661 577 non

237 627 481 672 opportune
514 616 805 672 proferuntur,
838 615 993 657 «licenti
1025 616 1263 672 periculum
1296 627 1503 668 generant.
1550 615 1663 655 7Mar-

237 692 367 745 garita
412 709 509 734 vera
537 693 576 748 ¹)
619 705 702 743 est,
748 694 821 734 sed
861 693 893 734 si
933 710 1154 749 perverse,
1203 693 1426 734 discrimen
1468 691 1554 749 ejus
1594 703 1665 741 est,

243 771 358 826 quod
391 770 493 811 dicit
522 769 703 826 pedibus
734 786 894 812 eorum.
940 771 995 812 Et
1023 783 1070 811 ut
1098 771 1211 830 juxta
1239 788 1316 812 nos
1341 770 1513 826 aliquod
1538 786 1670 825 pona—

244 864 337 889 mus
380 848 642 904 exemplum,
692 848 967 889 collectiones
1008 848 1110 889 istae
1150 865 1234 888 non
1274 849 1413 888 solum
1456 848 1496 887 in
1535 848 1670 896 Aelia,

241 942 328 966 non
356 937 520 966 tantum
539 927 717 975 Romae,
744 942 830 966 non
863 926 903 966 in
923 925 1190 975 Alexandria,
1221 927 1294 966 sed
1326 925 1366 966 in
1400 925 1514 966 omni
1539 925 1669 965 semel

244 1004 348 1044 orbe
378 1002 700 1044 similitudinem
729 1003 919 1044 referunt
948 1019 1133 1056 sagenae,
1164 1020 1271 1060 quae
1301 1020 1346 1044 ex
1382 1004 1495 1044 omni
1521 1020 1669 1055 genere

242 1080 424 1136 piscium
457 1080 581 1137 capit.
640 1082 737 1122 Non
767 1092 945 1137 possunt
973 1081 1168 1122 universa
1196 1083 1309 1122 bona
1341 1098 1442 1130 esse,
1475 1096 1578 1136 qncoe
1611 1079 1673 1119 in-

247 1156 391 1198 cidunt
421 1157 464 1197 in
495 1174 599 1198 eam.
659 1157 732 1198 Ait
762 1157 920 1213 quippe
953 1158 1169 1199 Salvator:
1203 1158 1375 1213 „cum²)
1413 1156 1675 1204 extraxerint,

247 1244 289 1274 et
317 1250 437 1275 secus
467 1234 585 1274 littus
615 1233 823 1283 sederint,
864 1234 1020 1287 eligent
1049 1237 1159 1276 bona
1191 1235 1363 1291 quidem
1393 1236 1434 1275 in
1467 1250 1558 1274 vasa
1590 1250 1675 1281 sua,

246 1312 357 1352 mala
385 1327 489 1352 vero
519 1312 632 1352 foras
661 1310 932 1369 projicient.“
980 1312 1165 1368 Oportet
1198 1329 1295 1365 ergo
1318 1312 1359 1353 in
1379 1328 1525 1364 sagena
1547 1311 1678 1352 totius

250 1387 451 1428 ecclesiae
473 1404 559 1428 esse
585 1400 627 1428 et
649 1389 762 1429 bona
780 1400 819 1429 et
836 1389 957 1430 mala.
1000 1389 1044 1431 Si
1070 1390 1154 1448 jam
1178 1390 1372 1430 universa
1397 1390 1554 1429 munda
1569 1399 1678 1437 sunt,

250 1465 352 1521 quid
400 1466 733 1522 derelinquimus
778 1466 821 1507 in
850 1467 892 1521 3)
939 1465 1098 1524 judicio
1138 1466 1252 1508 Dei?
1309 1467 1364 1508 Et
1402 1466 1514 1523 juxta
1552 1465 1678 1505 aliam

252 1543 520 1598 parabolam,
562 1555 604 1585 et
634 1545 893 1585 frumentum
939 1556 979 1585 et
1017 1545 1163 1600 paleae
1203 1544 1246 1584 in
1277 1560 1371 1584 arca
1402 1542 1684 1589 continemur,

253 1638 350 1660 cum
388 1622 649 1661 frumentum
688 1633 850 1662 tantum
891 1621 935 1662 in
969 1622 1125 1663 Christi
1163 1622 1315 1662 horrca
1346 1620 1681 1672 congregandum

253 1697 319 1747 sit,
360 1709 402 1737 et
440 1697 731 1739 discernantur
767 1699 914 1754 paleae
956 1701 1007 1739 ab
1049 1716 1113 1749 eo,
1154 1699 1270 1756 cujus
1294 1699 1337 1754 4)
1376 1696 1685 1747 „ventilabrum

254 1775 297 1815 in
334 1791 461 1816 manu
501 1775 613 1833 ejus,
654 1787 694 1816 et
732 1776 955 1818 mundabit
985 1792 1125 1817 aream
1157 1792 1295 1826 suam,
1336 1785 1378 1816 et
1417 1772 1686 1826 congregabit

256 1852 519 1892 frumentum
549 1852 592 1893 i'n
622 1853 847 1903 horreum,
886 1854 1028 1909 paleas
1068 1870 1168 1894 vero
1202 1863 1421 1894 consumet
1450 1851 1544 1903 igne
1574 1850 1687 1890 incx-

254 1928 531 1982 stinguibili.“
588 1931 744 1985 Neque
780 1930 890 1971 enim
930 1948 1068 1971 assero
1108 1947 1247 1971 aream
1277 1943 1416 1972 totum
1448 1946 1535 1970 esse
1564 1945 1685 1969 mun-

258 2006 382 2055 dum,
420 2007 495 2046 sed
533 2023 673 2047 aream
714 2007 905 2060 intelligo
949 2024 1036 2049 esse
1077 2020 1247 2048 coetum
1277 2007 1429 2064 populi
1462 2006 1687 2047 christiani.

259 2081 495 2136 Quomodo
534 2100 809 2140 unaquaeque
848 2102 943 2126 arca
982 2085 1360 2136 circumscribitur,
1402 2097 1443 2125 et
1475 2096 1535 2125 est
1565 2085 1691 2140 plena

258 2161 574 2211 frumento‘vel
605 2162 751 2218 paleis,
783 2180 861 2204 nec
889 2175 1029 2204 totum
1063 2164 1324 2203 frumentum
1344 2175 1417 2213 est,
1451 2179 1528 2203 nec
1549 2173 1690 2202 toturn

260 2254 425 2277 rursum
464 2238 609 2293 palea:
659 2240 718 2280 sic
758 2240 798 2281 in
841 2240 1028 2281 ecclesiis
1066 2240 1332 2281 terrestribus
1374 2240 1482 2280 alius
1515 2249 1575 2278 est
1605 2239 1693 2278 fru-

261 2327 475 2366 mentum,
521 2315 626 2357 alius
658 2329 720 2357 est
748 2318 881 2372 palea.
942 2318 1102 2358 Verum
1132 2318 1192 2358 ibi
1221 2334 1308 2358 non
1338 2334 1410 2358 sua
1442 2333 1582 2364 causa,
1613 2331 1691 2355 nec

260 2409 339 2448 per
366 2393 631 2434 voluntatem
660 2395 806 2450 paleae
837 2407 953 2436 sunt:
995 2412 1133 2452 neque
1173 2395 1285 2435 enim
1326 2411 1373 2434 ex
1413 2393 1592 2449 proprio
1629 2409 1693 2433 ar,

261 2469 390 2509 bitrio
421 2471 683 2512 frumentum
714 2484 793 2512 est:
835 2473 902 2513 hic
945 2490 1046 2513 vero
1086 2473 1125 2514 in
1166 2484 1236 2512 tua
1267 2483 1476 2527 potestate
1506 2470 1693 2526 positum

265 2558 338 2596 est,
370 2559 418 2587 ut
447 2548 500 2588 sis
528 2549 669 2604 palca,
710 2550 778 2589 vel
819 2550 1089 2590 frumentum.
1150 2549 1266 2589 Haec
1305 2566 1383 2589 nos
1426 2549 1580 2588 docere
1622 2548 1694 2586 dc-

267 2626 392 2675 bent‚
429 2637 498 2675 ut,
538 2626 572 2666 si
603 2626 832 2681 aliquando
864 2627 1014 2682 aliquis
1046 2627 1089 2666 in
1120 2626 1512 2678 congregationibus
1540 2623 1694 2665 nostris

389 2771 428 2825 ¹)
460 2772 569 2813 Edd.
601 2773 796 2818 BIerlini:
829 2790 943 2813 vero.
1066 2774 1111 2829 ²)
1142 2773 1228 2814 Cfr.
1261 2772 1413 2814 Matth.
1430 2768 1553 2820 XIII,
1586 2769 1654 2812 48.

385 2841 428 2897 ³)
457 2843 589 2884 Deest
620 2843 719 2895 ‚,in“
751 2844 793 2885 in
824 2844 918 2884 edd.
950 2844 1010 2884 M.
1132 2844 1174 2897 ⁴)
1208 2843 1294 2885 Csr.
1324 2840 1527 2889 LuchII,
1559 2838 1624 2883 17.
