1738 3134
663 180 862 222 Homma
893 181 924 221 Ι.
1453 188 1504 231 19

85 293 297 342 flevimus,
338 294 438 333 «lum
468 293 787 333 recordaremur
817 293 944 334 Sion:
986 293 1026 333 in
1064 294 1258 336 salicibus
1289 297 1331 336 in
1361 299 1504 339 medio

88 369 174 427 ejus
207 369 498 426 suspendimus
532 385 682 421 organa
711 380 866 418 nostra,
900 369 995 424 quia
1025 369 1115 411 illic
1144 371 1505 427 interrogaverunt

85 464 184 497 nos,
217 448 288 503 qui
319 446 504 502 captivos
536 447 742 486 duxerunt
770 462 868 495 nos,
909 447 1034 487 verba
1066 447 1366 492 canticorum.“
1423 453 1507 494 Ista

84 537 180 565 sunt
224 525 396 565 {lumina
434 522 682 580 Babylonis,
728 521 840 578 juxta
886 539 989 578 quae
1029 524 1220 565 sedentes
1260 539 1300 568 et
1338 529 1505 570 remini-

85 614 244 642 scentes
276 601 432 657 patriae
465 598 677 649 coelestis,
709 599 852 651 lugent
881 611 1005 656 atque
1037 602 1282 657 deplorant,
1314 604 1387 644 ubi
1417 623 1505 646 sus-

85 680 276 734 pendunt
307 694 456 730 organa
487 693 572 726 sua,
602 676 644 716 in
675 676 870 717 salicibus
903 677 1005 729 legis
1031 690 1072 718 et
1095 679 1389 736 mysteriomm
1407 681 1504 723 Dei.

86 755 301 811 Scriptum
334 765 394 794 est
423 754 466 794 in
498 753 681 809 quodam
713 752 846 803 libro,
888 754 983 810 quia
1013 755 1213 808 salignam
1244 773 1388 798 omnes
1420 775 1507 799 cre-

85 833 228 873 dentes
259 830 464 886 accipiant
496 846 707 870 eoronam.
756 830 812 870 Et
842 830 883 870 in
914 831 1020 872 lsaia
1051 832 1222 874 dicitur:
1255 834 1443 884 „orietur
1469 836 1505 893 Ι)

85 908 199 964 quasi
228 908 269 948 in
301 908 442 948 medio
475 924 604 963 aquae
636 908 825 957 foenum,
856 919 894 948 et
924 908 1025 948 salix
1051 925 1178 965 super
1203 926 1353 966 aquam
1374 912 1507 953 fluen-

84 990 212 1025 tem.“
270 985 326 1024 Et
363 983 405 1024 in
444 984 710 1025 solemnitate
747 983 852 1034 Dei,
899 985 1067 1040 quando
1108 988 1378 1029 tabernacula
1418 989 1503 1047 ejus

85 1073 419 1117 componuntur,
465 1061 644 1114 salignos
690 1077 827 1102 ramos
868 1061 908 1102 in
949 1063 1317 1105 tabernaculorum
1353 1065 1508 1107 fixione

84 1139 354 1179 constituunt.

193 1215 232 1258 6.
265 1217 422 1265 „Secus
445 1215 487 1270 ²)
528 1214 703 1254 fluvium
746 1214 954 1256 Clnobar.“
1024 1217 1153 1257 Secus
1191 1218 1351 1259 {lumen
1391 1219 1504 1260 istud

83 1292 367 1343 gravissimum
408 1291 575 1332 saeculi.
637 1290 726 1340 „Et
752 1291 795 1346 3)
836 1291 970 1346 aperti
1008 1305 1104 1332 sunt
1144 1294 1265 1335 coeli.
1280 1301 1304 1319 “
1367 1296 1508 1338 Clausi

84 1381 199 1409 crant
231 1368 363 1417 coeli,
407 1380 448 1408 et
478 1369 529 1408 ad
561 1369 787 1408 adventum
819 1367 973 1409 Christi
1004 1369 1137 1424 aperti
1167 1382 1284 1421 sunt,
1322 1384 1369 1413 ut
1398 1389 1508 1414 rese-

80 1446 178 1486 ratis
221 1445 304 1485 illis
351 1445 513 1485 veniret
556 1460 682 1500 super
730 1460 827 1484 eum
870 1444 1039 1500 spiritus
1084 1458 1246 1487 sanctus
1285 1447 1327 1488 in
1363 1450 1504 1505 specie

83 1523 316 1563 columbae.
375 1523 524 1577 Neque
568 1520 680 1561 enim
718 1533 886 1577 poterat
924 1523 975 1563 ad
1013 1539 1090 1563 nos
1129 1540 1388 1576 commeare,
1426 1526 1507 1567 nisi

79 1599 265 1655 primum
296 1600 347 1639 ad
377 1615 473 1639 suae
495 1610 667 1639 naturae
696 1610 936 1639 consortem
961 1599 1254 1642 descendisset.
1294 1602 1502 1651 „Adscen-

82 1676 144 1716 dit
167 1676 246 1732 ⁴)“
276 1677 397 1716 Jesus
428 1675 508 1725 „in
539 1675 692 1724 altum,
725 1675 932 1730 captivam
964 1675 1081 1715 duxit
1112 1677 1412 1731 captivitatem,
1443 1696 1509 1720 ac-

82 1751 195 1808 cepit
236 1753 346 1793 dona
384 1752 426 1792 in
466 1751 718 1792 hominibus.
779 1750 867 1804 Qui
906 1751 1142 1801 descendit,
1183 1751 1273 1807 ipse
1314 1766 1395 1804 est,
1437 1756 1508 1811 qui

82 1829 297 1870 adscendit
346 1845 473 1884 super
521 1845 665 1869 omnes
708 1827 874 1876 coelos,
921 1839 966 1867 ut
1005 1828 1203 1883 impleret
1242 1831 1394 1871 omnia.
1452 1832 1506 1872 Et

82 1907 171 1962 ipse
204 1905 322 1946 dedit
352 1905 456 1946 alios
487 1905 718 1961 apostolos,
758 1903 862 1944 alios
895 1904 1137 1959 prophetas,
1168 1906 1272 1947 alios
1303 1909 1508 1960 evangeli-

82 1995 174 2034 stas,
192 1982 297 2023 alios
320 1993 508 2038 pastores
531 1993 571 2021 et
591 1981 822 2033 magistros,
843 1981 885 2020 in
903 1980 1212 2036 perfectionem
1228 1991 1509 2026 sanctorum.“

195 2060 234 2102 7.
269 2059 447 2115 „Aperti
475 2059 516 2115 ⁵)
548 2070 645 2099 sunt
675 2057 827 2098 coeli.“
877 2059 976 2099 Non
1005 2058 1162 2100 sufficit
1185 2077 1316 2101 unum
1339 2062 1508 2103 coelum

85 2137 259 2193 aperiri:
305 2135 552 2191 aperiuntur
586 2134 782 2190 plurimi,
822 2147 868 2175 ut
907 2136 1160 2176 descendant
1197 2153 1283 2177 non
1321 2139 1372 2179 ab
1407 2156 1507 2189 uno,

84 2214 158 2253 sed
197 2214 248 2253 ab
289 2212 483 2253 omnibus
525 2212 654 2253 coelis
694 2212 830 2265 angeli
869 2213 921 2253 ad
960 2229 1045 2263 eos,
1083 2213 1155 2269 qui
1184 2215 1370 2256 salvandi
1400 2229 1507 2257 sunt.

85 2290 258 2342 Angeli,
311 2289 383 2346 qui
426 2291 735 2330 adscendebant
779 2302 819 2330 et
864 2291 1171 2331 descendebant
1208 2309 1335 2348 super
1371 2293 1506 2334 filium

86 2365 288 2419 hominis,
322 2378 363 2407 et
392 2378 656 2407 accesserunt
686 2367 737 2407 ad
769 2383 886 2417 eum,
920 2379 960 2408 et
989 2367 1279 2409 ministrabant
1310 2369 1361 2411 ei.
1420 2371 1508 2410 De-

85 2443 336 2484 scenderunt
366 2455 505 2484 autem
536 2442 694 2496 angeli,
732 2443 828 2500 quia
859 2444 978 2500 prior
1009 2445 1283 2486 descenderat
1317 2446 1507 2488 Christus

205 2634 244 2690 ¹)
274 2633 397 2674 Jesai.
428 2633 578 2684 XLIV,
610 2633 649 2675 4.
769 2633 811 2689 ²)
841 2633 990 2674 Ezeeh.
1026 2634 1059 2683 I,
1092 2633 1128 2677 1.

198 2704 241 2759 ³)
271 2702 422 2743 Ezech.
454 2703 487 2751 Ῑ,
521 2702 556 2746 1.

199 2771 241 2828 ⁴)
275 2773 359 2814 Cfr.
379 2772 532 2828 Ephes.
546 2773 618 2823 IV,
633 2773 672 2816 8.
706 2774 804 2814 coll.
821 2773 974 2815 Psalm.
996 2772 1191 2823 LXVIII,
1214 2772 1275 2816 18.
1294 2773 1509 2829 (LXVII.)

86 2852 134 2858 —-
167 2828 320 2884 Ephes.
345 2829 416 2878 IV,
449 2827 512 2871 10.
547 2828 611 2871 11.
645 2828 709 2871 12.

202 2899 242 2953 ⁵)
273 2898 423 2940 Ezech.
462 2899 495 2947 I,
529 2897 564 2941 1.

1062 2969 1124 3011 2*
