1759 3134
676 122 928 166 PROLOGUS.
1431 131 1519 177 295

90 237 273 280 hominis
303 236 594 292 significantias
632 248 793 291 gerunt.
851 235 928 276 Est
951 235 991 292 ¹)
1034 252 1131 291 ergo
1174 239 1400 282 materialis
1439 242 1514 284 hu-

87 316 150 374 jus
181 315 384 366 hominis,
425 316 497 371 qui
536 328 578 357 et
617 315 798 356 exterior
835 313 1098 370 appellatur,
1141 315 1257 358 cibus
1297 330 1512 377 potusque

88 406 262 436 naturae
291 408 387 435 suae
419 405 639 446 cognatus,
674 407 904 448 corporeus
932 390 1011 432 iste
1041 392 1203 434 scilicet
1233 405 1275 435 et
1304 406 1508 439 terrenus.

88 472 295 515 Similiter
330 481 470 512 autem
510 484 551 512 et
587 469 814 527 spiritualis
857 468 1038 510 hominis
1077 468 1229 525 ipsius,
1273 471 1347 527 qui
1377 484 1419 515 et
1447 474 1512 516 in.

88 550 219 591 terior
250 548 417 600 dicitur,
449 560 510 589 est
538 548 736 605 proprius
769 547 898 597 cibus,
926 558 975 588 ut
1004 546 1122 603 panis
1153 547 1228 588 ille
1260 547 1400 601 vivus,
1438 568 1511 608 qm

86 629 138 668 de
179 627 301 668 coelo
343 627 571 668 descendit.
631 627 717 668 Sed
756 636 798 666 et
834 636 961 682 potus
997 625 1073 666 ille
1116 638 1177 667 est
1208 642 1256 667 ex
1285 626 1359 667 illa
1389 645 1508 686 aqua,

84 720 211 760 quam
249 704 464 760 promittit
492 705 636 755 Jesus,
678 703 840 745 dicens:
884 703 1160 761 „quicunque
1184 701 1226 758 2)
1264 703 1422 747 biberit
1463 724 1513 749 ex

81 782 158 823 hac
187 798 307 839 aqua,
339 798 465 839 quam
496 798 572 834 ego
606 782 661 823 do
692 781 754 833 ei,
783 797 870 822 non
900 780 1016 822 sitiet
1046 781 1088 822 in
1117 787 1376 824 aeternum.“
1437 784 1510 827 Sic

83 875 181 913 ergo
211 875 290 915 per
319 859 460 901 omnia
489 859 722 902 similitudo
746 859 919 916 quidem
939 859 1249 901 vocabulorum
1275 863 1510 904 secundum

81 949 308 994 utrumque
346 936 564 979 hominem
601 937 794 994 ponitur:
834 953 975 979 rerum
1005 952 1106 979 vero
1148 938 1386 995 proprietas
1414 941 1508 982 uni-

83 1014 234 1071 cuique
273 1013 452 1056 discreta
489 1027 695 1066 servatur,
743 1026 785 1056 et
829 1014 1097 1071 corruptibili
1125 1015 1167 1072 3)
1215 1017 1510 1074 corruptibilia

79 1093 359 1150 praebentur,
399 1092 716 1151 incorruptibili
755 1109 856 1135 vero
887 1092 1229 1150 incorruptibilia
1257 1111 1510 1153 proponun-

80 1182 160 1212 tur.
221 1170 346 1212 Unde
375 1170 550 1221 accidit,
592 1183 639 1212 ut
669 1170 950 1227 simpliciores
982 1170 1154 1227 quidam
1181 1172 1416 1216 nescientes
1447 1175 1510 1217 di-

79 1248 293 1302 stinguere
324 1265 371 1289 ac
401 1264 642 1299 secernere,
675 1264 780 1305 quae
811 1248 916 1299 sint,
947 1264 1052 1305 quae
1082 1248 1124 1290 in
1156 1249 1372 1306 scripturis
1403 1251 1510 1294 divi-

77 1326 141 1367 nis
171 1325 364 1367 interiori
387 1325 573 1376 homini,
618 1341 723 1383 quae
768 1341 869 1367 vero
915 1326 1112 1367 exteriori
1145 1328 1386 1384 deputanda
1413 1329 1508 1380 sint,

76 1404 388 1445 vocabulorum
429 1403 775 1445 similitudinibus
817 1403 911 1445 falsi
940 1405 994 1445 ad
1023 1403 1186 1460 ineptas
1218 1406 1417 1461 quasdam
1447 1408 1509 1448 fa-

77 1482 197 1525 bulas
229 1494 269 1524 et
299 1483 497 1535 figmenta
526 1481 666 1524 inania
694 1498 737 1523 se
771 1481 1029 1523 contulerint
1054 1479 1119 1538 4);
1160 1494 1207 1523 ut
1248 1482 1375 1526 etiam
1407 1497 1507 1542 post

78 1560 431 1602 resurrectionem
463 1559 566 1601 cibis
597 1559 890 1617 corporalibus
920 1561 1128 1602 utendum
1157 1561 1392 1613 crederent,
1427 1579 1507 1618 po·-

78 1651 253 1696 tumque
283 1639 537 1680 sumendum
565 1654 653 1679 non
683 1638 826 1679 solum
856 1654 903 1678 ex
933 1637 1007 1678 illa
1026 1637 1110 1679 vite
1130 1654 1241 1689 vera,
1274 1651 1316 1680 et
1337 1639 1508 1683 vivente

79 1715 122 1757 in
151 1717 338 1766 saecula,
376 1732 524 1758 verum
564 1728 604 1757 et
645 1732 694 1757 cx
735 1715 798 1757 his
828 1714 984 1757 vitibus
1016 1727 1057 1756 et
1083 1715 1126 1772 5)
1155 1716 1361 1758 fructibus
1392 1717 1506 1772 ligni.

77 1795 163 1836 Sed
205 1794 258 1834 de
302 1793 365 1835 his
403 1794 503 1836 alias
534 1793 781 1835 videbimus.
842 1795 965 1835 Nunc
996 1809 1119 1847 ergo,
1156 1806 1204 1836 ut
1233 1797 1505 1853 praecedenti

78 1871 372 1913 observatione
390 1872 671 1923 distinximus,
704 1884 764 1914 est
792 1871 965 1930 quidem
996 1874 1229 1914 secundum
1258 1873 1504 1918 interiorem

75 1950 292 1992 hominem
330 1950 435 1991 alius
473 1950 560 1992 sine
597 1950 694 1992 filiis
733 1962 775 1992 et
804 1949 980 2001 sterilis,
1018 1950 1124 1993 alius
1154 1967 1256 1993 vero
1287 1954 1504 1996 abundans

73 2028 115 2070 in
162 2028 274 2070 filiis.
350 2029 594 2070 Secundum
634 2029 751 2086 quod
792 2040 833 2070 et
867 2028 978 2070 illud
1019 2029 1276 2071 advertimus
1318 2030 1505 2073 dictum:

75 2106 263 2158 „sterilis
286 2106 330 2164 ⁶)
368 2107 537 2163 peperit
577 2119 762 2164 septem,
802 2119 842 2147 et
879 2108 1060 2149 fecunda
1094 2107 1136 2148 in
1166 2107 1265 2149 filiis
1295 2107 1504 2152 infirmata

73 2191 176 2226 est.“
234 2185 291 2226 Et
328 2196 378 2225 ut
416 2184 459 2226 in
497 2184 864 2227 benedictionibus
903 2185 1079 2228 dicitur:
1131 2202 1254 2237 „non
1279 2187 1320 2244 ⁷)
1353 2188 1431 2229 erit
1460 2188 1505 2230 iu

71 2263 192 2306 vobis
222 2263 310 2306 sine
339 2262 437 2305 filiis
469 2276 510 2306 et
538 2264 734 2307 sterilis.“
795 2262 929 2317 Igitur
968 2263 1004 2307 si
1041 2265 1144 2308 haec
1172 2264 1231 2308 ita
1259 2282 1304 2307 sc
1333 2266 1503 2318 habent,

191 2482 230 2540 ¹)
261 2482 370 2524 Edd.
403 2479 599 2522 Merlini:
629 2481 732 2524 Esto
766 2499 864 2539 ergo
897 2496 974 2527 etc.

187 2554 232 2609 ²)
261 2554 339 2595 Ev.
369 2553 518 2594 Joann.
550 2552 623 2603 lV,
655 2552 720 2597 14.
754 2578 805 2587 -
836 2557 969 2599 Deest
999 2557 1114 2609 „ei“
1148 2556 1192 2600 in
1222 2557 1317 2601 edd.
1352 2560 1412 2601 M.

186 2624 231 2680 ³)
259 2624 394 2665 Deest
423 2622 728 2680 „corruptibili
742 2630 767 2650 “
796 2625 841 2668 in
871 2629 936 2669 ed.
967 2628 1019 2670 R.

188 2695 231 2751 ⁴)
261 2695 371 2736 Edd.
402 2693 594 2735 Merlini:
628 2696 909 2739 contulerunt.

188 2766 231 2822 5)
262 2766 428 2806 Desunt
457 2765 603 2805 verba:
634 2777 704 2815 „et
732 2766 979 2820 fructibus,“
1011 2771 1053 2813 in
1083 2771 1202 2813 libris
1227 2783 1346 2813 antea
1372 2771 1495 2814 editis

73 2825 129 2883 (e.
163 2840 196 2866 c.
227 2822 324 2863 edd.
356 2820 462 2878 Μ),
493 2821 567 2862 sed
597 2822 802 2865 habentur
832 2825 874 2867 in
905 2827 1004 2870 Mss.
1053 2829 1236 2870 Ruaeus.

188 2894 232 2951 ὃ)
264 2893 414 2942 ISam.
445 2892 502 2944 II,
533 2892 570 2936 5.
605 2892 645 2950 (Ι
664 2894 811 2952 Regg.)
933 2897 975 2955 ⁷)
1006 2897 1141 2942 Exod.
1172 2898 1340 2952 XXIII,
1374 2899 1442 2945 26.
