1759 3134
479 892 1068 956 PROLOGUS

71 1036 202 1085 beati
247 1036 537 1101 Hieronymi
579 1037 863 1103 presbyteri
906 1037 968 1086 ad
1004 1040 1274 1088 Damasum
1308 1055 1487 1104 papam

73 1127 125 1177 in
173 1127 537 1194 expositionem
589 1129 783 1180 Cantici
836 1129 1160 1180 Cantieorum
1211 1129 1491 1180 secundum

650 1219 920 1285 Originem.

300 1470 548 1512 Beatissimo
579 1486 714 1528 papae
743 1471 929 1513 Damaso
959 1470 1256 1531 Hieronymus.

82 1589 389 1671 Origenes1),
421 1631 517 1656 cum
547 1613 590 1654 in
622 1614 770 1656 ceteris
802 1615 920 1656 libris
952 1630 1097 1656 omnes
1128 1613 1288 1664 vicerit,
1319 1613 1362 1655 in
1383 1614 1489 1656 Can-

78 1694 162 1736 tico
196 1691 469 1735 Cantieorum
497 1690 588 1745 ipse
626 1707 670 1731 se
700 1691 813 1733 vicit.
872 1693 980 1733 Nam
1018 1693 1166 1732 decem
1202 1691 1493 1732 voluminibus

81 1769 310 1827 explicitis,
356 1784 460 1824 quae
508 1769 561 1808 ad
599 1766 746 1821 viginti
781 1786 913 1827 usque
960 1786 1158 1811 versuum
1201 1769 1336 1811 millia
1384 1786 1495 1826 pene

81 1847 332 1907 perveniunt
353 1847 422 1901 ²),
474 1845 661 1902 primum
712 1847 972 1903 septuaginta
1014 1847 1287 1904 interpretes,
1345 1847 1498 1889 deinde

82 1926 281 1983 Aquilam
320 1936 362 1965 et
405 1924 704 1982 Symmachum
754 1936 795 1965 et
833 1925 1199 1978 Theodotionem,
1248 1938 1290 1967 et
1337 1926 1390 1966 ad
1430 1942 1498 1966 ex-

79 2017 263 2047 tremum
294 2003 483 2059 quintam
513 2001 766 2054 editionem,
807 2019 934 2060 quam
972 2003 1015 2044 in
1046 2004 1171 2045 Actio
1210 2004 1355 2044 littore
1385 2003 1500 2044 inve-

83 2083 191 2125 nisse
228 2098 271 2122 se
309 2080 474 2132 scribit,
518 2081 576 2122 ita
615 2081 834 2135 magnifice
872 2093 1100 2138 aperteque
1114 2082 1158 2138 3)
1189 2081 1403 2131 disseruit,
1453 2092 1500 2122 ut

84 2162 180 2204 inde
209 2159 315 2202 mihi
342 2159 532 2201 videatur
561 2160 605 2200 in
634 2176 685 2201 eo
717 2160 980 2216 completum
1010 2176 1120 2212 esse,
1166 2161 1284 2218 quod
1321 2158 1498 2201 dicitur:

85 2237 353 2292 „introduxit
376 2237 417 2295 ⁴¹)
457 2255 526 2280 me
554 2254 626 2280 rex
655 2238 699 2280 in
730 2238 972 2281 cubiculum
1009 2244 1183 2281 suum.“
1242 2240 1391 2297 Itaque
1421 2237 1499 2280 illo

86 2356 129 2363 ...ω

204 2424 244 2478 ¹)
278 2423 362 2465 Cfr.
397 2422 490 2463 edd.
521 2423 691 2465 Merlin.
723 2425 821 2466 Vol.
840 2425 873 2467 I.
905 2424 1100 2465 Tom.II.
1129 2424 1227 2465 Fol.
1244 2423 1366 2464 LXII
1385 2439 1498 2479 seqq.

87 2508 138 2515 ——
170 2481 278 2522 Edd.
309 2478 482 2521 Merlini
511 2480 621 2521 hunc
654 2480 849 2522 exhibent
877 2481 1071 2523 titulum:
1115 2479 1366 2536 Epistolaris
1396 2496 1498 2535 pro-

86 2541 206 2591 logus
237 2535 352 2576 beati
380 2535 630 2593 Hieronymi
657 2538 894 2596 presbyteri
932 2540 985 2579 ad
1014 2539 1244 2579 Damasum
1273 2552 1429 2592 papam
1458 2535 1502 2576 in

88 2593 396 2651 expositionem
445 2593 595 2634 cantici
642 2594 901 2650 epithalamii
949 2595 1223 2637 Canticorum
1269 2594 1502 2634 secundum

89 2651 323 2703 Originem,
352 2647 468 2705 cujus
499 2649 733 2691 doctrinam
765 2663 806 2692 et
836 2652 1124 2708 eloquentiam
1155 2650 1349 2690 laudibus
1379 2651 1503 2690 effert

88 2708 242 2749 mirum
273 2707 316 2747 in
344 2705 521 2745 modum
552 2705 666 2747 idem
695 2707 989 2766 Hieronymus.
1034 2707 1230 2765 Epistola
1258 2707 1387 2748 XLV.

206 2778 249 2833 2)
280 2776 388 2817 Edd.
419 2774 615 2816 Merlini:
646 2790 938 2833 pervenerunt.

207 2848 250 2904 ³)
281 2846 390 2887 Edd.
421 2844 617 2887 Merlini:
648 2857 841 2904 apteque.

210 2918 252 2978 ⁴)
286 2914 444 2959 Cantic.
476 2916 508 2968 Ι,
539 2915 579 2960 4.
