1738 3134
208 136 265 180 38
605 135 826 178 Omssssms
857 149 901 178 m
936 135 1230 178 EzEcmELEM

210 248 252 288 in
283 246 469 297 desertis,
497 263 665 303 semper
694 247 737 288 in
767 248 1064 290 solitudinibus
1094 260 1326 289 morantur.
1383 249 1637 306 Ubicunque

211 325 323 366 enim
351 324 488 365 anima
516 325 728 366 habitatur
757 340 779 366 a
809 326 927 376 Deo,
965 338 1005 366 et
1037 326 1201 382 Spiritu
1231 337 1375 366 sancto
1407 327 1531 382 plena
1563 340 1636 378 est,

210 401 272 441 ibi
300 417 388 442 non
417 412 558 457 potest
587 402 896 443 haereticorum
922 403 1113 444 doctrina
1142 414 1387 458 penetrare,
1418 420 1496 444 nec
1527 404 1638 444 valet

213 494 361 519 eorum
399 494 538 520 sermo
578 496 866 536 perrumpere.
938 480 1024 521 Ubi
1069 492 1208 520 autem
1253 479 1441 521 solitudo
1485 480 1640 522 Christi

214 567 287 606 cst,
316 556 391 597 ubi
421 557 633 598 desertum
663 556 859 615 justitiae,
890 557 950 597 ibi
982 557 1258 614 nequissimae
1291 557 1538 612 disciplinae
1573 576 1641 598 ve-

213 648 321 674 nena
350 645 577 675 versantur.
638 634 804 675 Idcirco
841 633 982 682 „sicut
1011 636 1047 688 ¹)
1082 636 1253 690 vulpes,
1284 635 1362 685 ait,
1394 634 1437 675 in
1467 635 1641 676 desertis

212 710 444 766 prophetae
475 714 536 752 tui
568 712 742 753 Israel.“
801 713 925 761 „Non
954 712 995 767 ²)
1027 723 1231 752 steterunt
1262 712 1304 753 in
1333 713 1641 752 firmamentof‘

212 786 259 828 Si
298 787 564 829 considerare
610 788 795 829 volueris
834 788 1075 840 magistros,
1125 789 1287 830 videbis
1326 806 1398 829 eos
1437 789 1642 839 infirmos,

212 864 438 915 instabiles,
468 878 508 906 et
537 883 623 907 non
650 866 835 906 valentes
867 865 1026 906 dicere:
1060 867 1232 917 „statuit
1257 868 1298 923 ³)
1329 884 1453 923 supra
1475 879 1642 923 petram

210 943 340 997 pedes
370 959 501 993 meos,
533 955 573 983 et
604 942 754 983 direxit
784 958 943 994 gressus
974 951 1134 985 meos.“
1192 945 1247 985 Et
1285 944 1382 1000 quia
1419 960 1506 984 non
1545 956 1640 984 sunt

210 1019 313 1060 tales
344 1031 390 1061 ut
421 1020 634 1070 steterint,
676 1022 848 1061 robusta
876 1020 1015 1060 radice
1046 1021 1232 1071 fundati,
1272 1020 1371 1061 ideo
1401 1037 1488 1060 non
1517 1032 1643 1060 stete-

211 1107 308 1136 runt
346 1096 390 1136 in
427 1097 720 1147 firmamento,
763 1098 836 1137 sed
880 1097 1119 1139 dilexerunt
1156 1114 1330 1138 movere
1369 1098 1500 1153 pedes
1529 1114 1638 1138 suos.

210 1170 285 1212 Est
316 1185 455 1213 autem
487 1186 528 1214 et
558 1176 639 1214 hoc
669 1174 821 1225 grande
853 1186 1096 1229 peccatum,
1135 1175 1284 1215 saltem
1313 1174 1536 1229 paululum
1567 1191 1641 1229 pe-

211 1249 285 1288 des
323 1266 518 1300 movere,
557 1262 604 1290 ut
633 1250 774 1290 David
814 1251 1029 1306 psalmista
1071 1251 1200 1292 canit:
1243 1267 1407 1306 „quam
1431 1249 1472 1306 4)
1503 1252 1640 1292 bonus

209 1325 338 1366 Israel
369 1327 486 1367 Deus
524 1327 648 1368 rectis
691 1328 832 1368 corde.
892 1328 983 1370 Mei
1023 1346 1123 1370 vero
1167 1344 1276 1384 pene
1309 1327 1515 1368 commoti
1545 1340 1642 1369 sunt

208 1403 385 1457 pedes.“
460 1403 615 1445 Beatus
654 1404 729 1445 ille
766 1406 1036 1461 multumque
1075 1405 1198 1455 felix,
1242 1404 1310 1444 cui
1348 1405 1640 1447 robustissime

207 1479 452 1521 consistenti
480 1481 624 1523 firmos
655 1482 820 1523 animae
851 1484 982 1538 pedes
1012 1483 1165 1522 habere
1196 1498 1442 1523 concessum
1463 1494 1536 1533 est,
1569 1484 1641 1539 qui

209 1556 354 1598 audire
391 1574 414 1598 a
442 1558 540 1599 Deo
573 1560 720 1613 dignus
761 1572 843 1601 est:
883 1571 964 1610 „tu
992 1561 1034 1616 ⁵)
1066 1576 1167 1601 vero
1199 1571 1262 1601 sta
1289 1566 1500 1601 mecum.“
1557 1562 1641 1601 Ve-

208 1651 304 1674 rum
333 1651 420 1674 non
449 1636 553 1677 tales
584 1637 1008 1692 pseudoprophetae,
1047 1654 1134 1678 non
1174 1638 1278 1678 tales
1309 1637 1405 1678 salsi
1433 1638 1639 1691 magistri:

208 1727 344 1766 neque
377 1711 489 1752 enim
518 1713 577 1754 sic
607 1725 812 1754 steterunt
843 1713 887 1753 in
916 1714 1197 1756 firmamento.

320 1789 358 1832 5.
390 1789 480 1838 „Et
501 1791 543 1844 ⁵)
579 1793 884 1844 congregabant
913 1807 1056 1844 greges
1085 1808 1212 1848 super
1243 1793 1420 1833 domum
1448 1792 1639 1832 Israel:“

207 1882 312 1920 quos
344 1867 514 1917 ‹Io-cent,
544 1884 651 1923 quos
680 1868 915 1917 instituunt,
947 1868 1033 1909 sive
1058 1869 1258 1910 haeretici
1278 1871 1431 1922 dogma
1458 1869 1640 1925 impium

205 1924 513 1997 praedicantes,
551 1945 639 1985 sive
675 1946 771 1986 falsi
816 1945 999 1996 magistri
1031 1945 1291 2001 decipientes
1323 1963 1416 1996 eos,
1457 1963 1639 2002 quorum

207 2035 327 2060 aures
357 2019 574 2075 pruriunt,
613 2022 817 2075 colligunt
847 2037 989 2074 greges
1018 2022 1289 2063 schismatum
1319 2024 1541 2063 adversum
1573 2039 1639 2064 ec-

207 2096 376 2137 clesiam
405 2097 514 2146 Dei,
552 2098 773 2139 adversum
804 2100 981 2139 domum
1010 2099 1152 2139 Israel.
1213 2101 1340 2150 „Non
1365 2099 1408 2157 ⁷)
1449 2117 1638 2141 surrexe-

205 2185 325 2224 runt,
363 2175 435 2230 qui
475 2175 681 2217 dicerent:
727 2177 771 2218 in
812 2177 879 2217 die
919 2175 1100 2216 Domini
1136 2177 1240 2218 falsa
1277 2177 1507 2219 videntes.“
1580 2178 1636 2219 Hi

206 2267 293 2307 non
318 2266 603 2305 surrexerunt3
636 2254 704 2296 isti
733 2271 833 2295 vero
861 2265 1074 2306 surgentes
1108 2254 1272 2296 dicunt:
1305 2254 1571 2309 „consepulti
1592 2255 1635 2310 ⁸)

209 2344 351 2369 sumus
373 2329 539 2371 Christo
571 2348 648 2387 per
677 2332 898 2388 baptisma,
931 2343 971 2372 et
1002 2332 1337 2374 consurreximus
1370 2331 1447 2373 ei.“
1497 2332 1637 2373 Habe-

324 2526 366 2579 1)
395 2525 545 2567 Ezech.
574 2527 694 2576 XIII,
727 2527 765 2569 4.
887 2529 929 2580 ²)
962 2528 1114 2568 Ezech.
1145 2528 1267 2577 XIII,
1298 2527 1336 2569 5.

322 2594 365 2647 ³)
398 2595 558 2636 Psalm..
584 2597 673 2646 XL,
704 2596 743 2639 2.
777 2597 1023 2654 (XXXIX.)

326 2665 368 2718 ⁴²)
398 2665 553 2706 Psalm.
584 2667 783 2717 LXXIII,
817 2667 852 2709 1.
884 2666 923 2709 2.
955 2669 1174 2725 (LXXII.)

324 2735 366 2787 ⁵)
398 2735 527 2776 Deut.
558 2738 613 2786 V,
640 2736 708 2780 31.

320 2805 363 2860 ⁶)
393 2805 545 2846 Ezech.
576 2807 697 2857 XIII,
729 2808 768 2850 5.
802 2831 851 2838 ·-
883 2807 992 2848 Edd.
1026 2809 1220 2850 Merlini:
1252 2809 1573 2860 congregabunt³

324 2876 363 2931 7)
396 2876 547 2919 Ezech.
579 2877 703 2927 XIII,
733 2877 770 2920 5.
804 2877 843 2920 6-
963 2879 1010 2935 Β)
1045 2879 1130 2921 Cfr.
1163 2880 1287 2921 Rom.
1322 2879 1395 2928 VI,
1425 2878 1462 2920 4.
