<?xml version="1.0" encoding="UTF-8"?>
<!DOCTYPE html PUBLIC "-//W3C//DTD XHTML 1.0 Transitional//EN"
    "http://www.w3.org/TR/xhtml1/DTD/xhtml1-transitional.dtd">
<html xmlns="http://www.w3.org/1999/xhtml" xml:lang="en" lang="en">
 <head>
  <title>
</title>
<meta http-equiv="Content-Type" content="text/html;charset=utf-8" />
  <meta name='ocr-system' content='tesseract 3.04.00' />
  <meta name='ocr-capabilities' content='ocr_page ocr_carea ocr_par ocr_line ocrx_word'/>
</head>
<body>
  <div class='ocr_page' id='page_1' title='image "./operaomniaquaegr14orig/operaomniaquaegr14orig_0286.png"; bbox 0 0 1759 3134; ppageno 0'>
   <div class='ocr_carea' id='block_1_1' title="bbox 268 95 1401 141">
    <p class='ocr_par' dir='ltr' id='par_1_1' title="bbox 268 95 1401 141">
     <span class='ocr_line' id='line_1_1' title="bbox 268 95 1401 141; baseline 0 -2"><span class='ocrx_word' id='word_1_1' title='bbox 268 97 353 141; x_wconf 85' lang='lat'><strong>270</strong></span> <span class='ocrx_word' id='word_1_2' title='bbox 561 97 782 138; x_wconf 69' lang='lat' dir='ltr'><strong>Omonms</strong></span> <span class='ocrx_word' id='word_1_3' title='bbox 807 108 854 136; x_wconf 76' lang='lat' dir='ltr'><strong>m</strong></span> <span class='ocrx_word' id='word_1_4' title='bbox 885 95 1068 137; x_wconf 71' lang='lat' dir='ltr'><strong>CAN&#39;rm.</strong></span> <span class='ocrx_word' id='word_1_5' title='bbox 1100 96 1401 140; x_wconf 66' lang='lat' dir='ltr'><strong>Cmnconum</strong></span> 
     </span>
    </p>
   </div>
   <div class='ocr_carea' id='block_1_2' title="bbox 262 209 1698 1738">
    <p class='ocr_par' dir='ltr' id='par_1_2' title="bbox 262 209 1698 1738">
     <span class='ocr_line' id='line_1_2' title="bbox 271 209 1689 267; baseline 0.001 -15"><span class='ocrx_word' id='word_1_6' title='bbox 271 212 412 253; x_wconf 87' lang='lat' dir='ltr'><strong>corde.</strong></span> <span class='ocrx_word' id='word_1_7' title='bbox 472 211 570 251; x_wconf 87' lang='lat' dir='ltr'><strong>Non</strong></span> <span class='ocrx_word' id='word_1_8' title='bbox 602 221 663 250; x_wconf 89' lang='lat' dir='ltr'><strong>est</strong></span> <span class='ocrx_word' id='word_1_9' title='bbox 693 209 952 249; x_wconf 86' lang='lat' dir='ltr'><strong>inordinatus</strong></span> <span class='ocrx_word' id='word_1_10' title='bbox 983 224 1122 249; x_wconf 83' lang='lat' dir='ltr'><strong>sermo</strong></span> <span class='ocrx_word' id='word_1_11' title='bbox 1164 210 1351 261; x_wconf 84' lang='lat' dir='ltr'><strong>divinus,</strong></span> <span class='ocrx_word' id='word_1_12' title='bbox 1387 226 1464 251; x_wconf 87' lang='lat' dir='ltr'><strong>nec</strong></span> <span class='ocrx_word' id='word_1_13' title='bbox 1499 212 1689 267; x_wconf 84' lang='lat' dir='ltr'><strong>impossi—</strong></span> 
     </span>
     <span class='ocr_line' id='line_1_3' title="bbox 270 286 1690 344; baseline 0 -14"><span class='ocrx_word' id='word_1_14' title='bbox 270 289 374 330; x_wconf 82' lang='lat' dir='ltr'>bilia</span> <span class='ocrx_word' id='word_1_15' title='bbox 403 287 609 344; x_wconf 74' lang='lat' dir='ltr'>praecipit</span> <span class='ocrx_word' id='word_1_16' title='bbox 633 287 696 342; x_wconf 88' lang='lat'><strong>¹),</strong></span> <span class='ocrx_word' id='word_1_17' title='bbox 733 303 811 327; x_wconf 89' lang='lat' dir='ltr'><strong>nec</strong></span> <span class='ocrx_word' id='word_1_18' title='bbox 852 286 975 327; x_wconf 85' lang='lat' dir='ltr'><strong>dicit:</strong></span> <span class='ocrx_word' id='word_1_19' title='bbox 1016 286 1178 339; x_wconf 80' lang='lat' dir='ltr'><strong>diligite</strong></span> <span class='ocrx_word' id='word_1_20' title='bbox 1217 287 1413 329; x_wconf 86' lang='lat' dir='ltr'><strong>inimicos</strong></span> <span class='ocrx_word' id='word_1_21' title='bbox 1452 300 1609 329; x_wconf 84' lang='lat' dir='ltr'><strong>vestros</strong></span> <span class='ocrx_word' id='word_1_22' title='bbox 1645 302 1690 330; x_wconf 86' lang='lat' dir='ltr'><strong>ut</strong></span> 
     </span>
     <span class='ocr_line' id='line_1_4' title="bbox 270 349 1691 421; baseline -0.001 -15"><span class='ocrx_word' id='word_1_23' title='bbox 270 377 436 407; x_wconf 80' lang='lat' dir='ltr'><strong>vosmet</strong></span> <span class='ocrx_word' id='word_1_24' title='bbox 464 366 601 421; x_wconf 87' lang='lat' dir='ltr'><strong>ipsos:</strong></span> <span class='ocrx_word' id='word_1_25' title='bbox 631 365 705 405; x_wconf 89' lang='lat' dir='ltr'><strong>sed</strong></span> <span class='ocrx_word' id='word_1_26' title='bbox 735 375 917 406; x_wconf 83' lang='lat' dir='ltr'><strong>tantum:</strong></span> <span class='ocrx_word' id='word_1_27' title='bbox 951 363 1149 416; x_wconf 82' lang='lat' dir='ltr'><strong>„diligite</strong></span> <span class='ocrx_word' id='word_1_28' title='bbox 1174 365 1217 420; x_wconf 77' lang='lat'>²)</span> <span class='ocrx_word' id='word_1_29' title='bbox 1248 365 1442 406; x_wconf 87' lang='lat' dir='ltr'><strong>inimicos</strong></span> <span class='ocrx_word' id='word_1_30' title='bbox 1472 349 1691 405; x_wconf 36' lang='lat' dir='ltr'><strong>vestrosff‘</strong></span> 
     </span>
     <span class='ocr_line' id='line_1_5' title="bbox 270 442 1693 499; baseline -0.001 -15"><span class='ocrx_word' id='word_1_31' title='bbox 270 443 447 493; x_wconf 83' lang='lat' dir='ltr'><strong>sufficit,</strong></span> <span class='ocrx_word' id='word_1_32' title='bbox 479 444 593 499; x_wconf 93' lang='lat' dir='ltr'><strong>quod</strong></span> <span class='ocrx_word' id='word_1_33' title='bbox 626 459 697 483; x_wconf 87' lang='lat' dir='ltr'><strong>eos</strong></span> <span class='ocrx_word' id='word_1_34' title='bbox 727 443 963 494; x_wconf 83' lang='lat' dir='ltr'><strong>diligimus,</strong></span> <span class='ocrx_word' id='word_1_35' title='bbox 995 453 1035 482; x_wconf 81' lang='lat' dir='ltr'><strong>et</strong></span> <span class='ocrx_word' id='word_1_36' title='bbox 1067 442 1168 482; x_wconf 90' lang='lat' dir='ltr'><strong>odio</strong></span> <span class='ocrx_word' id='word_1_37' title='bbox 1199 459 1284 482; x_wconf 91' lang='lat' dir='ltr'><strong>non</strong></span> <span class='ocrx_word' id='word_1_38' title='bbox 1315 443 1528 484; x_wconf 87' lang='lat' dir='ltr'><strong>habemus.</strong></span> <span class='ocrx_word' id='word_1_39' title='bbox 1587 442 1693 483; x_wconf 89' lang='lat' dir='ltr'><strong>Pro-</strong></span> 
     </span>
     <span class='ocr_line' id='line_1_6' title="bbox 269 519 1694 576; baseline -0.001 -15"><span class='ocrx_word' id='word_1_40' title='bbox 269 521 428 562; x_wconf 79' lang='lat' dir='ltr'><strong>ximum</strong></span> <span class='ocrx_word' id='word_1_41' title='bbox 467 536 568 560; x_wconf 80' lang='lat' dir='ltr'><strong>vero</strong></span> <span class='ocrx_word' id='word_1_42' title='bbox 607 532 652 561; x_wconf 91' lang='lat' dir='ltr'><strong>ut</strong></span> <span class='ocrx_word' id='word_1_43' title='bbox 691 532 732 561; x_wconf 87' lang='lat' dir='ltr'><strong>te</strong></span> <span class='ocrx_word' id='word_1_44' title='bbox 774 520 927 576; x_wconf 88' lang='lat' dir='ltr'><strong>ipsum.</strong></span> <span class='ocrx_word' id='word_1_45' title='bbox 986 519 1123 560; x_wconf 88' lang='lat' dir='ltr'><strong>Porro</strong></span> <span class='ocrx_word' id='word_1_46' title='bbox 1154 520 1296 559; x_wconf 87' lang='lat' dir='ltr'><strong>Deum</strong></span> <span class='ocrx_word' id='word_1_47' title='bbox 1338 537 1386 560; x_wconf 86' lang='lat' dir='ltr'><strong>ex</strong></span> <span class='ocrx_word' id='word_1_48' title='bbox 1426 532 1518 560; x_wconf 90' lang='lat' dir='ltr'><strong>toto</strong></span> <span class='ocrx_word' id='word_1_49' title='bbox 1551 520 1694 567; x_wconf 88' lang='lat' dir='ltr'><strong>corde,</strong></span> 
     </span>
     <span class='ocr_line' id='line_1_7' title="bbox 271 596 1693 654; baseline -0.001 -15"><span class='ocrx_word' id='word_1_50' title='bbox 271 610 312 639; x_wconf 86' lang='lat' dir='ltr'><strong>et</strong></span> <span class='ocrx_word' id='word_1_51' title='bbox 333 599 376 654; x_wconf 81' lang='grc'><strong>3)</strong></span> <span class='ocrx_word' id='word_1_52' title='bbox 411 614 458 639; x_wconf 87' lang='lat' dir='ltr'><strong>ex</strong></span> <span class='ocrx_word' id='word_1_53' title='bbox 488 609 577 638; x_wconf 89' lang='lat' dir='ltr'><strong>tota</strong></span> <span class='ocrx_word' id='word_1_54' title='bbox 606 598 758 647; x_wconf 85' lang='lat' dir='ltr'><strong>anima,</strong></span> <span class='ocrx_word' id='word_1_55' title='bbox 789 609 830 638; x_wconf 82' lang='lat' dir='ltr'><strong>et</strong></span> <span class='ocrx_word' id='word_1_56' title='bbox 861 614 908 637; x_wconf 87' lang='lat' dir='ltr'><strong>ex</strong></span> <span class='ocrx_word' id='word_1_57' title='bbox 938 609 1026 638; x_wconf 80' lang='lat' dir='ltr'><strong>tota</strong></span> <span class='ocrx_word' id='word_1_58' title='bbox 1057 609 1225 647; x_wconf 84' lang='lat' dir='ltr'><strong>mente,</strong></span> <span class='ocrx_word' id='word_1_59' title='bbox 1256 609 1297 638; x_wconf 85' lang='lat' dir='ltr'><strong>et</strong></span> <span class='ocrx_word' id='word_1_60' title='bbox 1327 614 1375 637; x_wconf 82' lang='lat' dir='ltr'><strong>ex</strong></span> <span class='ocrx_word' id='word_1_61' title='bbox 1405 608 1495 637; x_wconf 90' lang='lat' dir='ltr'><strong>tota</strong></span> <span class='ocrx_word' id='word_1_62' title='bbox 1523 596 1693 638; x_wconf 82' lang='lat' dir='ltr'><strong>virtute.</strong></span> 
     </span>
     <span class='ocr_line' id='line_1_8' title="bbox 269 674 1694 731; baseline -0.002 -14"><span class='ocrx_word' id='word_1_63' title='bbox 269 676 316 718; x_wconf 86' lang='lat' dir='ltr'><strong>Si</strong></span> <span class='ocrx_word' id='word_1_64' title='bbox 335 677 438 716; x_wconf 85' lang='lat' dir='ltr'><strong>haec</strong></span> <span class='ocrx_word' id='word_1_65' title='bbox 462 676 733 724; x_wconf 78' lang='lat' dir='ltr'><strong>intellexeris,</strong></span> <span class='ocrx_word' id='word_1_66' title='bbox 766 687 806 715; x_wconf 89' lang='lat' dir='ltr'><strong>et</strong></span> <span class='ocrx_word' id='word_1_67' title='bbox 826 675 1041 716; x_wconf 85' lang='lat' dir='ltr'><strong>intellecta</strong></span> <span class='ocrx_word' id='word_1_68' title='bbox 1068 674 1364 731; x_wconf 84' lang='lat' dir='ltr'><strong>compleveris,</strong></span> <span class='ocrx_word' id='word_1_69' title='bbox 1392 674 1542 724; x_wconf 80' lang='lat' dir='ltr'><strong>fecisti,</strong></span> <span class='ocrx_word' id='word_1_70' title='bbox 1578 674 1694 730; x_wconf 90' lang='lat' dir='ltr'><strong>quod</strong></span> 
     </span>
     <span class='ocr_line' id='line_1_9' title="bbox 268 752 1693 809; baseline -0.002 -15"><span class='ocrx_word' id='word_1_71' title='bbox 268 753 412 809; x_wconf 87' lang='lat' dir='ltr'><strong>sponsi</strong></span> <span class='ocrx_word' id='word_1_72' title='bbox 451 769 645 794; x_wconf 86' lang='lat' dir='ltr'><strong>sermone</strong></span> <span class='ocrx_word' id='word_1_73' title='bbox 683 752 954 808; x_wconf 84' lang='lat' dir='ltr'><strong>praecipitur.</strong></span> <span class='ocrx_word' id='word_1_74' title='bbox 1023 753 1322 803; x_wconf 85' lang='lat' dir='ltr'><strong>„Introducite</strong></span> <span class='ocrx_word' id='word_1_75' title='bbox 1348 752 1390 809; x_wconf 75' lang='lat'>⁴)</span> <span class='ocrx_word' id='word_1_76' title='bbox 1430 768 1498 792; x_wconf 89' lang='lat' dir='ltr'><strong>me</strong></span> <span class='ocrx_word' id='word_1_77' title='bbox 1535 752 1577 792; x_wconf 89' lang='lat' dir='ltr'><strong>in</strong></span> <span class='ocrx_word' id='word_1_78' title='bbox 1616 753 1693 792; x_wconf 89' lang='lat' dir='ltr'><strong>do-</strong></span> 
     </span>
     <span class='ocr_line' id='line_1_10' title="bbox 267 830 1693 886; baseline -0.002 -14"><span class='ocrx_word' id='word_1_79' title='bbox 267 848 384 872; x_wconf 88' lang='lat' dir='ltr'><strong>mum</strong></span> <span class='ocrx_word' id='word_1_80' title='bbox 417 831 526 880; x_wconf 90' lang='lat' dir='ltr'><strong>vini,</strong></span> <span class='ocrx_word' id='word_1_81' title='bbox 563 830 753 871; x_wconf 88' lang='lat' dir='ltr'><strong>ordinate</strong></span> <span class='ocrx_word' id='word_1_82' title='bbox 783 830 826 870; x_wconf 91' lang='lat' dir='ltr'><strong>in</strong></span> <span class='ocrx_word' id='word_1_83' title='bbox 856 846 923 870; x_wconf 91' lang='lat' dir='ltr'><strong>me</strong></span> <span class='ocrx_word' id='word_1_84' title='bbox 956 830 1214 872; x_wconf 87' lang='lat' dir='ltr'><strong>caritatem.“</strong></span> <span class='ocrx_word' id='word_1_85' title='bbox 1274 830 1381 885; x_wconf 80' lang='lat' dir='ltr'><strong>Quis</strong></span> <span class='ocrx_word' id='word_1_86' title='bbox 1411 842 1532 886; x_wconf 85' lang='lat' dir='ltr'><strong>putas</strong></span> <span class='ocrx_word' id='word_1_87' title='bbox 1564 845 1585 870; x_wconf 93' lang='lat' dir='ltr'><strong>e</strong></span> <span class='ocrx_word' id='word_1_88' title='bbox 1615 845 1693 869; x_wconf 90' lang='lat' dir='ltr'><strong>no-</strong></span> 
     </span>
     <span class='ocr_line' id='line_1_11' title="bbox 267 905 1693 962; baseline -0.003 -12"><span class='ocrx_word' id='word_1_89' title='bbox 267 910 331 951; x_wconf 92' lang='lat' dir='ltr'><strong>bis</strong></span> <span class='ocrx_word' id='word_1_90' title='bbox 370 908 550 950; x_wconf 88' lang='lat' dir='ltr'><strong>caritatis</strong></span> <span class='ocrx_word' id='word_1_91' title='bbox 590 919 651 948; x_wconf 89' lang='lat' dir='ltr'><strong>est</strong></span> <span class='ocrx_word' id='word_1_92' title='bbox 689 908 903 949; x_wconf 80' lang='lat' dir='ltr'><strong>ordinatae</strong></span> <span class='ocrx_word' id='word_1_93' title='bbox 930 907 1003 961; x_wconf 85' lang='lat'>⁵)?</span> <span class='ocrx_word' id='word_1_94' title='bbox 1059 909 1347 958; x_wconf 85' lang='lat' dir='ltr'><strong>„Confirmate</strong></span> <span class='ocrx_word' id='word_1_95' title='bbox 1372 907 1418 962; x_wconf 75' lang='grc'><strong>6)</strong></span> <span class='ocrx_word' id='word_1_96' title='bbox 1447 923 1515 947; x_wconf 90' lang='lat' dir='ltr'><strong>me</strong></span> <span class='ocrx_word' id='word_1_97' title='bbox 1545 905 1588 946; x_wconf 90' lang='lat' dir='ltr'><strong>in</strong></span> <span class='ocrx_word' id='word_1_98' title='bbox 1616 923 1693 947; x_wconf 89' lang='lat' dir='ltr'><strong>un-</strong></span> 
     </span>
     <span class='ocr_line' id='line_1_12' title="bbox 266 985 1692 1042; baseline -0.001 -14"><span class='ocrx_word' id='word_1_99' title='bbox 266 987 480 1040; x_wconf 84' lang='lat' dir='ltr'><strong>guentis.“</strong></span> <span class='ocrx_word' id='word_1_100' title='bbox 552 985 670 1026; x_wconf 92' lang='lat' dir='ltr'><strong>Unus</strong></span> <span class='ocrx_word' id='word_1_101' title='bbox 710 986 762 1025; x_wconf 91' lang='lat' dir='ltr'><strong>de</strong></span> <span class='ocrx_word' id='word_1_102' title='bbox 801 985 1099 1041; x_wconf 85' lang='lat' dir='ltr'><strong>interpretibus</strong></span> <span class='ocrx_word' id='word_1_103' title='bbox 1137 986 1281 1042; x_wconf 84' lang='lat' dir='ltr'><strong>posuit</strong></span> <span class='ocrx_word' id='word_1_104' title='bbox 1306 986 1347 1041; x_wconf 86' lang='lat'>⁷)</span> <span class='ocrx_word' id='word_1_105' title='bbox 1393 988 1692 1028; x_wconf 74' lang='grc' dir='ltr'>οἰνανθίνων.</span> 
     </span>
     <span class='ocr_line' id='line_1_13' title="bbox 266 1061 1690 1119; baseline -0.004 -13"><span class='ocrx_word' id='word_1_106' title='bbox 266 1066 383 1106; x_wconf 89' lang='lat' dir='ltr'><strong>Haec</strong></span> <span class='ocrx_word' id='word_1_107' title='bbox 423 1074 564 1104; x_wconf 88' lang='lat' dir='ltr'><strong>autem</strong></span> <span class='ocrx_word' id='word_1_108' title='bbox 601 1078 754 1117; x_wconf 87' lang='lat' dir='ltr'><strong>sponsa</strong></span> <span class='ocrx_word' id='word_1_109' title='bbox 794 1062 996 1117; x_wconf 87' lang='lat' dir='ltr'><strong>loquitur.</strong></span> <span class='ocrx_word' id='word_1_110' title='bbox 1057 1063 1256 1119; x_wconf 84' lang='lat' dir='ltr'><strong>„Stipate</strong></span> <span class='ocrx_word' id='word_1_111' title='bbox 1278 1065 1324 1118; x_wconf 86' lang='grc'><strong>8)</strong></span> <span class='ocrx_word' id='word_1_112' title='bbox 1354 1078 1422 1102; x_wconf 85' lang='lat' dir='ltr'><strong>me</strong></span> <span class='ocrx_word' id='word_1_113' title='bbox 1453 1062 1495 1102; x_wconf 93' lang='lat' dir='ltr'><strong>in</strong></span> <span class='ocrx_word' id='word_1_114' title='bbox 1526 1061 1690 1102; x_wconf 84' lang='lat' dir='ltr'><strong>malis.“</strong></span> 
     </span>
     <span class='ocr_line' id='line_1_14' title="bbox 266 1138 1697 1197; baseline -0.003 -15"><span class='ocrx_word' id='word_1_115' title='bbox 266 1143 314 1182; x_wconf 87' lang='lat' dir='ltr'><strong>In</strong></span> <span class='ocrx_word' id='word_1_116' title='bbox 347 1141 497 1197; x_wconf 87' lang='lat' dir='ltr'><strong>quibus</strong></span> <span class='ocrx_word' id='word_1_117' title='bbox 526 1138 678 1180; x_wconf 83' lang='lat' dir='ltr'><strong>malis?</strong></span> <span class='ocrx_word' id='word_1_118' title='bbox 736 1138 823 1188; x_wconf 89' lang='lat' dir='ltr'><strong>„Ut</strong></span> <span class='ocrx_word' id='word_1_119' title='bbox 846 1139 888 1194; x_wconf 81' lang='lat'>⁹)</span> <span class='ocrx_word' id='word_1_120' title='bbox 923 1139 1085 1179; x_wconf 84' lang='lat' dir='ltr'><strong>malum</strong></span> <span class='ocrx_word' id='word_1_121' title='bbox 1116 1139 1159 1180; x_wconf 91' lang='lat' dir='ltr'><strong>in</strong></span> <span class='ocrx_word' id='word_1_122' title='bbox 1189 1140 1311 1192; x_wconf 85' lang='lat' dir='ltr'><strong>lignis</strong></span> <span class='ocrx_word' id='word_1_123' title='bbox 1339 1140 1494 1197; x_wconf 80' lang='lat' dir='ltr'><strong>sylvae,</strong></span> <span class='ocrx_word' id='word_1_124' title='bbox 1524 1139 1582 1179; x_wconf 88' lang='lat' dir='ltr'><strong>ita</strong></span> <span class='ocrx_word' id='word_1_125' title='bbox 1610 1140 1697 1179; x_wconf 85' lang='lat' dir='ltr'><strong>fra·-</strong></span> 
     </span>
     <span class='ocr_line' id='line_1_15' title="bbox 263 1214 1692 1273; baseline -0.002 -14"><span class='ocrx_word' id='word_1_126' title='bbox 263 1217 410 1259; x_wconf 85' lang='lat' dir='ltr'><strong>truelis</strong></span> <span class='ocrx_word' id='word_1_127' title='bbox 447 1232 565 1256; x_wconf 84' lang='lat' dir='ltr'><strong>meus</strong></span> <span class='ocrx_word' id='word_1_128' title='bbox 604 1215 648 1255; x_wconf 89' lang='lat' dir='ltr'><strong>in</strong></span> <span class='ocrx_word' id='word_1_129' title='bbox 685 1214 831 1255; x_wconf 85' lang='lat' dir='ltr'><strong>medio</strong></span> <span class='ocrx_word' id='word_1_130' title='bbox 872 1215 1104 1257; x_wconf 79' lang='lat' dir='ltr'><strong>filiorum.“</strong></span> <span class='ocrx_word' id='word_1_131' title='bbox 1163 1217 1329 1259; x_wconf 86' lang='lat' dir='ltr'><strong>Idcirco</strong></span> <span class='ocrx_word' id='word_1_132' title='bbox 1364 1217 1443 1267; x_wconf 88' lang='lat' dir='ltr'><strong>„in</strong></span> <span class='ocrx_word' id='word_1_133' title='bbox 1470 1216 1538 1273; x_wconf 87' lang='lat'>¹⁰)</span> <span class='ocrx_word' id='word_1_134' title='bbox 1569 1216 1692 1257; x_wconf 88' lang='lat' dir='ltr'><strong>malis</strong></span> 
     </span>
     <span class='ocr_line' id='line_1_16' title="bbox 264 1293 1692 1352; baseline -0.001 -17"><span class='ocrx_word' id='word_1_135' title='bbox 264 1294 353 1352; x_wconf 75' lang='lat' dir='ltr'><strong>ejus</strong></span> <span class='ocrx_word' id='word_1_136' title='bbox 392 1294 544 1349; x_wconf 86' lang='lat' dir='ltr'><strong>stipate</strong></span> <span class='ocrx_word' id='word_1_137' title='bbox 584 1309 675 1342; x_wconf 91' lang='lat' dir='ltr'><strong>me,</strong></span> <span class='ocrx_word' id='word_1_138' title='bbox 715 1293 812 1349; x_wconf 88' lang='lat' dir='ltr'><strong>quia</strong></span> <span class='ocrx_word' id='word_1_139' title='bbox 851 1293 1094 1334; x_wconf 79' lang='lat' dir='ltr'><strong>vulneratae</strong></span> <span class='ocrx_word' id='word_1_140' title='bbox 1137 1294 1316 1335; x_wconf 85' lang='lat' dir='ltr'><strong>caritatis</strong></span> <span class='ocrx_word' id='word_1_141' title='bbox 1357 1311 1432 1347; x_wconf 84' lang='lat' dir='ltr'><strong>ego</strong></span> <span class='ocrx_word' id='word_1_142' title='bbox 1457 1301 1482 1319; x_wconf 92' lang='lat'><strong>“</strong></span> <span class='ocrx_word' id='word_1_143' title='bbox 1551 1294 1692 1350; x_wconf 85' lang='lat' dir='ltr'><strong>Quam</strong></span> 
     </span>
     <span class='ocr_line' id='line_1_17' title="bbox 262 1371 1698 1429; baseline 0.001 -18"><span class='ocrx_word' id='word_1_144' title='bbox 262 1371 490 1428; x_wconf 85' lang='lat' dir='ltr'><strong>pulchrum</strong></span> <span class='ocrx_word' id='word_1_145' title='bbox 521 1381 603 1420; x_wconf 87' lang='lat' dir='ltr'><strong>est,</strong></span> <span class='ocrx_word' id='word_1_146' title='bbox 648 1387 775 1426; x_wconf 89' lang='lat' dir='ltr'><strong>quam</strong></span> <span class='ocrx_word' id='word_1_147' title='bbox 806 1372 1009 1412; x_wconf 84' lang='lat' dir='ltr'><strong>decorum</strong></span> <span class='ocrx_word' id='word_1_148' title='bbox 1041 1387 1062 1411; x_wconf 87' lang='lat' dir='ltr'><strong>a</strong></span> <span class='ocrx_word' id='word_1_149' title='bbox 1094 1372 1265 1412; x_wconf 83' lang='lat' dir='ltr'><strong>caritate</strong></span> <span class='ocrx_word' id='word_1_150' title='bbox 1294 1373 1446 1413; x_wconf 75' lang='lat' dir='ltr'><strong>vulnus</strong></span> <span class='ocrx_word' id='word_1_151' title='bbox 1477 1371 1698 1429; x_wconf 87' lang='lat' dir='ltr'><strong>accipere?</strong></span> 
     </span>
     <span class='ocr_line' id='line_1_18' title="bbox 263 1448 1690 1506; baseline 0.001 -17"><span class='ocrx_word' id='word_1_152' title='bbox 263 1449 383 1489; x_wconf 91' lang='lat' dir='ltr'><strong>Alius</strong></span> <span class='ocrx_word' id='word_1_153' title='bbox 413 1448 599 1506; x_wconf 82' lang='lat' dir='ltr'><strong>jaculum</strong></span> <span class='ocrx_word' id='word_1_154' title='bbox 632 1448 770 1488; x_wconf 86' lang='lat' dir='ltr'><strong>carnei</strong></span> <span class='ocrx_word' id='word_1_155' title='bbox 800 1449 955 1489; x_wconf 87' lang='lat' dir='ltr'><strong>amoris</strong></span> <span class='ocrx_word' id='word_1_156' title='bbox 988 1448 1164 1504; x_wconf 84' lang='lat' dir='ltr'><strong>excepit,</strong></span> <span class='ocrx_word' id='word_1_157' title='bbox 1195 1448 1301 1490; x_wconf 87' lang='lat' dir='ltr'><strong>alius</strong></span> <span class='ocrx_word' id='word_1_158' title='bbox 1330 1461 1499 1490; x_wconf 88' lang='lat' dir='ltr'><strong>terreno</strong></span> <span class='ocrx_word' id='word_1_159' title='bbox 1522 1451 1587 1506; x_wconf 87' lang='lat'>¹¹)</span> <span class='ocrx_word' id='word_1_160' title='bbox 1620 1467 1690 1500; x_wconf 76' lang='lat' dir='ltr'><strong>cu-</strong></span> 
     </span>
     <span class='ocr_line' id='line_1_19' title="bbox 262 1525 1688 1583; baseline 0.001 -17"><span class='ocrx_word' id='word_1_161' title='bbox 262 1527 407 1583; x_wconf 84' lang='lat' dir='ltr'><strong>pidine</strong></span> <span class='ocrx_word' id='word_1_162' title='bbox 438 1525 681 1566; x_wconf 78' lang='lat' dir='ltr'><strong>vulneratus</strong></span> <span class='ocrx_word' id='word_1_163' title='bbox 714 1537 795 1566; x_wconf 91' lang='lat' dir='ltr'><strong>est:</strong></span> <span class='ocrx_word' id='word_1_164' title='bbox 830 1538 878 1566; x_wconf 88' lang='lat' dir='ltr'><strong>tu</strong></span> <span class='ocrx_word' id='word_1_165' title='bbox 906 1527 1018 1567; x_wconf 90' lang='lat' dir='ltr'><strong>nuda</strong></span> <span class='ocrx_word' id='word_1_166' title='bbox 1047 1528 1238 1567; x_wconf 81' lang='lat' dir='ltr'><strong>membra</strong></span> <span class='ocrx_word' id='word_1_167' title='bbox 1267 1538 1358 1576; x_wconf 88' lang='lat' dir='ltr'><strong>tua,</strong></span> <span class='ocrx_word' id='word_1_168' title='bbox 1389 1539 1430 1567; x_wconf 88' lang='lat' dir='ltr'><strong>et</strong></span> <span class='ocrx_word' id='word_1_169' title='bbox 1458 1529 1614 1583; x_wconf 88' lang='lat' dir='ltr'><strong>praebe</strong></span> <span class='ocrx_word' id='word_1_170' title='bbox 1645 1539 1688 1568; x_wconf 84' lang='lat' dir='ltr'><strong>te</strong></span> 
     </span>
     <span class='ocr_line' id='line_1_20' title="bbox 263 1602 1687 1661; baseline 0.001 -17"><span class='ocrx_word' id='word_1_171' title='bbox 263 1604 403 1661; x_wconf 64' lang='lat' dir='ltr'><strong>iaculo</strong></span> <span class='ocrx_word' id='word_1_172' title='bbox 434 1604 504 1656; x_wconf 77' lang='lat'>¹²)</span> <span class='ocrx_word' id='word_1_173' title='bbox 535 1603 744 1652; x_wconf 84' lang='lat' dir='ltr'><strong>formoso,</strong></span> <span class='ocrx_word' id='word_1_174' title='bbox 773 1602 808 1642; x_wconf 83' lang='lat' dir='ltr'><strong>si</strong></span> <span class='ocrx_word' id='word_1_175' title='bbox 839 1603 1011 1659; x_wconf 85' lang='lat' dir='ltr'><strong>quidem</strong></span> <span class='ocrx_word' id='word_1_176' title='bbox 1041 1605 1160 1644; x_wconf 88' lang='lat' dir='ltr'><strong>Deus</strong></span> <span class='ocrx_word' id='word_1_177' title='bbox 1190 1604 1422 1656; x_wconf 84' lang='lat' dir='ltr'><strong>sagittarius</strong></span> <span class='ocrx_word' id='word_1_178' title='bbox 1454 1617 1525 1646; x_wconf 91' lang='lat' dir='ltr'><strong>est.</strong></span> <span class='ocrx_word' id='word_1_179' title='bbox 1573 1606 1687 1646; x_wconf 82' lang='lat' dir='ltr'><strong>Audi</strong></span> 
     </span>
     <span class='ocr_line' id='line_1_21' title="bbox 263 1679 1690 1738; baseline 0 -15"><span class='ocrx_word' id='word_1_180' title='bbox 263 1681 526 1736; x_wconf 81' lang='lat' dir='ltr'><strong>Scripturarn</strong></span> <span class='ocrx_word' id='word_1_181' title='bbox 565 1680 618 1720; x_wconf 90' lang='lat' dir='ltr'><strong>de</strong></span> <span class='ocrx_word' id='word_1_182' title='bbox 662 1679 744 1719; x_wconf 87' lang='lat' dir='ltr'><strong>hoc</strong></span> <span class='ocrx_word' id='word_1_183' title='bbox 790 1681 943 1721; x_wconf 85' lang='lat' dir='ltr'><strong>eodem</strong></span> <span class='ocrx_word' id='word_1_184' title='bbox 988 1680 1128 1738; x_wconf 86' lang='lat' dir='ltr'><strong>jaculo</strong></span> <span class='ocrx_word' id='word_1_185' title='bbox 1173 1682 1443 1737; x_wconf 86' lang='lat' dir='ltr'><strong>loquentem,</strong></span> <span class='ocrx_word' id='word_1_186' title='bbox 1487 1682 1598 1733; x_wconf 89' lang='lat' dir='ltr'><strong>imo,</strong></span> <span class='ocrx_word' id='word_1_187' title='bbox 1641 1695 1690 1724; x_wconf 89' lang='lat' dir='ltr'><strong>ut</strong></span> 
     </span>
    </p>
   </div>
   <div class='ocr_carea' id='block_1_3' title="bbox 264 1756 1687 1817">
    <p class='ocr_par' dir='ltr' id='par_1_3' title="bbox 264 1756 1687 1817">
     <span class='ocr_line' id='line_1_22' title="bbox 264 1756 1687 1817; baseline 0 -17"><span class='ocrx_word' id='word_1_188' title='bbox 264 1759 445 1815; x_wconf 82' lang='lat' dir='ltr'><strong>amplius</strong></span> <span class='ocrx_word' id='word_1_189' title='bbox 484 1756 729 1807; x_wconf 80' lang='lat' dir='ltr'><strong>admireris,</strong></span> <span class='ocrx_word' id='word_1_190' title='bbox 767 1757 865 1798; x_wconf 80' lang='lat' dir='ltr'><strong>audi</strong></span> <span class='ocrx_word' id='word_1_191' title='bbox 903 1759 1042 1815; x_wconf 88' lang='lat' dir='ltr'><strong>ipsum</strong></span> <span class='ocrx_word' id='word_1_192' title='bbox 1078 1758 1285 1817; x_wconf 67' lang='lat' dir='ltr'><strong>Jaculum,</strong></span> <span class='ocrx_word' id='word_1_193' title='bbox 1326 1759 1428 1815; x_wconf 89' lang='lat' dir='ltr'><strong>quid</strong></span> <span class='ocrx_word' id='word_1_194' title='bbox 1466 1760 1687 1816; x_wconf 89' lang='lat' dir='ltr'><strong>loquatur:</strong></span> 
     </span>
    </p>
   </div>
   <div class='ocr_carea' id='block_1_4' title="bbox 262 1969 1689 2433">
    <p class='ocr_par' dir='ltr' id='par_1_4' title="bbox 262 1969 1689 2083">
     <span class='ocr_line' id='line_1_23' title="bbox 385 1969 1689 2026; baseline 0.002 -18"><span class='ocrx_word' id='word_1_195' title='bbox 385 1970 423 2024; x_wconf 90' lang='lat'><strong>¹)</strong></span> <span class='ocrx_word' id='word_1_196' title='bbox 453 1969 563 2009; x_wconf 83' lang='lat' dir='ltr'><strong>Edd.</strong></span> <span class='ocrx_word' id='word_1_197' title='bbox 596 1969 791 2010; x_wconf 81' lang='lat' dir='ltr'><strong>Merlini:</strong></span> <span class='ocrx_word' id='word_1_198' title='bbox 830 1970 1058 2026; x_wconf 69' lang='lat' dir='ltr'><strong>praecipit?</strong></span> <span class='ocrx_word' id='word_1_199' title='bbox 1091 1987 1168 2011; x_wconf 89' lang='lat' dir='ltr'><strong>nec</strong></span> <span class='ocrx_word' id='word_1_200' title='bbox 1200 1970 1361 2022; x_wconf 85' lang='lat' dir='ltr'><strong>diligite</strong></span> <span class='ocrx_word' id='word_1_201' title='bbox 1392 1969 1586 2010; x_wconf 86' lang='lat' dir='ltr'><strong>inimicos</strong></span> <span class='ocrx_word' id='word_1_202' title='bbox 1617 1986 1689 2010; x_wconf 84' lang='lat' dir='ltr'><strong>ve-</strong></span> 
     </span>
     <span class='ocr_line' id='line_1_24' title="bbox 262 2026 1376 2083; baseline 0.001 -18"><span class='ocrx_word' id='word_1_203' title='bbox 262 2037 370 2065; x_wconf 87' lang='lat' dir='ltr'><strong>stros</strong></span> <span class='ocrx_word' id='word_1_204' title='bbox 398 2036 445 2066; x_wconf 90' lang='lat' dir='ltr'><strong>ut</strong></span> <span class='ocrx_word' id='word_1_205' title='bbox 476 2038 640 2066; x_wconf 82' lang='lat' dir='ltr'><strong>vosmet</strong></span> <span class='ocrx_word' id='word_1_206' title='bbox 670 2026 802 2082; x_wconf 88' lang='lat' dir='ltr'><strong>ipsos:</strong></span> <span class='ocrx_word' id='word_1_207' title='bbox 833 2027 1012 2077; x_wconf 88' lang='lat' dir='ltr'><strong>sufficit,</strong></span> <span class='ocrx_word' id='word_1_208' title='bbox 1048 2028 1164 2083; x_wconf 75' lang='lat' dir='ltr'><strong>quod</strong></span> <span class='ocrx_word' id='word_1_209' title='bbox 1196 2043 1268 2067; x_wconf 84' lang='lat' dir='ltr'><strong>eos</strong></span> <span class='ocrx_word' id='word_1_210' title='bbox 1300 2038 1376 2066; x_wconf 90' lang='lat' dir='ltr'><strong>etc.</strong></span> 
     </span>
    </p>

    <p class='ocr_par' dir='ltr' id='par_1_5' title="bbox 378 2096 784 2151">
     <span class='ocr_line' id='line_1_25' title="bbox 378 2096 784 2151; baseline 0.007 -16"><span class='ocrx_word' id='word_1_211' title='bbox 378 2096 421 2151; x_wconf 79' lang='lat'>2)</span> <span class='ocrx_word' id='word_1_212' title='bbox 452 2096 605 2136; x_wconf 73' lang='lat' dir='ltr'><strong>Matth.</strong></span> <span class='ocrx_word' id='word_1_213' title='bbox 636 2098 687 2146; x_wconf 85' lang='lat' dir='ltr'><strong>V,</strong></span> <span class='ocrx_word' id='word_1_214' title='bbox 718 2097 784 2138; x_wconf 67' lang='grc'><strong>44.</strong></span> 
     </span>
    </p>

    <p class='ocr_par' dir='ltr' id='par_1_6' title="bbox 381 2165 1613 2222">
     <span class='ocr_line' id='line_1_26' title="bbox 381 2165 1613 2222; baseline 0.002 -18"><span class='ocrx_word' id='word_1_215' title='bbox 381 2166 423 2222; x_wconf 84' lang='grc'><strong>3)</strong></span> <span class='ocrx_word' id='word_1_216' title='bbox 448 2166 614 2206; x_wconf 89' lang='lat' dir='ltr'><strong>Desunt</strong></span> <span class='ocrx_word' id='word_1_217' title='bbox 644 2168 793 2207; x_wconf 73' lang='lat' dir='ltr'><strong>verba:</strong></span> <span class='ocrx_word' id='word_1_218' title='bbox 825 2178 903 2218; x_wconf 88' lang='lat' dir='ltr'><strong>„et</strong></span> <span class='ocrx_word' id='word_1_219' title='bbox 933 2183 980 2207; x_wconf 84' lang='lat' dir='ltr'><strong>ex</strong></span> <span class='ocrx_word' id='word_1_220' title='bbox 1010 2178 1101 2207; x_wconf 86' lang='lat' dir='ltr'><strong>tota</strong></span> <span class='ocrx_word' id='word_1_221' title='bbox 1131 2165 1318 2214; x_wconf 85' lang='lat' dir='ltr'><strong>anima,“</strong></span> <span class='ocrx_word' id='word_1_222' title='bbox 1349 2165 1392 2206; x_wconf 88' lang='lat' dir='ltr'><strong>in</strong></span> <span class='ocrx_word' id='word_1_223' title='bbox 1426 2166 1521 2207; x_wconf 87' lang='lat' dir='ltr'><strong>edd.</strong></span> <span class='ocrx_word' id='word_1_224' title='bbox 1553 2167 1613 2207; x_wconf 84' lang='lat' dir='ltr'><strong>M.</strong></span> 
     </span>
    </p>

    <p class='ocr_par' dir='ltr' id='par_1_7' title="bbox 380 2235 775 2290">
     <span class='ocr_line' id='line_1_27' title="bbox 380 2235 775 2290; baseline 0.005 -13"><span class='ocrx_word' id='word_1_225' title='bbox 380 2236 426 2290; x_wconf 76' lang='lat'><strong>⁴)</strong></span> <span class='ocrx_word' id='word_1_226' title='bbox 458 2235 616 2277; x_wconf 88' lang='lat' dir='ltr'><strong>Cantic.</strong></span> <span class='ocrx_word' id='word_1_227' title='bbox 650 2237 705 2286; x_wconf 88' lang='grc' dir='ltr'><strong>ΙΙ,</strong></span> <span class='ocrx_word' id='word_1_228' title='bbox 737 2237 775 2279; x_wconf 73' lang='grc'><strong>4.</strong></span> 
     </span>
    </p>

    <p class='ocr_par' dir='ltr' id='par_1_8' title="bbox 380 2306 1505 2360">
     <span class='ocr_line' id='line_1_28' title="bbox 380 2306 1505 2360; baseline 0.004 -14"><span class='ocrx_word' id='word_1_229' title='bbox 380 2307 423 2360; x_wconf 90' lang='lat'>⁵)</span> <span class='ocrx_word' id='word_1_230' title='bbox 453 2306 564 2347; x_wconf 86' lang='lat' dir='ltr'><strong>Edd.</strong></span> <span class='ocrx_word' id='word_1_231' title='bbox 595 2306 796 2347; x_wconf 81' lang='lat' dir='ltr'><strong>Merlini:</strong></span> <span class='ocrx_word' id='word_1_232' title='bbox 829 2307 1075 2349; x_wconf 78' lang='lat' dir='ltr'><strong>ordinator?</strong></span> <span class='ocrx_word' id='word_1_233' title='bbox 1135 2306 1393 2348; x_wconf 75' lang='lat' dir='ltr'><strong>Confirmate</strong></span> <span class='ocrx_word' id='word_1_234' title='bbox 1427 2319 1505 2350; x_wconf 86' lang='lat' dir='ltr'><strong>etc.</strong></span> 
     </span>
    </p>

    <p class='ocr_par' dir='ltr' id='par_1_9' title="bbox 378 2376 771 2433">
     <span class='ocr_line' id='line_1_29' title="bbox 378 2376 771 2433; baseline 0.005 -17"><span class='ocrx_word' id='word_1_235' title='bbox 378 2378 421 2433; x_wconf 82' lang='grc'><strong>6)</strong></span> <span class='ocrx_word' id='word_1_236' title='bbox 453 2376 612 2417; x_wconf 89' lang='lat' dir='ltr'><strong>Cantic.</strong></span> <span class='ocrx_word' id='word_1_237' title='bbox 644 2377 701 2426; x_wconf 90' lang='grc' dir='ltr'><strong>ΙΙ,</strong></span> <span class='ocrx_word' id='word_1_238' title='bbox 734 2376 771 2418; x_wconf 88' lang='grc'><strong>5.</strong></span> 
     </span>
    </p>
   </div>
   <div class='ocr_carea' id='block_1_5' title="bbox 261 2446 1689 2547">
    <p class='ocr_par' dir='ltr' id='par_1_10' title="bbox 261 2446 1689 2547">
     <span class='ocr_line' id='line_1_30' title="bbox 381 2446 1689 2509; baseline 0.005 -22"><span class='ocrx_word' id='word_1_239' title='bbox 381 2447 426 2502; x_wconf 78' lang='lat'>⁷)</span> <span class='ocrx_word' id='word_1_240' title='bbox 456 2447 565 2488; x_wconf 89' lang='lat' dir='ltr'><strong>Edd.</strong></span> <span class='ocrx_word' id='word_1_241' title='bbox 583 2446 777 2488; x_wconf 81' lang='lat' dir='ltr'><strong>Merlini:</strong></span> <span class='ocrx_word' id='word_1_242' title='bbox 806 2448 951 2502; x_wconf 88' lang='lat' dir='ltr'><strong>posuit</strong></span> <span class='ocrx_word' id='word_1_243' title='bbox 980 2451 1218 2499; x_wconf 77' lang='grc' dir='ltr'><em>οἰνέλαιον,</em></span> <span class='ocrx_word' id='word_1_244' title='bbox 1246 2449 1350 2489; x_wconf 85' lang='lat' dir='ltr'><strong>alius</strong></span> <span class='ocrx_word' id='word_1_245' title='bbox 1366 2448 1532 2509; x_wconf 78' lang='grc' dir='ltr'>μύρον.</span> <span class='ocrx_word' id='word_1_246' title='bbox 1574 2450 1689 2490; x_wconf 80' lang='lat' dir='ltr'><strong>Haec</strong></span> 
     </span>
     <span class='ocr_line' id='line_1_31' title="bbox 261 2515 509 2547; baseline -0.016 0"><span class='ocrx_word' id='word_1_247' title='bbox 261 2517 403 2547; x_wconf 84' lang='lat' dir='ltr'><strong>autem</strong></span> <span class='ocrx_word' id='word_1_248' title='bbox 434 2515 509 2544; x_wconf 86' lang='lat' dir='ltr'><strong>etc.</strong></span> 
     </span>
    </p>
   </div>
   <div class='ocr_carea' id='block_1_6' title="bbox 352 2573 1286 2770">
    <p class='ocr_par' dir='ltr' id='par_1_11' title="bbox 352 2573 1286 2770">
     <span class='ocr_line' id='line_1_32' title="bbox 378 2573 1286 2631; baseline 0 -16"><span class='ocrx_word' id='word_1_249' title='bbox 378 2575 421 2631; x_wconf 85' lang='lat'><strong>8)</strong></span> <span class='ocrx_word' id='word_1_250' title='bbox 453 2574 610 2615; x_wconf 89' lang='lat' dir='ltr'><strong>Cantic.</strong></span> <span class='ocrx_word' id='word_1_251' title='bbox 642 2574 700 2623; x_wconf 88' lang='lat' dir='ltr'><strong>II,</strong></span> <span class='ocrx_word' id='word_1_252' title='bbox 731 2573 769 2616; x_wconf 89' lang='lat'><strong>5.</strong></span> <span class='ocrx_word' id='word_1_253' title='bbox 892 2574 936 2629; x_wconf 80' lang='lat'>⁹)</span> <span class='ocrx_word' id='word_1_254' title='bbox 970 2575 1127 2617; x_wconf 87' lang='lat' dir='ltr'><strong>Cantic.</strong></span> <span class='ocrx_word' id='word_1_255' title='bbox 1160 2575 1216 2624; x_wconf 90' lang='grc' dir='ltr'><strong>Π,</strong></span> <span class='ocrx_word' id='word_1_256' title='bbox 1249 2573 1286 2618; x_wconf 84' lang='grc'><strong>3.</strong></span> 
     </span>
     <span class='ocr_line' id='line_1_33' title="bbox 353 2644 771 2699; baseline 0 -15"><span class='ocrx_word' id='word_1_257' title='bbox 353 2647 420 2699; x_wconf 91' lang='lat'><strong>¹⁰)</strong></span> <span class='ocrx_word' id='word_1_258' title='bbox 456 2644 613 2685; x_wconf 85' lang='lat' dir='ltr'><strong>Cantic.</strong></span> <span class='ocrx_word' id='word_1_259' title='bbox 647 2645 702 2693; x_wconf 87' lang='lat' dir='ltr'><strong>II,</strong></span> <span class='ocrx_word' id='word_1_260' title='bbox 734 2644 771 2686; x_wconf 87' lang='lat'><strong>5.</strong></span> 
     </span>
     <span class='ocr_line' id='line_1_34' title="bbox 352 2713 1003 2770; baseline 0.003 -16"><span class='ocrx_word' id='word_1_261' title='bbox 352 2717 423 2770; x_wconf 78' lang='lat'><strong>¹¹)</strong></span> <span class='ocrx_word' id='word_1_262' title='bbox 454 2714 562 2755; x_wconf 87' lang='lat' dir='ltr'><strong>Edd.</strong></span> <span class='ocrx_word' id='word_1_263' title='bbox 594 2713 793 2755; x_wconf 84' lang='lat' dir='ltr'><strong>Merlini:</strong></span> <span class='ocrx_word' id='word_1_264' title='bbox 825 2727 1003 2757; x_wconf 85' lang='lat' dir='ltr'><strong>terrena.</strong></span> 
     </span>
    </p>
   </div>
   <div class='ocr_carea' id='block_1_7' title="bbox 265 2784 1689 2900">
    <p class='ocr_par' dir='ltr' id='par_1_12' title="bbox 265 2784 1689 2900">
     <span class='ocr_line' id='line_1_35' title="bbox 354 2784 1689 2843; baseline 0.001 -19"><span class='ocrx_word' id='word_1_265' title='bbox 354 2785 422 2839; x_wconf 77' lang='lat'>¹²)</span> <span class='ocrx_word' id='word_1_266' title='bbox 452 2785 561 2826; x_wconf 86' lang='lat' dir='ltr'><strong>Edd.</strong></span> <span class='ocrx_word' id='word_1_267' title='bbox 592 2784 790 2825; x_wconf 84' lang='lat' dir='ltr'><strong>Merlini:</strong></span> <span class='ocrx_word' id='word_1_268' title='bbox 836 2785 977 2842; x_wconf 82' lang='lat' dir='ltr'><strong>jaculo</strong></span> <span class='ocrx_word' id='word_1_269' title='bbox 1019 2785 1178 2835; x_wconf 85' lang='lat' dir='ltr'><strong>electo,</strong></span> <span class='ocrx_word' id='word_1_270' title='bbox 1218 2784 1359 2843; x_wconf 85' lang='lat' dir='ltr'><strong>jaculo</strong></span> <span class='ocrx_word' id='word_1_271' title='bbox 1398 2786 1613 2836; x_wconf 86' lang='lat' dir='ltr'><strong>formoso,</strong></span> <span class='ocrx_word' id='word_1_272' title='bbox 1653 2787 1689 2827; x_wconf 91' lang='lat' dir='ltr'><strong>si</strong></span> 
     </span>
     <span class='ocr_line' id='line_1_36' title="bbox 265 2844 545 2900; baseline -0.014 -16"><span class='ocrx_word' id='word_1_273' title='bbox 265 2844 436 2900; x_wconf 86' lang='lat' dir='ltr'><strong>quidem</strong></span> <span class='ocrx_word' id='word_1_274' title='bbox 469 2853 545 2881; x_wconf 90' lang='lat' dir='ltr'><strong>etc.</strong></span> 
     </span>
    </p>
   </div>
  </div>
 </body>
</html>
