<?xml version="1.0" encoding="UTF-8"?>
<!DOCTYPE html PUBLIC "-//W3C//DTD XHTML 1.0 Transitional//EN"
    "http://www.w3.org/TR/xhtml1/DTD/xhtml1-transitional.dtd">
<html xmlns="http://www.w3.org/1999/xhtml" xml:lang="en" lang="en">
 <head>
  <title>
</title>
<meta http-equiv="Content-Type" content="text/html;charset=utf-8" />
  <meta name='ocr-system' content='tesseract 3.04.00' />
  <meta name='ocr-capabilities' content='ocr_page ocr_carea ocr_par ocr_line ocrx_word'/>
</head>
<body>
  <div class='ocr_page' id='page_1' title='image "./operaomniaquaegr14orig/operaomniaquaegr14orig_0158.png"; bbox 0 0 1759 3134; ppageno 0'>
   <div class='ocr_carea' id='block_1_1' title="bbox 244 121 1263 168">
    <p class='ocr_par' dir='ltr' id='par_1_1' title="bbox 244 121 1263 168">
     <span class='ocr_line' id='line_1_1' title="bbox 244 121 1263 168; baseline 0.001 -3"><span class='ocrx_word' id='word_1_1' title='bbox 244 121 325 166; x_wconf 84' lang='lat'>142</span> <span class='ocrx_word' id='word_1_2' title='bbox 645 125 866 168; x_wconf 72' lang='lat' dir='ltr'>Omerms</span> <span class='ocrx_word' id='word_1_3' title='bbox 897 137 942 167; x_wconf 79' lang='lat' dir='ltr'>m</span> <span class='ocrx_word' id='word_1_4' title='bbox 972 125 1263 167; x_wconf 71' lang='lat' dir='ltr'>Ezncummm</span> 
     </span>
    </p>
   </div>
   <div class='ocr_carea' id='block_1_2' title="bbox 238 236 1662 2542">
    <p class='ocr_par' dir='ltr' id='par_1_2' title="bbox 238 236 1662 2542">
     <span class='ocr_line' id='line_1_2' title="bbox 244 236 1659 293; baseline 0.003 -17"><span class='ocrx_word' id='word_1_5' title='bbox 244 236 384 287; x_wconf 85' lang='lat' dir='ltr'>cedri,</span> <span class='ocrx_word' id='word_1_6' title='bbox 414 236 665 278; x_wconf 82' lang='lat' dir='ltr'>extrinsecus</span> <span class='ocrx_word' id='word_1_7' title='bbox 695 239 775 279; x_wconf 76' lang='lat' dir='ltr'>sibi</span> <span class='ocrx_word' id='word_1_8' title='bbox 803 254 944 280; x_wconf 77' lang='lat' dir='ltr'>semen</span> <span class='ocrx_word' id='word_1_9' title='bbox 974 238 1149 293; x_wconf 84' lang='lat' dir='ltr'>accepit,</span> <span class='ocrx_word' id='word_1_10' title='bbox 1181 248 1221 277; x_wconf 85' lang='lat' dir='ltr'>et</span> <span class='ocrx_word' id='word_1_11' title='bbox 1249 237 1452 293; x_wconf 84' lang='lat' dir='ltr'>plantavit</span> <span class='ocrx_word' id='word_1_12' title='bbox 1482 238 1589 279; x_wconf 87' lang='lat' dir='ltr'>illud</span> <span class='ocrx_word' id='word_1_13' title='bbox 1620 240 1659 280; x_wconf 91' lang='lat' dir='ltr'>in</span> 
     </span>
     <span class='ocr_line' id='line_1_3' title="bbox 246 315 1658 372; baseline 0.003 -19"><span class='ocrx_word' id='word_1_14' title='bbox 246 330 395 369; x_wconf 87' lang='lat' dir='ltr'>campo</span> <span class='ocrx_word' id='word_1_15' title='bbox 450 315 686 356; x_wconf 86' lang='lat' dir='ltr'>frondifero</span> <span class='ocrx_word' id='word_1_16' title='bbox 736 333 863 372; x_wconf 86' lang='lat' dir='ltr'>super</span> <span class='ocrx_word' id='word_1_17' title='bbox 917 332 1066 371; x_wconf 85' lang='lat' dir='ltr'>aquam</span> <span class='ocrx_word' id='word_1_18' title='bbox 1109 316 1298 356; x_wconf 81' lang='lat' dir='ltr'>multam.</span> <span class='ocrx_word' id='word_1_19' title='bbox 1381 316 1476 356; x_wconf 88' lang='lat' dir='ltr'>Hoc</span> <span class='ocrx_word' id='word_1_20' title='bbox 1521 328 1658 357; x_wconf 83' lang='lat' dir='ltr'>autem</span> 
     </span>
     <span class='ocr_line' id='line_1_4' title="bbox 245 392 1658 448; baseline 0.001 -17"><span class='ocrx_word' id='word_1_21' title='bbox 245 392 398 446; x_wconf 88' lang='lat' dir='ltr'>ipsum,</span> <span class='ocrx_word' id='word_1_22' title='bbox 428 393 544 448; x_wconf 88' lang='lat' dir='ltr'>quod</span> <span class='ocrx_word' id='word_1_23' title='bbox 562 394 613 433; x_wconf 90' lang='lat' dir='ltr'>de</span> <span class='ocrx_word' id='word_1_24' title='bbox 635 405 742 434; x_wconf 83' lang='lat' dir='ltr'>terra</span> <span class='ocrx_word' id='word_1_25' title='bbox 760 394 952 435; x_wconf 82' lang='lat' dir='ltr'>Chanaan</span> <span class='ocrx_word' id='word_1_26' title='bbox 978 394 1110 433; x_wconf 87' lang='lat' dir='ltr'>suerat</span> <span class='ocrx_word' id='word_1_27' title='bbox 1136 405 1362 434; x_wconf 86' lang='lat' dir='ltr'>assumtum</span> <span class='ocrx_word' id='word_1_28' title='bbox 1388 394 1438 432; x_wconf 84' lang='lat' dir='ltr'>ab</span> <span class='ocrx_word' id='word_1_29' title='bbox 1463 409 1523 443; x_wconf 89' lang='lat' dir='ltr'>ca,</span> <span class='ocrx_word' id='word_1_30' title='bbox 1554 409 1658 448; x_wconf 86' lang='lat' dir='ltr'>quae</span> 
     </span>
     <span class='ocr_line' id='line_1_5' title="bbox 244 469 1660 527; baseline 0.001 -18"><span class='ocrx_word' id='word_1_31' title='bbox 244 470 393 510; x_wconf 83' lang='lat' dir='ltr'>Libani</span> <span class='ocrx_word' id='word_1_32' title='bbox 422 487 584 512; x_wconf 84' lang='lat' dir='ltr'>summa</span> <span class='ocrx_word' id='word_1_33' title='bbox 615 488 802 527; x_wconf 88' lang='lat' dir='ltr'>quaeque</span> <span class='ocrx_word' id='word_1_34' title='bbox 843 472 1129 527; x_wconf 78' lang='lat' dir='ltr'>decerpserat,</span> <span class='ocrx_word' id='word_1_35' title='bbox 1169 469 1213 509; x_wconf 87' lang='lat' dir='ltr'>id</span> <span class='ocrx_word' id='word_1_36' title='bbox 1237 471 1277 525; x_wconf 87' lang='lat'>¹)</span> <span class='ocrx_word' id='word_1_37' title='bbox 1320 482 1401 520; x_wconf 88' lang='lat' dir='ltr'>est,</span> <span class='ocrx_word' id='word_1_38' title='bbox 1441 471 1556 525; x_wconf 91' lang='lat' dir='ltr'>quod</span> <span class='ocrx_word' id='word_1_39' title='bbox 1597 487 1660 510; x_wconf 87' lang='lat' dir='ltr'>se·-</span> 
     </span>
     <span class='ocr_line' id='line_1_6' title="bbox 246 546 1661 606; baseline 0 -19"><span class='ocrx_word' id='word_1_40' title='bbox 246 549 381 588; x_wconf 88' lang='lat' dir='ltr'>cunda</span> <span class='ocrx_word' id='word_1_41' title='bbox 421 548 511 589; x_wconf 82' lang='lat' dir='ltr'>vice</span> <span class='ocrx_word' id='word_1_42' title='bbox 549 561 789 606; x_wconf 88' lang='lat' dir='ltr'>acceperat,</span> <span class='ocrx_word' id='word_1_43' title='bbox 830 550 985 590; x_wconf 77' lang='lat' dir='ltr'>factum</span> <span class='ocrx_word' id='word_1_44' title='bbox 1025 559 1085 588; x_wconf 87' lang='lat' dir='ltr'>est</span> <span class='ocrx_word' id='word_1_45' title='bbox 1124 546 1166 587; x_wconf 89' lang='lat' dir='ltr'>in</span> <span class='ocrx_word' id='word_1_46' title='bbox 1207 547 1334 587; x_wconf 86' lang='lat' dir='ltr'>vitem</span> <span class='ocrx_word' id='word_1_47' title='bbox 1374 564 1460 587; x_wconf 91' lang='lat' dir='ltr'>non</span> <span class='ocrx_word' id='word_1_48' title='bbox 1491 549 1661 596; x_wconf 87' lang='lat' dir='ltr'>fortem,</span> 
     </span>
     <span class='ocr_line' id='line_1_7' title="bbox 245 624 1659 681; baseline -0.001 -16"><span class='ocrx_word' id='word_1_49' title='bbox 245 627 318 666; x_wconf 88' lang='lat' dir='ltr'>sed</span> <span class='ocrx_word' id='word_1_50' title='bbox 349 625 579 676; x_wconf 82' lang='lat' dir='ltr'>infirmam,</span> <span class='ocrx_word' id='word_1_51' title='bbox 611 643 756 667; x_wconf 85' lang='lat' dir='ltr'>verum</span> <span class='ocrx_word' id='word_1_52' title='bbox 789 627 913 667; x_wconf 87' lang='lat' dir='ltr'>etiam</span> <span class='ocrx_word' id='word_1_53' title='bbox 943 638 1097 666; x_wconf 84' lang='lat' dir='ltr'>statura</span> <span class='ocrx_word' id='word_1_54' title='bbox 1130 624 1350 681; x_wconf 81' lang='lat' dir='ltr'>pusillam:</span> <span class='ocrx_word' id='word_1_55' title='bbox 1393 637 1433 665; x_wconf 87' lang='lat' dir='ltr'>et</span> <span class='ocrx_word' id='word_1_56' title='bbox 1465 624 1659 680; x_wconf 79' lang='lat' dir='ltr'><strong>palmites</strong></span> 
     </span>
     <span class='ocr_line' id='line_1_8' title="bbox 243 702 1661 761; baseline -0.001 -18"><span class='ocrx_word' id='word_1_57' title='bbox 243 703 362 761; x_wconf 81' lang='lat' dir='ltr'>hujus</span> <span class='ocrx_word' id='word_1_58' title='bbox 402 704 496 745; x_wconf 82' lang='lat' dir='ltr'>vitis</span> <span class='ocrx_word' id='word_1_59' title='bbox 535 704 722 745; x_wconf 80' lang='lat' dir='ltr'>infirmae</span> <span class='ocrx_word' id='word_1_60' title='bbox 762 704 950 745; x_wconf 84' lang='lat' dir='ltr'>reclinati</span> <span class='ocrx_word' id='word_1_61' title='bbox 981 715 1095 752; x_wconf 86' lang='lat' dir='ltr'>sunt,</span> <span class='ocrx_word' id='word_1_62' title='bbox 1136 719 1213 758; x_wconf 88' lang='lat' dir='ltr'>pro</span> <span class='ocrx_word' id='word_1_63' title='bbox 1249 719 1324 752; x_wconf 88' lang='lat' dir='ltr'>eo,</span> <span class='ocrx_word' id='word_1_64' title='bbox 1363 703 1479 758; x_wconf 90' lang='lat' dir='ltr'>quod</span> <span class='ocrx_word' id='word_1_65' title='bbox 1510 704 1561 743; x_wconf 88' lang='lat' dir='ltr'>de</span> <span class='ocrx_word' id='word_1_66' title='bbox 1591 702 1661 743; x_wconf 89' lang='lat' dir='ltr'>Li-</span> 
     </span>
     <span class='ocr_line' id='line_1_9' title="bbox 243 780 1661 830; baseline -0.001 -9"><span class='ocrx_word' id='word_1_67' title='bbox 243 783 352 823; x_wconf 91' lang='lat' dir='ltr'>bano</span> <span class='ocrx_word' id='word_1_68' title='bbox 395 794 435 822; x_wconf 90' lang='lat' dir='ltr'>et</span> <span class='ocrx_word' id='word_1_69' title='bbox 476 783 601 822; x_wconf 80' lang='lat' dir='ltr'>cedro</span> <span class='ocrx_word' id='word_1_70' title='bbox 643 782 778 822; x_wconf 86' lang='lat' dir='ltr'>fuerat</span> <span class='ocrx_word' id='word_1_71' title='bbox 817 793 1066 830; x_wconf 84' lang='lat' dir='ltr'>assumtum,</span> <span class='ocrx_word' id='word_1_72' title='bbox 1112 780 1154 821; x_wconf 89' lang='lat' dir='ltr'>in</span> <span class='ocrx_word' id='word_1_73' title='bbox 1191 792 1375 830; x_wconf 86' lang='lat' dir='ltr'>tantum,</span> <span class='ocrx_word' id='word_1_74' title='bbox 1417 792 1464 820; x_wconf 88' lang='lat' dir='ltr'>ut</span> <span class='ocrx_word' id='word_1_75' title='bbox 1501 780 1661 820; x_wconf 81' lang='lat' dir='ltr'>radices</span> 
     </span>
     <span class='ocr_line' id='line_1_10' title="bbox 243 858 1661 915; baseline -0.001 -16"><span class='ocrx_word' id='word_1_76' title='bbox 243 875 334 899; x_wconf 86' lang='lat' dir='ltr'>suas</span> <span class='ocrx_word' id='word_1_77' title='bbox 366 861 442 900; x_wconf 90' lang='lat' dir='ltr'>sub</span> <span class='ocrx_word' id='word_1_78' title='bbox 473 860 602 915; x_wconf 89' lang='lat' dir='ltr'>ipsius</span> <span class='ocrx_word' id='word_1_79' title='bbox 632 872 781 900; x_wconf 91' lang='lat' dir='ltr'>trunco</span> <span class='ocrx_word' id='word_1_80' title='bbox 816 860 993 900; x_wconf 81' lang='lat' dir='ltr'>consitas</span> <span class='ocrx_word' id='word_1_81' title='bbox 1022 860 1206 900; x_wconf 81' lang='lat' dir='ltr'>haberet.</span> <span class='ocrx_word' id='word_1_82' title='bbox 1266 858 1321 898; x_wconf 88' lang='lat' dir='ltr'>Et</span> <span class='ocrx_word' id='word_1_83' title='bbox 1351 858 1522 913; x_wconf 87' lang='lat' dir='ltr'>quidem</span> <span class='ocrx_word' id='word_1_84' title='bbox 1553 858 1661 898; x_wconf 83' lang='lat' dir='ltr'>sacta</span> 
     </span>
     <span class='ocr_line' id='line_1_11' title="bbox 245 935 1661 993; baseline -0.002 -15"><span class='ocrx_word' id='word_1_85' title='bbox 245 949 306 978; x_wconf 86' lang='lat' dir='ltr'>est</span> <span class='ocrx_word' id='word_1_86' title='bbox 335 937 443 987; x_wconf 85' lang='lat' dir='ltr'>vitis,</span> <span class='ocrx_word' id='word_1_87' title='bbox 476 950 517 978; x_wconf 91' lang='lat' dir='ltr'>et</span> <span class='ocrx_word' id='word_1_88' title='bbox 545 937 646 978; x_wconf 82' lang='lat' dir='ltr'>fecit</span> <span class='ocrx_word' id='word_1_89' title='bbox 674 937 951 993; x_wconf 80' lang='lat' dir='ltr'>propagines,</span> <span class='ocrx_word' id='word_1_90' title='bbox 984 948 1024 977; x_wconf 88' lang='lat' dir='ltr'>et</span> <span class='ocrx_word' id='word_1_91' title='bbox 1054 935 1239 977; x_wconf 85' lang='lat' dir='ltr'>extendit</span> <span class='ocrx_word' id='word_1_92' title='bbox 1267 936 1434 977; x_wconf 88' lang='lat' dir='ltr'>arbusta</span> <span class='ocrx_word' id='word_1_93' title='bbox 1463 952 1546 977; x_wconf 84' lang='lat' dir='ltr'>sua.</span> <span class='ocrx_word' id='word_1_94' title='bbox 1606 936 1661 976; x_wconf 84' lang='lat' dir='ltr'>Et</span> 
     </span>
     <span class='ocr_line' id='line_1_12' title="bbox 241 1012 1660 1071; baseline -0.003 -15"><span class='ocrx_word' id='word_1_95' title='bbox 241 1027 339 1071; x_wconf 88' lang='lat' dir='ltr'>post</span> <span class='ocrx_word' id='word_1_96' title='bbox 368 1016 468 1056; x_wconf 87' lang='lat' dir='ltr'>haec</span> <span class='ocrx_word' id='word_1_97' title='bbox 500 1015 612 1056; x_wconf 88' lang='lat' dir='ltr'>venit</span> <span class='ocrx_word' id='word_1_98' title='bbox 642 1015 723 1055; x_wconf 85' lang='lat' dir='ltr'>alia</span> <span class='ocrx_word' id='word_1_99' title='bbox 753 1014 912 1070; x_wconf 85' lang='lat' dir='ltr'>aquila,</span> <span class='ocrx_word' id='word_1_100' title='bbox 945 1025 985 1054; x_wconf 89' lang='lat' dir='ltr'>et</span> <span class='ocrx_word' id='word_1_101' title='bbox 1014 1014 1103 1070; x_wconf 88' lang='lat' dir='ltr'>ipsa</span> <span class='ocrx_word' id='word_1_102' title='bbox 1134 1029 1292 1066; x_wconf 83' lang='lat' dir='ltr'>magna,</span> <span class='ocrx_word' id='word_1_103' title='bbox 1323 1014 1480 1066; x_wconf 84' lang='lat' dir='ltr'>magnis</span> <span class='ocrx_word' id='word_1_104' title='bbox 1512 1012 1586 1053; x_wconf 88' lang='lat' dir='ltr'>alis</span> <span class='ocrx_word' id='word_1_105' title='bbox 1619 1024 1660 1053; x_wconf 88' lang='lat' dir='ltr'>et</span> 
     </span>
     <span class='ocr_line' id='line_1_13' title="bbox 243 1091 1660 1148; baseline -0.002 -15"><span class='ocrx_word' id='word_1_106' title='bbox 243 1092 428 1148; x_wconf 75' lang='lat' dir='ltr'>copiosis</span> <span class='ocrx_word' id='word_1_107' title='bbox 459 1093 526 1132; x_wconf 90' lang='lat' dir='ltr'>vel</span> <span class='ocrx_word' id='word_1_108' title='bbox 555 1092 736 1147; x_wconf 79' lang='lat' dir='ltr'>plumis,</span> <span class='ocrx_word' id='word_1_109' title='bbox 767 1092 851 1132; x_wconf 85' lang='lat' dir='ltr'>sive</span> <span class='ocrx_word' id='word_1_110' title='bbox 882 1091 1111 1144; x_wconf 85' lang='lat' dir='ltr'>unguibus:</span> <span class='ocrx_word' id='word_1_111' title='bbox 1156 1103 1196 1131; x_wconf 86' lang='lat' dir='ltr'>et</span> <span class='ocrx_word' id='word_1_112' title='bbox 1227 1107 1322 1144; x_wconf 84' lang='lat' dir='ltr'>ecce</span> <span class='ocrx_word' id='word_1_113' title='bbox 1354 1091 1431 1131; x_wconf 85' lang='lat' dir='ltr'>ista</span> <span class='ocrx_word' id='word_1_114' title='bbox 1461 1091 1578 1140; x_wconf 81' lang='lat' dir='ltr'>vitis,</span> <span class='ocrx_word' id='word_1_115' title='bbox 1608 1091 1660 1129; x_wconf 86' lang='lat' dir='ltr'>de</span> 
     </span>
     <span class='ocr_line' id='line_1_14' title="bbox 242 1168 1658 1225; baseline -0.001 -16"><span class='ocrx_word' id='word_1_116' title='bbox 242 1186 322 1225; x_wconf 88' lang='lat' dir='ltr'>qua</span> <span class='ocrx_word' id='word_1_117' title='bbox 351 1185 461 1209; x_wconf 87' lang='lat' dir='ltr'>nunc</span> <span class='ocrx_word' id='word_1_118' title='bbox 492 1168 693 1219; x_wconf 81' lang='lat' dir='ltr'>diximus,</span> <span class='ocrx_word' id='word_1_119' title='bbox 730 1169 923 1208; x_wconf 86' lang='lat' dir='ltr'>veniente</span> <span class='ocrx_word' id='word_1_120' title='bbox 961 1170 1141 1208; x_wconf 89' lang='lat' dir='ltr'>secunda</span> <span class='ocrx_word' id='word_1_121' title='bbox 1171 1168 1310 1223; x_wconf 87' lang='lat' dir='ltr'>aquila</span> <span class='ocrx_word' id='word_1_122' title='bbox 1342 1168 1568 1208; x_wconf 79' lang='lat' dir='ltr'>declinavit</span> <span class='ocrx_word' id='word_1_123' title='bbox 1596 1180 1658 1208; x_wconf 90' lang='lat' dir='ltr'>te-</span> 
     </span>
     <span class='ocr_line' id='line_1_15' title="bbox 239 1245 1661 1301; baseline -0.001 -14"><span class='ocrx_word' id='word_1_124' title='bbox 239 1257 492 1287; x_wconf 86' lang='lat' dir='ltr'>stamentum</span> <span class='ocrx_word' id='word_1_125' title='bbox 521 1263 643 1286; x_wconf 89' lang='lat' dir='ltr'>suum</span> <span class='ocrx_word' id='word_1_126' title='bbox 673 1247 727 1286; x_wconf 86' lang='lat' dir='ltr'>ad</span> <span class='ocrx_word' id='word_1_127' title='bbox 757 1262 868 1295; x_wconf 84' lang='lat' dir='ltr'>eam,</span> <span class='ocrx_word' id='word_1_128' title='bbox 899 1261 1097 1301; x_wconf 81' lang='lat' dir='ltr'>spernens</span> <span class='ocrx_word' id='word_1_129' title='bbox 1128 1245 1171 1285; x_wconf 88' lang='lat' dir='ltr'>id</span> <span class='ocrx_word' id='word_1_130' title='bbox 1197 1256 1514 1295; x_wconf 85' lang='lat' dir='ltr'>testamentum,</span> <span class='ocrx_word' id='word_1_131' title='bbox 1546 1246 1661 1301; x_wconf 86' lang='lat' dir='ltr'>quod</span> 
     </span>
     <span class='ocr_line' id='line_1_16' title="bbox 242 1321 1662 1380; baseline -0.001 -16"><span class='ocrx_word' id='word_1_132' title='bbox 242 1324 358 1380; x_wconf 90' lang='lat' dir='ltr'>prius</span> <span class='ocrx_word' id='word_1_133' title='bbox 400 1340 496 1364; x_wconf 90' lang='lat' dir='ltr'>cum</span> <span class='ocrx_word' id='word_1_134' title='bbox 535 1325 684 1364; x_wconf 89' lang='lat' dir='ltr'>arbore</span> <span class='ocrx_word' id='word_1_135' title='bbox 722 1324 902 1372; x_wconf 79' lang='lat' dir='ltr'>fecerat,</span> <span class='ocrx_word' id='word_1_136' title='bbox 947 1322 988 1362; x_wconf 90' lang='lat' dir='ltr'>in</span> <span class='ocrx_word' id='word_1_137' title='bbox 1034 1340 1114 1379; x_wconf 86' lang='lat' dir='ltr'>qua</span> <span class='ocrx_word' id='word_1_138' title='bbox 1157 1323 1357 1364; x_wconf 87' lang='lat' dir='ltr'>reclinata</span> <span class='ocrx_word' id='word_1_139' title='bbox 1395 1321 1487 1362; x_wconf 82' lang='lat' dir='ltr'>vitis</span> <span class='ocrx_word' id='word_1_140' title='bbox 1525 1323 1662 1363; x_wconf 79' lang='lat' dir='ltr'>fuerat</span> 
     </span>
     <span class='ocr_line' id='line_1_17' title="bbox 242 1399 1661 1456; baseline -0.001 -14"><span class='ocrx_word' id='word_1_141' title='bbox 242 1402 415 1451; x_wconf 82' lang='lat' dir='ltr'>effecta,</span> <span class='ocrx_word' id='word_1_142' title='bbox 456 1412 496 1441; x_wconf 88' lang='lat' dir='ltr'>et</span> <span class='ocrx_word' id='word_1_143' title='bbox 530 1399 833 1456; x_wconf 82' lang='lat' dir='ltr'>propaginibus</span> <span class='ocrx_word' id='word_1_144' title='bbox 870 1400 990 1440; x_wconf 85' lang='lat' dir='ltr'>factis</span> <span class='ocrx_word' id='word_1_145' title='bbox 1032 1403 1198 1442; x_wconf 85' lang='lat' dir='ltr'>arbusta</span> <span class='ocrx_word' id='word_1_146' title='bbox 1237 1400 1359 1441; x_wconf 87' lang='lat' dir='ltr'>latius</span> <span class='ocrx_word' id='word_1_147' title='bbox 1389 1402 1578 1451; x_wconf 87' lang='lat' dir='ltr'>fuderat,</span> <span class='ocrx_word' id='word_1_148' title='bbox 1621 1412 1661 1441; x_wconf 89' lang='lat' dir='ltr'>et</span> 
     </span>
     <span class='ocr_line' id='line_1_18' title="bbox 240 1478 1658 1536; baseline 0 -17"><span class='ocrx_word' id='word_1_149' title='bbox 240 1478 460 1534; x_wconf 78' lang='lat' dir='ltr'>complexa</span> <span class='ocrx_word' id='word_1_150' title='bbox 491 1489 552 1518; x_wconf 91' lang='lat' dir='ltr'>est</span> <span class='ocrx_word' id='word_1_151' title='bbox 581 1478 807 1519; x_wconf 84' lang='lat' dir='ltr'>secundam</span> <span class='ocrx_word' id='word_1_152' title='bbox 836 1478 1039 1532; x_wconf 80' lang='lat' dir='ltr'>aquilam,</span> <span class='ocrx_word' id='word_1_153' title='bbox 1081 1489 1122 1518; x_wconf 89' lang='lat' dir='ltr'>et</span> <span class='ocrx_word' id='word_1_154' title='bbox 1149 1478 1310 1518; x_wconf 81' lang='lat' dir='ltr'>radices</span> <span class='ocrx_word' id='word_1_155' title='bbox 1341 1495 1431 1519; x_wconf 87' lang='lat' dir='ltr'>suas</span> <span class='ocrx_word' id='word_1_156' title='bbox 1463 1495 1485 1519; x_wconf 86' lang='lat' dir='ltr'>a</span> <span class='ocrx_word' id='word_1_157' title='bbox 1513 1479 1658 1536; x_wconf 85' lang='lat' dir='ltr'>priore</span> 
     </span>
     <span class='ocr_line' id='line_1_19' title="bbox 239 1554 1659 1612; baseline -0.001 -14"><span class='ocrx_word' id='word_1_158' title='bbox 239 1556 450 1598; x_wconf 83' lang='lat' dir='ltr'>transtulit</span> <span class='ocrx_word' id='word_1_159' title='bbox 480 1557 532 1596; x_wconf 86' lang='lat' dir='ltr'>ad</span> <span class='ocrx_word' id='word_1_160' title='bbox 561 1566 818 1611; x_wconf 85' lang='lat' dir='ltr'>sequentem.</span> <span class='ocrx_word' id='word_1_161' title='bbox 867 1554 1035 1596; x_wconf 84' lang='lat' dir='ltr'>Deinde</span> <span class='ocrx_word' id='word_1_162' title='bbox 1066 1555 1260 1611; x_wconf 84' lang='lat' dir='ltr'>palmites</span> <span class='ocrx_word' id='word_1_163' title='bbox 1291 1556 1430 1596; x_wconf 89' lang='lat' dir='ltr'>emisit</span> <span class='ocrx_word' id='word_1_164' title='bbox 1459 1557 1511 1596; x_wconf 87' lang='lat' dir='ltr'>ad</span> <span class='ocrx_word' id='word_1_165' title='bbox 1541 1556 1659 1612; x_wconf 87' lang='lat' dir='ltr'>aqui-</span> 
     </span>
     <span class='ocr_line' id='line_1_20' title="bbox 241 1632 1659 1688; baseline 0 -14"><span class='ocrx_word' id='word_1_166' title='bbox 241 1635 325 1674; x_wconf 86' lang='lat' dir='ltr'>lam</span> <span class='ocrx_word' id='word_1_167' title='bbox 357 1633 606 1682; x_wconf 83' lang='lat' dir='ltr'>secundam,</span> <span class='ocrx_word' id='word_1_168' title='bbox 652 1644 700 1672; x_wconf 87' lang='lat' dir='ltr'>ut</span> <span class='ocrx_word' id='word_1_169' title='bbox 738 1632 928 1684; x_wconf 83' lang='lat' dir='ltr'>irrigaret</span> <span class='ocrx_word' id='word_1_170' title='bbox 966 1648 1057 1672; x_wconf 85' lang='lat' dir='ltr'>eam</span> <span class='ocrx_word' id='word_1_171' title='bbox 1098 1648 1193 1672; x_wconf 88' lang='lat' dir='ltr'>cum</span> <span class='ocrx_word' id='word_1_172' title='bbox 1231 1633 1353 1684; x_wconf 81' lang='lat' dir='ltr'>gleba</span> <span class='ocrx_word' id='word_1_173' title='bbox 1388 1633 1659 1688; x_wconf 79' lang='lat' dir='ltr'>plantationis</span> 
     </span>
     <span class='ocr_line' id='line_1_21' title="bbox 243 1709 1662 1770; baseline 0 -18"><span class='ocrx_word' id='word_1_174' title='bbox 243 1712 330 1770; x_wconf 88' lang='lat' dir='ltr'>ejus</span> <span class='ocrx_word' id='word_1_175' title='bbox 360 1711 403 1751; x_wconf 86' lang='lat' dir='ltr'>in</span> <span class='ocrx_word' id='word_1_176' title='bbox 434 1726 585 1765; x_wconf 86' lang='lat' dir='ltr'>campo</span> <span class='ocrx_word' id='word_1_177' title='bbox 618 1710 756 1749; x_wconf 86' lang='lat' dir='ltr'>bono:</span> <span class='ocrx_word' id='word_1_178' title='bbox 801 1719 842 1749; x_wconf 84' lang='lat' dir='ltr'>et</span> <span class='ocrx_word' id='word_1_179' title='bbox 872 1724 977 1764; x_wconf 85' lang='lat' dir='ltr'>aqua</span> <span class='ocrx_word' id='word_1_180' title='bbox 1005 1709 1150 1749; x_wconf 79' lang='lat' dir='ltr'>multa.</span> <span class='ocrx_word' id='word_1_181' title='bbox 1210 1709 1266 1750; x_wconf 85' lang='lat' dir='ltr'>Et</span> <span class='ocrx_word' id='word_1_182' title='bbox 1294 1710 1466 1766; x_wconf 87' lang='lat' dir='ltr'>quidem</span> <span class='ocrx_word' id='word_1_183' title='bbox 1494 1711 1662 1763; x_wconf 87' lang='lat' dir='ltr'>irrigata</span> 
     </span>
     <span class='ocr_line' id='line_1_22' title="bbox 242 1786 1662 1844; baseline 0 -14"><span class='ocrx_word' id='word_1_184' title='bbox 242 1791 344 1830; x_wconf 86' lang='lat' dir='ltr'>haec</span> <span class='ocrx_word' id='word_1_185' title='bbox 374 1789 464 1844; x_wconf 87' lang='lat' dir='ltr'>ipsa</span> <span class='ocrx_word' id='word_1_186' title='bbox 493 1786 611 1836; x_wconf 88' lang='lat' dir='ltr'>vitis,</span> <span class='ocrx_word' id='word_1_187' title='bbox 655 1797 697 1827; x_wconf 86' lang='lat' dir='ltr'>et</span> <span class='ocrx_word' id='word_1_188' title='bbox 721 1786 919 1826; x_wconf 86' lang='lat' dir='ltr'>translata</span> <span class='ocrx_word' id='word_1_189' title='bbox 947 1787 999 1826; x_wconf 87' lang='lat' dir='ltr'>ad</span> <span class='ocrx_word' id='word_1_190' title='bbox 1030 1786 1214 1842; x_wconf 84' lang='lat' dir='ltr'>aquilam</span> <span class='ocrx_word' id='word_1_191' title='bbox 1244 1790 1490 1838; x_wconf 86' lang='lat' dir='ltr'>secundam,</span> <span class='ocrx_word' id='word_1_192' title='bbox 1527 1801 1573 1830; x_wconf 91' lang='lat' dir='ltr'>ut</span> <span class='ocrx_word' id='word_1_193' title='bbox 1602 1791 1662 1830; x_wconf 89' lang='lat' dir='ltr'>fa-</span> 
     </span>
     <span class='ocr_line' id='line_1_23' title="bbox 243 1864 1660 1914; baseline 0.001 -7"><span class='ocrx_word' id='word_1_194' title='bbox 243 1878 356 1907; x_wconf 86' lang='lat' dir='ltr'>ceret</span> <span class='ocrx_word' id='word_1_195' title='bbox 384 1865 660 1913; x_wconf 87' lang='lat' dir='ltr'>incrementa,</span> <span class='ocrx_word' id='word_1_196' title='bbox 698 1875 745 1904; x_wconf 92' lang='lat' dir='ltr'>ut</span> <span class='ocrx_word' id='word_1_197' title='bbox 783 1864 955 1905; x_wconf 88' lang='lat' dir='ltr'>afferret</span> <span class='ocrx_word' id='word_1_198' title='bbox 984 1864 1192 1914; x_wconf 80' lang='lat' dir='ltr'>fructum,</span> <span class='ocrx_word' id='word_1_199' title='bbox 1231 1876 1278 1905; x_wconf 94' lang='lat' dir='ltr'>ut</span> <span class='ocrx_word' id='word_1_200' title='bbox 1307 1866 1427 1906; x_wconf 85' lang='lat' dir='ltr'>fieret</span> <span class='ocrx_word' id='word_1_201' title='bbox 1456 1866 1499 1907; x_wconf 87' lang='lat' dir='ltr'>in</span> <span class='ocrx_word' id='word_1_202' title='bbox 1529 1867 1660 1908; x_wconf 89' lang='lat' dir='ltr'>vitem</span> 
     </span>
     <span class='ocr_line' id='line_1_24' title="bbox 239 1941 1659 2000; baseline 0 -15"><span class='ocrx_word' id='word_1_203' title='bbox 239 1960 442 1997; x_wconf 87' lang='lat' dir='ltr'>magnam.</span> <span class='ocrx_word' id='word_1_204' title='bbox 515 1942 682 1983; x_wconf 90' lang='lat' dir='ltr'>Idcirco</span> <span class='ocrx_word' id='word_1_205' title='bbox 727 1942 961 1997; x_wconf 88' lang='lat' dir='ltr'>prophetae</span> <span class='ocrx_word' id='word_1_206' title='bbox 1004 1941 1259 1997; x_wconf 88' lang='lat' dir='ltr'>imperatur,</span> <span class='ocrx_word' id='word_1_207' title='bbox 1302 1955 1349 1983; x_wconf 88' lang='lat' dir='ltr'>ut</span> <span class='ocrx_word' id='word_1_208' title='bbox 1387 1944 1520 1995; x_wconf 87' lang='lat' dir='ltr'>dicat,</span> <span class='ocrx_word' id='word_1_209' title='bbox 1564 1945 1659 2000; x_wconf 87' lang='lat' dir='ltr'>quia</span> 
     </span>
     <span class='ocr_line' id='line_1_25' title="bbox 238 2018 1659 2077; baseline 0.001 -16"><span class='ocrx_word' id='word_1_210' title='bbox 238 2031 536 2061; x_wconf 86' lang='lat' dir='ltr'>testamentum</span> <span class='ocrx_word' id='word_1_211' title='bbox 564 2020 870 2072; x_wconf 82' lang='lat' dir='ltr'>transgrediens</span> <span class='ocrx_word' id='word_1_212' title='bbox 899 2018 1018 2069; x_wconf 80' lang='lat' dir='ltr'>vitis,</span> <span class='ocrx_word' id='word_1_213' title='bbox 1058 2020 1174 2074; x_wconf 89' lang='lat' dir='ltr'>quod</span> <span class='ocrx_word' id='word_1_214' title='bbox 1207 2020 1364 2061; x_wconf 83' lang='lat' dir='ltr'>fecerat</span> <span class='ocrx_word' id='word_1_215' title='bbox 1394 2037 1489 2061; x_wconf 87' lang='lat' dir='ltr'>cum</span> <span class='ocrx_word' id='word_1_216' title='bbox 1519 2021 1659 2077; x_wconf 86' lang='lat' dir='ltr'>aquila</span> 
     </span>
     <span class='ocr_line' id='line_1_26' title="bbox 241 2096 1659 2154; baseline 0.001 -16"><span class='ocrx_word' id='word_1_217' title='bbox 241 2098 407 2154; x_wconf 89' lang='lat' dir='ltr'>priore,</span> <span class='ocrx_word' id='word_1_218' title='bbox 441 2108 483 2137; x_wconf 89' lang='lat' dir='ltr'>et</span> <span class='ocrx_word' id='word_1_219' title='bbox 507 2108 690 2137; x_wconf 87' lang='lat' dir='ltr'>statuens</span> <span class='ocrx_word' id='word_1_220' title='bbox 720 2096 830 2136; x_wconf 82' lang='lat' dir='ltr'>illud</span> <span class='ocrx_word' id='word_1_221' title='bbox 861 2113 956 2136; x_wconf 85' lang='lat' dir='ltr'>cum</span> <span class='ocrx_word' id='word_1_222' title='bbox 985 2097 1188 2145; x_wconf 82' lang='lat' dir='ltr'>secunda,</span> <span class='ocrx_word' id='word_1_223' title='bbox 1218 2113 1304 2137; x_wconf 90' lang='lat' dir='ltr'>non</span> <span class='ocrx_word' id='word_1_224' title='bbox 1334 2097 1555 2150; x_wconf 82' lang='lat' dir='ltr'>dirigatur,</span> <span class='ocrx_word' id='word_1_225' title='bbox 1585 2116 1659 2140; x_wconf 89' lang='lat' dir='ltr'>ne-</span> 
     </span>
     <span class='ocr_line' id='line_1_27' title="bbox 243 2172 1658 2232; baseline 0 -16"><span class='ocrx_word' id='word_1_226' title='bbox 243 2192 324 2232; x_wconf 84' lang='lat' dir='ltr'>que</span> <span class='ocrx_word' id='word_1_227' title='bbox 361 2173 521 2215; x_wconf 87' lang='lat' dir='ltr'>radices</span> <span class='ocrx_word' id='word_1_228' title='bbox 564 2172 857 2214; x_wconf 86' lang='lat' dir='ltr'>teneritudinis</span> <span class='ocrx_word' id='word_1_229' title='bbox 898 2172 984 2230; x_wconf 84' lang='lat' dir='ltr'>ejus</span> <span class='ocrx_word' id='word_1_230' title='bbox 1024 2173 1243 2213; x_wconf 76' lang='lat' dir='ltr'>effloreant</span> <span class='ocrx_word' id='word_1_231' title='bbox 1263 2173 1327 2229; x_wconf 87' lang='lat'>²):</span> <span class='ocrx_word' id='word_1_232' title='bbox 1373 2173 1474 2229; x_wconf 86' lang='lat' dir='ltr'>quin</span> <span class='ocrx_word' id='word_1_233' title='bbox 1516 2175 1658 2230; x_wconf 79' lang='lat' dir='ltr'>potius</span> 
     </span>
     <span class='ocr_line' id='line_1_28' title="bbox 243 2249 1658 2309; baseline -0.001 -15"><span class='ocrx_word' id='word_1_234' title='bbox 243 2255 403 2294; x_wconf 86' lang='lat' dir='ltr'>fructus</span> <span class='ocrx_word' id='word_1_235' title='bbox 436 2250 523 2309; x_wconf 77' lang='lat' dir='ltr'>ejus</span> <span class='ocrx_word' id='word_1_236' title='bbox 551 2262 731 2306; x_wconf 89' lang='lat' dir='ltr'>propter</span> <span class='ocrx_word' id='word_1_237' title='bbox 757 2249 1112 2290; x_wconf 85' lang='lat' dir='ltr'>transcensionem</span> <span class='ocrx_word' id='word_1_238' title='bbox 1141 2249 1227 2308; x_wconf 87' lang='lat' dir='ltr'>ejus</span> <span class='ocrx_word' id='word_1_239' title='bbox 1257 2262 1471 2307; x_wconf 87' lang='lat' dir='ltr'>putreant,</span> <span class='ocrx_word' id='word_1_240' title='bbox 1504 2263 1545 2292; x_wconf 89' lang='lat' dir='ltr'>et</span> <span class='ocrx_word' id='word_1_241' title='bbox 1569 2268 1658 2293; x_wconf 88' lang='lat' dir='ltr'>are-</span> 
     </span>
     <span class='ocr_line' id='line_1_29' title="bbox 243 2326 1656 2384; baseline -0.001 -12"><span class='ocrx_word' id='word_1_242' title='bbox 243 2342 359 2372; x_wconf 87' lang='lat' dir='ltr'>scant</span> <span class='ocrx_word' id='word_1_243' title='bbox 398 2328 563 2378; x_wconf 86' lang='lat' dir='ltr'>omnia,</span> <span class='ocrx_word' id='word_1_244' title='bbox 604 2344 709 2384; x_wconf 88' lang='lat' dir='ltr'>quae</span> <span class='ocrx_word' id='word_1_245' title='bbox 748 2328 799 2368; x_wconf 89' lang='lat' dir='ltr'>de</span> <span class='ocrx_word' id='word_1_246' title='bbox 841 2343 888 2368; x_wconf 89' lang='lat' dir='ltr'>ea</span> <span class='ocrx_word' id='word_1_247' title='bbox 927 2327 1191 2377; x_wconf 84' lang='lat' dir='ltr'>oriebantur,</span> <span class='ocrx_word' id='word_1_248' title='bbox 1232 2338 1273 2368; x_wconf 88' lang='lat' dir='ltr'>et</span> <span class='ocrx_word' id='word_1_249' title='bbox 1308 2326 1392 2384; x_wconf 78' lang='lat' dir='ltr'>jam</span> <span class='ocrx_word' id='word_1_250' title='bbox 1429 2329 1538 2369; x_wconf 87' lang='lat' dir='ltr'>ultra</span> <span class='ocrx_word' id='word_1_251' title='bbox 1569 2346 1656 2370; x_wconf 92' lang='lat' dir='ltr'>non</span> 
     </span>
     <span class='ocr_line' id='line_1_30' title="bbox 242 2405 1657 2463; baseline -0.001 -15"><span class='ocrx_word' id='word_1_252' title='bbox 242 2409 392 2448; x_wconf 82' lang='lat' dir='ltr'>habeat</span> <span class='ocrx_word' id='word_1_253' title='bbox 414 2405 632 2446; x_wconf 82' lang='lat' dir='ltr'>brachium</span> <span class='ocrx_word' id='word_1_254' title='bbox 649 2420 845 2457; x_wconf 86' lang='lat' dir='ltr'>magnum</span> <span class='ocrx_word' id='word_1_255' title='bbox 867 2416 908 2445; x_wconf 89' lang='lat' dir='ltr'>et</span> <span class='ocrx_word' id='word_1_256' title='bbox 926 2406 1138 2461; x_wconf 91' lang='lat' dir='ltr'>populum</span> <span class='ocrx_word' id='word_1_257' title='bbox 1159 2405 1363 2446; x_wconf 86' lang='lat' dir='ltr'>multum:</span> <span class='ocrx_word' id='word_1_258' title='bbox 1394 2406 1600 2448; x_wconf 88' lang='lat' dir='ltr'>evellatur</span> <span class='ocrx_word' id='word_1_259' title='bbox 1613 2408 1657 2463; x_wconf 80' lang='lat'>3)</span> 
     </span>
     <span class='ocr_line' id='line_1_31' title="bbox 242 2481 1655 2542; baseline -0.002 -16"><span class='ocrx_word' id='word_1_260' title='bbox 242 2497 382 2542; x_wconf 84' lang='lat' dir='ltr'>autem</span> <span class='ocrx_word' id='word_1_261' title='bbox 410 2482 622 2532; x_wconf 87' lang='lat' dir='ltr'>radicitus,</span> <span class='ocrx_word' id='word_1_262' title='bbox 652 2493 694 2523; x_wconf 90' lang='lat' dir='ltr'>et</span> <span class='ocrx_word' id='word_1_263' title='bbox 723 2481 821 2522; x_wconf 89' lang='lat' dir='ltr'>licet</span> <span class='ocrx_word' id='word_1_264' title='bbox 848 2481 1016 2534; x_wconf 82' lang='lat' dir='ltr'>irrigata</span> <span class='ocrx_word' id='word_1_265' title='bbox 1038 2482 1104 2533; x_wconf 86' lang='lat' dir='ltr'>sit,</span> <span class='ocrx_word' id='word_1_266' title='bbox 1132 2494 1274 2524; x_wconf 85' lang='lat' dir='ltr'>tamen</span> <span class='ocrx_word' id='word_1_267' title='bbox 1295 2499 1380 2524; x_wconf 88' lang='lat' dir='ltr'>non</span> <span class='ocrx_word' id='word_1_268' title='bbox 1404 2495 1655 2539; x_wconf 78' lang='lat' dir='ltr'>perseveret,</span> 
     </span>
    </p>
   </div>
   <div class='ocr_carea' id='block_1_3' title="bbox 241 2558 1653 2617">
    <p class='ocr_par' dir='ltr' id='par_1_3' title="bbox 241 2558 1653 2617">
     <span class='ocr_line' id='line_1_32' title="bbox 241 2558 1653 2617; baseline -0.001 -15"><span class='ocrx_word' id='word_1_269' title='bbox 241 2574 284 2602; x_wconf 89' lang='lat' dir='ltr'>et</span> <span class='ocrx_word' id='word_1_270' title='bbox 323 2577 410 2602; x_wconf 90' lang='lat' dir='ltr'>non</span> <span class='ocrx_word' id='word_1_271' title='bbox 449 2560 650 2613; x_wconf 85' lang='lat' dir='ltr'>dirigatur</span> <span class='ocrx_word' id='word_1_272' title='bbox 691 2558 734 2599; x_wconf 88' lang='lat' dir='ltr'>in</span> <span class='ocrx_word' id='word_1_273' title='bbox 777 2560 1034 2600; x_wconf 87' lang='lat' dir='ltr'>ubertatem:</span> <span class='ocrx_word' id='word_1_274' title='bbox 1078 2559 1300 2617; x_wconf 84' lang='lat' dir='ltr'>statimque</span> <span class='ocrx_word' id='word_1_275' title='bbox 1345 2572 1391 2601; x_wconf 93' lang='lat' dir='ltr'>ut</span> <span class='ocrx_word' id='word_1_276' title='bbox 1437 2560 1653 2614; x_wconf 80' lang='lat' dir='ltr'>contigerit</span> 
     </span>
    </p>
   </div>
   <div class='ocr_carea' id='block_1_4' title="bbox 354 2726 1184 2922">
    <p class='ocr_par' dir='ltr' id='par_1_4' title="bbox 354 2726 1184 2922">
     <span class='ocr_line' id='line_1_33' title="bbox 359 2726 1184 2784; baseline 0.004 -17"><span class='ocrx_word' id='word_1_277' title='bbox 359 2728 399 2784; x_wconf 83' lang='lat'>¹)</span> <span class='ocrx_word' id='word_1_278' title='bbox 428 2727 537 2768; x_wconf 91' lang='lat' dir='ltr'>Edd.</span> <span class='ocrx_word' id='word_1_279' title='bbox 569 2726 762 2768; x_wconf 85' lang='lat' dir='ltr'>Merlini:</span> <span class='ocrx_word' id='word_1_280' title='bbox 791 2727 929 2778; x_wconf 88' lang='lat' dir='ltr'>idem,</span> <span class='ocrx_word' id='word_1_281' title='bbox 960 2729 1076 2784; x_wconf 88' lang='lat' dir='ltr'>quod</span> <span class='ocrx_word' id='word_1_282' title='bbox 1106 2740 1184 2771; x_wconf 89' lang='lat' dir='ltr'>etc.</span> 
     </span>
     <span class='ocr_line' id='line_1_34' title="bbox 354 2797 1041 2852; baseline 0.003 -15"><span class='ocrx_word' id='word_1_283' title='bbox 354 2798 398 2852; x_wconf 86' lang='lat'>²)</span> <span class='ocrx_word' id='word_1_284' title='bbox 427 2797 506 2838; x_wconf 86' lang='lat' dir='ltr'>Ed.</span> <span class='ocrx_word' id='word_1_285' title='bbox 536 2797 671 2838; x_wconf 82' lang='lat' dir='ltr'>Ruaei</span> <span class='ocrx_word' id='word_1_286' title='bbox 698 2798 809 2839; x_wconf 86' lang='lat' dir='ltr'>sola:</span> <span class='ocrx_word' id='word_1_287' title='bbox 840 2799 1041 2841; x_wconf 78' lang='lat' dir='ltr'>effloreat.</span> 
     </span>
     <span class='ocr_line' id='line_1_35' title="bbox 357 2867 992 2922; baseline 0.006 -15"><span class='ocrx_word' id='word_1_288' title='bbox 357 2868 400 2922; x_wconf 80' lang='lat'>³)</span> <span class='ocrx_word' id='word_1_289' title='bbox 431 2867 539 2908; x_wconf 90' lang='lat' dir='ltr'>Edd.</span> <span class='ocrx_word' id='word_1_290' title='bbox 570 2867 763 2910; x_wconf 86' lang='lat' dir='ltr'>Merlini:</span> <span class='ocrx_word' id='word_1_291' title='bbox 795 2869 992 2911; x_wconf 86' lang='lat' dir='ltr'>elevetur.</span> 
     </span>
    </p>
   </div>
  </div>
 </body>
</html>
