1738 3134
206 116 260 161 36
610 117 829 160 Omonffls
861 130 906 158 m
936 116 1232 160 Ezncnmmm

209 231 392 272 incertus
423 229 648 285 opperior,
692 230 891 286 quidnam
931 231 1035 272 mihi
1068 231 1110 271 in
1141 230 1218 270 illo
1249 230 1409 288 judicio
1442 232 1495 272 sit
1524 233 1636 273 sutu-

209 325 325 360 rum3
367 319 607 363 quantoque
648 307 776 359 magis
809 309 938 349 timor
966 308 1049 348 Dei
1079 308 1182 348 mihi
1215 308 1418 349 incutitur
1447 310 1499 349 ad
1529 310 1636 350 rcci-

211 386 365 441 picnda
396 395 557 434 cuncta,
590 399 694 440 quae
726 385 820 434 scci,
852 398 969 426 tanto
1000 386 1128 438 magis
1161 387 1373 426 custodire
1397 403 1463 426 me
1486 388 1640 436 debeo,

212 463 372 503 utinam
412 460 584 517 quidem
623 463 673 501 ab
706 463 899 502 omuibus
933 463 1136 518 pcccatis,
1176 463 1239 503 sin
1270 476 1411 504 autem
1441 465 1521 504 hoc
1551 481 1636 504 non

212 556 408 595 possum,
446 539 595 579 saltem
635 556 786 595 queam
825 557 847 580 a
886 542 1089 582 maximis.
1160 542 1274 581 Ilaec
1315 542 1366 581 (lc
1411 557 1483 591 eo,
1524 542 1639 596 quod

214 617 514 673 proposuimus
547 617 597 655 dc
629 617 870 672 prophetis,
910 618 981 673 qui
1019 620 1274 673 prophetant
1306 620 1357 658 dc
1391 619 1517 658 corde
1550 634 1640 666 suo,

216 695 268 734 ad
299 711 403 749 quos
439 693 614 733 dicitur:
653 695 830 743 „audite
858 696 896 751 ¹)
927 712 1166 735 sermonem
1196 695 1396 744 Domini,
1436 695 1537 735 haec
1579 694 1640 734 di-

219 773 276 813 cit
314 771 478 812 Adonai
518 770 750 812 Dominus:
792 788 866 812 vae
905 773 975 821 iis,
1016 773 1087 828 qui
1126 774 1381 829 prophetant
1420 773 1472 812 de
1513 772 1640 812 corde

219 866 319 899 suo,
364 848 437 905 qui
479 850 696 890 ambulant
737 861 834 905 post
874 849 1069 905 spiritum
1110 856 1272 890 suum.“
1330 850 1430 890 Duo
1471 860 1642 904 peccata

219 939 332 967 sunt:
371 943 502 966 unum
542 927 701 977 cordis,
740 926 856 967 aliud
897 927 1080 982 spiritus.
1151 926 1343 967 Primum
1383 927 1434 966 dc
1473 925 1642 965 meliori

219 1016 335 1059 parte
379 1004 615 1053 videamus,
659 1015 706 1044 ut
750 1003 958 1059 possimus
1005 1003 1128 1044 etiam
1170 1020 1238 1053 ca,
1286 1020 1389 1059 quac
1437 1002 1645 1044 contraria

220 1093 335 1130 sunt,
367 1081 643 1122 considerare.
703 1081 936 1137 Apostolus
966 1081 1176 1137 loquitur:
1217 1083 1386 1130 „orabo
1409 1081 1451 1136 2)
1482 1079 1645 1135 spiritu,

221 1158 351 1198 orabo
385 1169 426 1197 ct
454 1164 618 1198 sensu.“
667 1156 755 1211 Qui
785 1174 926 1198 sensus
957 1157 999 1197 in
1032 1159 1160 1198 corde
1189 1159 1315 1199 habet
1344 1158 1644 1198 habitaculum.

222 1235 441 1285 „Psallam
462 1234 504 1290 ³)
536 1234 699 1290 spiritu,
729 1234 908 1289 psallam
933 1240 1097 1274 sensu.“
1142 1235 1274 1286 Igitur
1297 1246 1339 1275 et
1370 1234 1540 1290 spiritus
1573 1245 1645 1283 est,

223 1325 264 1353 et
307 1329 447 1353 sensus
492 1312 537 1352 in
579 1311 714 1352 nobis.
787 1311 842 1352 Et
888 1312 1107 1367 quomodo
1147 1323 1311 1351 sanctus
1349 1323 1441 1352 orat
1479 1311 1643 1366 spiritu,

223 1402 314 1430 orat
344 1401 385 1429 et
413 1405 548 1439 sensu,
578 1388 722 1444 psallit
750 1388 914 1443 spiritu,
944 1389 1089 1444 psallit
1118 1400 1159 1429 et
1188 1405 1331 1428 sensu:
1363 1388 1423 1428 sic
1453 1388 1543 1437 iste,
1575 1388 1646 1444 qui

223 1480 284 1508 est
313 1467 441 1507 falsus
472 1467 724 1522 prophetes,
755 1466 807 1505 de
840 1466 968 1506 corde
998 1465 1176 1521 proprio
1207 1466 1455 1521 prophetat,
1488 1477 1530 1505 et
1559 1482 1646 1505 am—

221 1544 341 1584 bulat
382 1559 469 1583 non
507 1554 606 1598 post
644 1541 838 1597 spiritum
877 1542 983 1592 Dei,
1028 1544 1102 1583 sed
1140 1553 1238 1598 post
1276 1542 1471 1598 spiritum
1509 1559 1644 1583 suum.

222 1622 299 1662 Est
336 1619 495 1675 quippe
537 1619 707 1675 quidam
746 1619 915 1675 spiritus
945 1618 1150 1669 hominis,
1189 1618 1261 1674 qui
1289 1631 1477 1660 versatur
1507 1619 1548 1659 in
1581 1636 1647 1669 co,

223 1709 321 1754 post
351 1713 476 1752 quem
505 1696 660 1751 procul
689 1695 818 1745 absit,
847 1708 895 1736 ut
926 1712 1002 1748 ego
1033 1696 1269 1746 ambulem,
1307 1698 1381 1736 sed
1411 1697 1647 1748 intelligens

221 1786 412 1816 sanctum
441 1772 651 1829 Spiritum
679 1771 764 1814 Dei
800 1784 899 1828 post
926 1772 1165 1812 Dominum
1200 1773 1345 1813 Jcsum
1382 1790 1526 1814 meum
1563 1791 1648 1814 am-

222 1853 381 1893 bulem.
440 1852 588 1905 Itaque
627 1850 885 1905 prophetae,
924 1848 997 1905 qui
1037 1850 1292 1905 prophetant
1333 1851 1385 1890 de
1417 1852 1566 1902 corde,
1609 1864 1648 1892 et

224 1929 440 1971 ambulant
468 1937 566 1982 post
596 1925 791 1981 spiritum
815 1942 902 1966 non
926 1937 1013 1966 tam
1027 1926 1126 1976 Dei,
1153 1943 1280 1981 quam
1305 1944 1440 1978 suum,
1473 1930 1646 1969 omnino

226 2007 342 2063 quod
379 2020 525 2057 graece
563 2003 718 2044 dicitur
755 2000 872 2058 16⁴²)
915 1999 1117 2045 καθόλου
1162 2018 1249 2042 non
1294 2003 1461 2055 vident,
1508 2017 1548 2046 et
1588 2018 1649 2046 est

226 2082 419 2135 ambigua
450 2098 498 2122 ex
527 2096 720 2122 sermone
750 2080 966 2120 sententia.
1026 2079 1124 2120 Sive
1155 2079 1268 2119 enim
1299 2097 1369 2131 ea,
1411 2098 1516 2137 quae
1554 2095 1649 2122 sunt

226 2159 455 2214 generalia,
495 2157 545 2201 τὸ
572 2159 613 2214 ⁵)
656 2154 883 2207 καθόλου,
924 2156 969 2197 id
1010 2168 1090 2207 est,
1131 2158 1339 2208 generalia
1375 2175 1463 2199 non
1492 2158 1648 2208 vident,

228 2238 328 2278 licet
358 2236 537 2292 quadam
570 2251 617 2275 ex
646 2246 764 2290 parte
797 2233 1080 2289 conspiciant:
1111 2233 1210 2285 sive,
1243 2236 1359 2290 quod
1390 2252 1465 2287 ego
1496 2236 1647 2276 melius

228 2330 348 2363 reor,
380 2312 553 2353 omnino
584 2327 670 2352 non
701 2310 867 2361 vident,
907 2311 1008 2352 licet
1037 2311 1118 2351 sibi
1149 2327 1196 2351 ex
1226 2324 1344 2366 parte
1378 2313 1557 2367 quadam
1587 2313 1648 2352 vi-

231 2393 407 2432 deantur
431 2390 589 2430 videre.
647 2388 735 2429 Alii
767 2388 923 2444 quippe
954 2388 996 2428 in
1025 2388 1149 2429 nobis
1180 2389 1296 2429 oculi
1326 2400 1421 2429 sunt
1448 2389 1648 2429 meliores

227 2469 304 2518 his,
337 2483 441 2523 quos
470 2467 670 2507 habemus
703 2465 747 2506 in
778 2482 970 2520 corpore.
1032 2464 1121 2518 Qui
1152 2465 1266 2505 oculi
1296 2477 1365 2505 aut
1388 2466 1534 2505 Jesum
1554 2466 1646 2505 Do-

227 2546 391 2587 minum
410 2544 567 2593 vident,
599 2541 670 2597 qul
701 2558 773 2583 eos
803 2543 855 2582 ad
884 2559 926 2583 se
958 2542 1206 2583 intuendum
1232 2542 1402 2594 creavit,
1433 2554 1503 2583 aut
1534 2554 1644 2583 certe

343 2711 385 2767 ¹)
416 2710 501 2752 Cfr.
533 2710 684 2750 Ezech.
712 2709 834 2760 XIII,
865 2708 905 2752 3.
1024 2709 1066 2765 2)
1099 2711 1118 2749 Ι
1140 2710 1236 2751 Cor.
1267 2711 1385 2761 XIV,
1416 2711 1480 2754 15.

342 2781 385 2835 ³)
415 2779 548 2821 ICor.
579 2780 695 2828 XIV,
728 2778 791 2821 15.
911 2780 953 2835 4)
984 2779 1136 2821 Ezech.
1166 2780 1289 2830 XIII,
1320 2779 1358 2823 3.

340 2851 384 2906 ⁵)
413 2850 578 2890 Desunt
607 2849 753 2890 verba:
785 2846 834 2891 τὸ
865 2847 1082 2900 καθόλου,
1112 2849 1155 2890 in
1189 2850 1254 2890 ed.
1285 2849 1430 2890 Ruaei.
