1759 3134
247 128 329 174 138
639 130 857 173 Omomus
889 141 934 172 m
963 129 1257 173 Ezncmmnm

246 242 496 284 adhibentur
535 242 792 294 ingentibus,
835 260 920 284 non
962 243 1073 300 juxta
1110 243 1406 298 aequalitatem
1444 242 1659 298 temporis,

246 337 329 376 quo
362 320 502 360 illatae
532 331 639 371 sunt,
667 321 742 361 sed
775 321 886 379 juxta
916 320 1121 360 rationem
1150 320 1396 361 curationis:
1430 320 1544 360 verbi
1573 337 1660 372 gra-

244 397 325 447 tia,
371 397 411 436 in
458 409 616 452 puncto
662 398 787 440 horne
827 401 1007 439 fractura
1045 415 1190 438 manus
1229 410 1270 439 et
1305 398 1424 454 pedis
1462 397 1660 439 contritio

246 474 419 515 accidit:
459 475 563 526 hoc,
606 478 721 532 quod
754 477 795 517 in
826 476 997 516 modico
1029 476 1185 516 factum
1217 486 1298 525 est,
1333 475 1544 516 mensibus
1576 476 1661 515 fere

244 552 399 603 tribus,
442 570 489 594 ac
535 554 662 606 longo
702 565 895 610 tempore
935 553 1001 593 vix
1043 564 1230 595 curatur:
1278 552 1336 594 sic
1376 565 1415 593 et
1454 553 1661 608 voluptas,

246 646 350 685 quae
380 646 531 671 nervos
562 631 724 672 animae
758 631 948 680 succidit,
980 642 1021 671 et
1046 630 1220 680 luxuria,
1254 642 1295 670 et
1318 631 1448 671 semel
1472 629 1662 670 universa

244 720 438 762 peccata,
475 725 568 749 curn
600 709 642 750 in
673 725 804 765 parvo
836 719 1031 763 tempore
1063 707 1277 748 infelicem
1308 708 1488 748 animam
1517 706 1662 747 illexe-

243 796 364 836 runt,
409 797 449 826 et
489 787 542 827 ad
584 786 680 827 vitia
719 796 954 834 traxerunt,
999 802 1195 838 magnum
1235 797 1383 841 postea
1419 796 1586 840 tempus
1620 783 1661 823 in

243 863 462 918 suppliciis
503 875 543 904 et
579 864 828 905 cruciatibus
857 874 1166 919 promerentur.
1223 862 1407 918 Propter
1436 863 1552 918 quod
1583 862 1664 901 hoc

243 940 346 980 dicit
383 942 616 984 Dominus:
663 954 742 993 „et
770 942 808 998 ¹)
854 941 1005 982 faciam
1047 941 1088 981 in
1128 952 1169 981 te
1207 940 1315 981 sicut
1352 939 1510 990 fecisti,
1554 938 1661 980 sicut

242 1018 436 1073 sprevisti
475 1020 577 1060 haec
619 1018 945 1074 praevaricando
977 1030 1272 1060 testamentum
1301 1034 1465 1071 meum;
1506 1028 1546 1057 et
1575 1033 1663 1056 me-

243 1113 339 1137 mor
379 1104 494 1138 ero.“
550 1096 762 1137 Primum:
807 1097 1062 1151 „quomodo
1087 1097 1129 1151 ²)
1172 1095 1305 1136 fecisti
1344 1095 1495 1136 faciam
1524 1094 1661 1134 tibi:“

243 1174 417 1214 deinde:
449 1189 652 1223 „memor
673 1173 716 1227 3)
751 1188 823 1212 ero
854 1172 1093 1212 testamenti
1122 1173 1230 1221 mei,
1261 1174 1377 1227 quod
1408 1172 1489 1212 feci
1522 1183 1660 1212 tecum

242 1250 284 1290 in
317 1250 464 1290 diebus
494 1249 694 1290 infantiae
731 1254 869 1289 tuae.“
926 1248 1049 1289 Fecit
1087 1249 1245 1305 quippe
1283 1261 1579 1290 testamentum
1620 1249 1661 1289 in

241 1327 389 1368 diebus
429 1326 626 1368 infantiae
664 1325 764 1382 ejus.
837 1325 1031 1367 Diximus
1069 1338 1209 1367 autem
1248 1343 1395 1382 supra,
1441 1328 1661 1383 quomodo

242 1422 336 1446 cum
368 1421 416 1445 ea
445 1404 593 1445 fecerit
623 1414 929 1444 testamentum.
991 1404 1084 1452 „Et
1106 1404 1148 1459 ⁴)
1187 1405 1397 1446 suscitabo
1430 1405 1508 1446 tibi
1537 1416 1661 1445 testa-

241 1494 431 1523 mentum
469 1481 515 1524 in
553 1487 811 1522 aeternum.“
879 1480 1005 1532 „Ego
1033 1481 1074 1536 ⁵)
1117 1481 1289 1531 occido,
1331 1493 1372 1522 et
1412 1499 1486 1535 ego
1527 1482 1661 1522 vivifi-

241 1564 406 1610 cabo,“
443 1560 511 1600 ait.
574 1557 661 1612 Qui
703 1575 832 1613 quum
870 1557 945 1598 ista
984 1557 1216 1613 promittit,
1258 1558 1428 1601 dolores
1459 1559 1579 1610 facit,
1620 1572 1661 1599 et

242 1656 408 1680 rursum
438 1637 641 1678 restituet.
701 1634 926 1684 Percussit,
957 1647 998 1674 et
1027 1652 1172 1676 manus
1203 1634 1289 1692 ejus
1319 1638 1533 1678 sanabunt.
1582 1637 1659 1677 Di-

241 1717 350 1757 citur
377 1715 419 1755 in
450 1713 664 1754 Michaea:
705 1711 848 1762 „iram
870 1713 911 1768 ⁶)
941 1711 1121 1752 Domini
1156 1712 1393 1764 sustinebo,
1437 1715 1533 1769 quia
1562 1731 1660 1770 pec-

242 1794 331 1836 cavi
364 1794 422 1843 ei,
462 1793 598 1832 donec
633 1789 833 1847 justificet
867 1789 957 1844 ipse
989 1805 1154 1830 causam
1183 1796 1364 1831 meam.“
1426 1790 1660 1845 Quomodo

240 1866 491 1930 justificatur
532 1885 650 1910 causa
687 1867 809 1908 mea?
883 1865 1066 1920 Quando
1094 1867 1134 1923 ⁷)
1181 1867 1285 1908 iram
1325 1868 1502 1909 Domini
1540 1869 1661 1910 susti-

241 1965 388 1997 nuero,
420 1947 492 2004 qui
523 1946 688 1987 divitias
717 1944 917 1985 bonitatis
954 1943 1041 2000 ejus
1073 1955 1113 1984 et
1143 1945 1368 2000 patientiae
1400 1958 1441 1986 et
1471 1947 1660 1999 longani-

239 2026 395 2067 mitatis
427 2023 654 2073 contemsi,
695 2034 736 2062 et
765 2021 877 2079 juxta
907 2037 1044 2061 meam
1075 2021 1273 2062 duritiam
1305 2034 1345 2062 et
1375 2022 1656 2079 impoenitens

239 2120 314 2144 cor
343 2100 617 2142 thesaurizavi
646 2099 750 2140 mihi
779 2099 883 2140 iram
914 2098 957 2139 in
987 2098 1054 2138 die
1086 2099 1169 2140 irae
1201 2111 1242 2140 et
1271 2100 1538 2142 revelationis
1559 2101 1658 2159 justi

237 2179 385 2238 judicii
415 2178 512 2219 Dei.

353 2256 390 2299 5·
435 2256 527 2306 „Et
550 2254 592 2311 Β)
633 2254 971 2295 dehonestaberis
1002 2257 1044 2294 in
1076 2270 1150 2306 e0‚
1192 2256 1306 2310 quod
1342 2257 1560 2312 suscepisti
1590 2273 1657 2298 so-

236 2350 352 2376 rores
391 2346 481 2374 tuas
519 2331 706 2373 seniores
744 2349 840 2373 cum
874 2329 1222 2382 adolescentulis,
1263 2345 1302 2374 et
1339 2335 1449 2375 dabo
1480 2335 1558 2375 tibi
1589 2351 1655 2376 eas

237 2412 280 2452 in
311 2410 689 2452 aedificationem.“
738 2410 879 2465 Supra
908 2426 1032 2450 unam
1064 2409 1167 2451 dixit
1196 2427 1389 2452 sororem
1408 2413 1655 2463 Sodomam,

354 2595 396 2650 ¹)
426 2588 576 2634 Ezech.
608 2593 724 2642 XVI,
754 2591 820 2634 59.
851 2590 917 2634 60.
1038 2592 1079 2646 ²)
1111 2592 1260 2633 Ezech.
1292 2593 1408 2643 XVI,
1438 2594 1504 2638 59.
1529 2644 1531 2646 ¹

353 2664 396 2719 ³)
426 2663 577 2703 Ezech.
608 2663 724 2712 XVI,
755 2661 821 2705 60.
942 2662 984 2719 ⁴)
1019 2663 1169 2704 Ezech.
1202 2663 1318 2713 XVI,
1349 2663 1415 2707 60.

355 2735 396 2789 ⁶)
426 2734 554 2775 Deut.
586 2733 768 2783 XXXII,
799 2733 865 2777 39.
988 2733 1030 2789 6)
1060 2733 1190 2775 Mich.
1223 2734 1318 2784 VII,
1347 2733 1387 2777 9.

355 2806 395 2862 ⁷)
426 2805 536 2845 Edd.
565 2802 764 2845 Merlini:
797 2803 1012 2858 Quoniam
1042 2803 1146 2845 iram
1180 2795 1256 2846 etc.

351 2874 395 2931 8)
425 2874 576 2916 Ezeeh.
608 2874 724 2925 xvi,
756 2872 823 2917 61.
1045 2894 1062 2912 .
