1759 3134
724 153 863 194 mez
893 152 924 192 1.
1456 152 1539 197 347

118 280 241 325 paeto
284 265 499 325 potuerint
538 266 763 323 aliquando
802 264 854 304 ad
898 263 1030 319 ipsam
1062 262 1149 321 ejus
1180 263 1539 321 incomprehensi-

120 346 250 387 bilem
280 356 404 400 atque
434 342 695 385 ineffabilem
721 339 993 383 substantiam
1016 341 1266 396 pervenire?
1308 343 1399 396 Ego
1419 354 1540 400 puto,

121 424 259 481 quod,
299 421 333 463 si
362 421 415 461 ad
443 420 482 477 ¹)
512 421 594 462 hoc
623 419 847 476 aliquando
878 417 1170 474 pervenerint,
1210 418 1294 477 jam
1332 436 1419 462 non
1453 437 1541 462 am-

119 501 288 550 bulent,
327 513 465 555 neque
506 508 693 547 currant,
738 496 813 537 sed
850 494 1030 536 vinculis
1069 494 1318 551 quibusdam
1363 497 1542 540 caritatis

121 576 208 635 ejus
237 574 458 617 adstrictae
488 575 738 616 adhaereant
768 571 828 622 ei,
861 589 913 614 ne
944 572 1055 613 ultra
1084 572 1333 615 mobilitatis
1364 574 1542 633 alicujus

120 654 231 695 ullus
260 652 304 693 in
333 650 384 693 iis
414 651 595 694 resideat
624 651 766 701 locus,
796 651 872 692 sed
899 650 982 692 sint
1012 667 1107 692 cum
1139 667 1190 692 eo
1221 667 1328 692 unus
1358 650 1543 708 spiritus,

121 742 162 772 et
193 729 459 786 compleatur
487 728 530 771 in
563 728 612 770 iis
641 728 771 778 illud,
811 729 926 785 quod
965 729 1170 786 scriptum
1209 739 1290 771 est:
1333 728 1478 780 „sicut
1497 728 1542 785 ²)

117 818 164 849 tu
193 817 314 863 pater
341 805 384 846 in
413 822 504 857 me,
548 817 589 848 et
619 822 696 859 ego
727 804 768 846 in
798 816 841 847 te
872 822 1005 847 unum
1035 822 1199 856 sumus,
1241 806 1301 848 ita
1332 817 1374 848 et
1400 805 1469 848 isti
1499 805 1543 848 in

116 883 239 927 nobis
268 900 400 924 unum
431 882 552 925 sint.“
611 883 697 924 Sed
726 898 837 924 nunc
868 882 1062 933 interim,
1093 894 1141 925 ut
1170 882 1360 934 videtur,
1391 899 1543 940 sponsa

119 960 367 1004 consociatis
391 959 472 1003 sibi
496 959 823 1002 adolescentulis
843 960 1002 1013 multis,
1036 972 1238 1018 quantum
1254 960 1297 1018 3)
1328 960 1372 1002 in
1401 972 1547 1018 poste-

117 1039 299 1083 rioribus
327 1038 469 1080 nullus
501 1053 588 1080 esse
617 1053 817 1080 numerus
853 1036 1027 1089 dicitur,
1067 1039 1119 1080 ab
1158 1055 1244 1080 uno
1281 1038 1376 1080 solo
1407 1053 1546 1089 sensu,

118 1115 164 1158 id
193 1127 275 1166 est,
306 1115 488 1157 odoratu
516 1116 813 1158 tantummodo
847 1126 989 1172 capta,
1021 1131 1188 1158 currere
1219 1132 1261 1158 se
1292 1115 1335 1158 in
1366 1116 1547 1158 odorem

118 1204 430 1248 unguentorum
467 1193 613 1251 sponsi
651 1204 979 1236 commemorat:
1019 1192 1106 1235 sive
1147 1194 1263 1252 quod
1301 1193 1393 1250 ipsa
1424 1210 1547 1236 cursu

119 1269 304 1325 indigeat
320 1270 361 1328 4)
395 1272 531 1313 adhuc
562 1282 604 1313 et
632 1271 843 1328 profectu,
873 1271 960 1312 sive
991 1273 1107 1329 quod
1137 1271 1227 1329 ipsa
1257 1271 1430 1330 quidem
1451 1287 1549 1327 per-

120 1350 230 1392 fecta
260 1348 334 1400 sit,
365 1364 445 1406 pro
475 1348 539 1389 his
567 1359 710 1390 autem
740 1348 1088 1400 adolescentulis,
1121 1365 1228 1406 quae
1258 1349 1394 1391 adhuc
1426 1365 1548 1391 cursu

121 1438 162 1468 et
190 1425 454 1484 profectibus
483 1425 684 1480 indigent,
716 1425 842 1467 etiam
873 1426 963 1483 ipsa
983 1442 1025 1469 se
1044 1442 1213 1468 currere
1233 1427 1410 1468 fatetur:
1442 1424 1550 1467 sicut

121 1516 162 1547 et
191 1504 289 1557 ille,
331 1503 403 1561 qui
444 1520 540 1546 cum
577 1503 668 1561 ipse
710 1505 786 1545 sub
817 1504 910 1558 lege
938 1521 1026 1546 non
1059 1517 1188 1556 esset,
1225 1504 1274 1546 fit
1300 1516 1443 1546 tamen
1471 1504 1548 1544 sub

120 1584 225 1637 lege,
257 1594 304 1624 ut
334 1573 419 1634 eos,
451 1582 524 1639 qui
552 1583 629 1624 sub
660 1583 752 1636 lege
782 1593 891 1633 sunt,
924 1581 1183 1636 lucrifaciat3
1215 1581 1433 1623 etiterum
1453 1598 1550 1623 cum

122 1661 165 1704 in
195 1662 287 1714 lege
317 1660 371 1702 sit
402 1660 578 1711 Christi,
618 1659 682 1701 his
712 1671 876 1712 tamen,
915 1660 988 1717 qui
1024 1660 1114 1702 sine
1150 1659 1242 1713 lege
1273 1670 1391 1711 sunt,
1429 1659 1480 1701 fit
1509 1671 1551 1702 et

123 1740 215 1798 ipse
244 1738 333 1781 sine
363 1739 478 1792 lege,
515 1749 563 1779 ut
593 1753 688 1790 eos,
730 1738 802 1795 qui
833 1737 920 1780 sine
947 1739 988 1794 ⁵)
1020 1739 1111 1792 lege
1141 1748 1260 1789 sunt,
1291 1738 1434 1780 salvet,
1492 1737 1549 1780 Et

123 1819 206 1859 hoc
243 1818 312 1868 fit,
355 1828 403 1858 ut
441 1815 645 1869 diximus,
687 1816 781 1858 solo
828 1817 965 1858 adhuc
1007 1817 1190 1857 odoratu
1231 1814 1319 1874 ejus
1359 1827 1549 1873 accepto.

125 1895 264 1951 Quid,
303 1906 449 1952 putas,
488 1905 610 1948 agent
631 1894 698 1951 ⁶),
738 1912 833 1937 cum
875 1906 916 1937 et
945 1894 1137 1937 auditum
1168 1910 1312 1936 earum
1343 1905 1385 1936 et
1413 1893 1549 1936 visum

124 1986 165 2015 et
193 1985 366 2024 tactum,
398 1984 649 2030 gustumque
681 1973 953 2031 occupaverit
982 1974 1160 2015 verbum
1177 1972 1276 2024 Dei,
1306 1984 1348 2014 et
1377 1972 1551 2026 singulis

122 2051 357 2110 quibusque
403 2051 590 2093 sensibus
635 2051 810 2093 virtutes
858 2068 906 2093 ex
952 2068 995 2093 se
1040 2062 1330 2108 competentes
1378 2062 1550 2093 naturae

123 2147 266 2182 earum
305 2129 607 2187 capacitatique
637 2128 910 2187 praebuerit?
948 2128 1027 2181 ita,
1065 2140 1113 2170 ut
1144 2129 1292 2171 oculus
1321 2130 1386 2187 ⁷),
1425 2128 1461 2170 si
1489 2128 1552 2170 vi-

124 2210 222 2253 dere
251 2208 443 2269 potuerit
470 2208 649 2264 gloriam
680 2207 792 2269 ejus,
832 2207 1009 2263 gloriam
1046 2218 1246 2266 tanquam
1284 2206 1488 2261 unigeniti
1526 2222 1550 2249 a

242 2428 282 2486 ¹)
312 2427 421 2470 Edd.
452 2426 650 2469 Merlini:
682 2426 725 2468 in
754 2427 850 2470 hoc.

240 2498 283 2555 2)
316 2498 403 2540 Cfr.
435 2514 498 2539 ev.
528 2498 678 2539 Joann.
709 2497 849 2550 XVII,
879 2498 946 2543 21.

240 2571 283 2626 ³)
314 2569 424 2612 Edd.
460 2567 658 2609 Merlini:
704 2584 882 2624 quarum
925 2570 969 2611 in
1013 2569 1321 2627 posterioribus
1360 2585 1447 2610 non
1490 2579 1553 2611 est

123 2643 344 2672 numerus:
385 2640 492 2682 quae
527 2625 681 2667 dicitur
710 2626 761 2666 ab
789 2642 874 2668 uno
906 2628 1001 2670 solo
1031 2644 1155 2670 sensu
1186 2638 1228 2668 et
1258 2628 1439 2668 odoratu
1469 2638 1548 2669 etc.

239 2698 282 2756 ⁴²)
312 2697 424 2742 Edd.
454 2695 650 2739 Merlini:
682 2695 868 2752 indigeat
895 2700 949 2741 ad
978 2699 1062 2742 hoc
1092 2710 1134 2742 et
1163 2700 1360 2757 profectu
1392 2709 1471 2740 etc.

239 2770 283 2827 ⁵)
312 2767 423 2809 Edd.
454 2766 651 2810 Merlini:
681 2767 758 2809 sub
789 2768 881 2824 lege
914 2780 991 2811 etc.

239 2832 284 2897 ⁶)
316 2838 424 2882 Edd.
454 2835 651 2880 Merlini:
683 2849 835 2891 ageret.

244 2910 286 2969 ⁷)
315 2910 426 2952 Edd.
456 2907 649 2952 Merlini:
683 2909 830 2954 oculis.
