1738 3134
203 121 258 165 40
603 119 827 161 Omm-:ms
856 131 902 160 m
932 117 1224 160 EZEcmELEM

204 232 425 274 nobiscum
464 242 617 285 agetur.
692 232 738 274 Si
778 238 879 272 v‘ero
920 231 1039 271 mille
1079 229 1297 270 hominum
1338 245 1408 269 cos
1451 229 1628 270 dixerint

207 326 342 360 veros,
372 309 531 367 judicio
561 324 692 364 porro
709 308 793 348 Dei
824 308 980 349 suerint
1009 307 1114 357 salsi,
1146 307 1247 362 quid
1278 306 1379 346 mihi
1410 307 1630 361 proderit?

206 387 366 428 Dicunt
406 398 447 427 et
475 385 752 427 Marcionitae
790 385 974 438 magistri
1013 385 1076 426 sui
1116 401 1235 424 veros
1276 400 1362 424 esse
1393 400 1628 435 sermones;

208 464 352 504 dicunt
385 474 425 504 et
454 463 666 504 Valentini
697 463 1032 503 robustissimam
1064 474 1240 510 sectam,
1282 461 1354 516 qui
1392 461 1628 500 fabularum

209 540 295 598 ejus
336 553 575 582 commenta
615 540 859 596 suscipiunt.
930 538 1049 593 Quae
1091 538 1270 587 militas,
1316 537 1411 593 quia
1455 537 1629 593 plurimi

208 617 408 658 ecclesiae
439 617 644 658 haeretica
674 617 877 672 pravitate
905 616 1069 671 decepti
1099 616 1138 655 in
1165 631 1311 654 eorum
1339 615 1630 670 conspiravere

207 695 484 735 sententiam?
541 695 636 734 Hoc
678 706 758 745 est,
798 695 912 749 quod
956 693 1190 749 quaeritur,
1231 704 1276 732 ut
1306 691 1517 732 Dominus
1548 709 1630 732 ser-

206 788 384 812 monum
414 788 608 811 meorum
638 771 754 812 testis
785 771 966 820 assistat,
1004 781 1050 810 ut
1089 770 1177 825 ipse
1211 771 1484 824 comprobet,
1526 785 1631 824 quae

209 848 406 889 dicuntur
434 861 666 889 sanctarum
694 847 936 889 testimonio
963 847 1274 901 scripturarum.
1320 847 1504 902 Propter
1532 847 1634 886 haec

210 941 307 977 ergo
341 926 392 965 ad
423 942 499 965 nos
529 927 565 982 ¹)
599 926 699 966 dicit
730 924 895 966 Adonai
926 923 1160 964 Dominus:
1193 925 1449 974 „extendam
1473 924 1515 980 ²)
1547 941 1633 965 ma-

207 1019 311 1043 num
349 1019 486 1043 meam
525 1003 579 1043 ad
615 1002 866 1059 prophetas,
911 1002 982 1057 qui
1023 1001 1167 1041 vident
1210 1001 1469 1043 mendacia.“
1542 1002 1632 1042 Hae

210 1079 558 1120 comminationes
587 1090 682 1120 sunt
712 1079 933 1119 adversum
957 1079 1084 1119 salsos
1109 1078 1340 1130 magistros,
1374 1091 1413 1119 et
1445 1095 1529 1128 eos,
1563 1079 1633 1134 qui

209 1155 442 1212 loquuntur
478 1156 708 1196 mendacia.
778 1155 1006 1195 Videamus
1051 1166 1213 1203 autem,
1262 1156 1361 1210 quid
1407 1157 1458 1196 de
1502 1156 1565 1196 his
1589 1157 1632 1210 ³)

211 1233 514 1273 comminetur:
561 1232 642 1282 „in
667 1231 708 1287 4)
757 1231 978 1287 disciplina
1022 1232 1175 1286 populi
1214 1232 1298 1272 mei
1337 1247 1425 1272 non
1472 1238 1638 1273 erunt.“

208 1310 307 1350 Non
337 1325 422 1349 uno
454 1310 586 1350 modo
620 1325 640 1349 a
663 1308 854 1349 Domino
885 1320 1129 1364 peccatores
1155 1308 1453 1364 corripiuntur.
1499 1310 1638 1350 Aliter

209 1386 395 1438 arguitur
431 1385 617 1441 populus
648 1384 850 1435 Domini,
891 1386 1014 1426 aliter
1051 1386 1211 1426 alienus
1251 1387 1302 1426 ab
1343 1403 1414 1426 eo:
1455 1387 1552 1436 „fili
1580 1389 1636 1443 ⁵),

207 1480 261 1504 ne
299 1462 529 1516 neglexeris
572 1461 836 1517 disciplinam
868 1462 1067 1512 Domini,
1105 1478 1242 1517 neque
1285 1463 1489 1516 fatigeris,
1535 1465 1635 1505 dum

209 1540 390 1593 argueris
431 1541 482 1580 ab
521 1556 586 1580 eo.
662 1539 804 1593 Quem
845 1538 958 1579 enim
996 1538 1134 1592 diligit
1171 1540 1404 1591 Dominus,
1454 1541 1635 1594 castigat,

209 1617 391 1669 flagellat
422 1628 562 1657 autem
595 1632 766 1657 omnem
791 1616 941 1666 filium,
975 1632 1100 1671 quem
1130 1617 1325 1672 recipit.“
1374 1619 1513 1670 Argue
1545 1635 1637 1668 nos,

209 1693 418 1743 Domine,
449 1709 595 1733 verum
629 1693 671 1733 in
701 1693 884 1751 judicio,
926 1705 967 1734 et
996 1709 1082 1733 non
1113 1692 1157 1733 in
1187 1693 1353 1733 surore:
1392 1694 1468 1735 ista
1500 1712 1639 1735 corre-

209 1770 301 1826 ptio
341 1770 495 1826 populi
534 1782 606 1811 est.
669 1769 896 1825 Correptio
936 1769 1171 1826 peccatoris
1211 1781 1252 1810 et
1289 1770 1416 1811 alieni
1459 1771 1534 1812 illa
1565 1784 1638 1823 est,

211 1863 337 1903 quam
374 1845 505 1904 justus
544 1847 707 1897 renuit,
748 1847 911 1887 dicens:
951 1847 1175 1897 „Domine
1203 1848 1268 1903 5),
1305 1864 1358 1888 ne
1395 1848 1439 1888 in
1477 1848 1538 1889 ira
1566 1861 1639 1890 tua

211 1940 353 1976 arguas
384 1940 465 1973 mc,
497 1940 634 1979 neque
662 1923 704 1963 in
740 1925 885 1964 surore
916 1935 991 1963 tuo
1025 1923 1225 1979 corripias
1255 1930 1367 1964 me.“
1424 1926 1491 1965 De
1522 1926 1636 1966 salsis

211 2001 353 2057 itaque
393 2000 620 2053 magistris,
667 2011 708 2040 et
747 2000 799 2039 de
837 2000 1223 2056 pseudoprophetis
1263 2000 1438 2042 dicitur:
1490 2002 1572 2052 „in
1598 2004 1638 2058 ⁷)

212 2077 433 2133 disciplina
463 2077 617 2133 populi
646 2077 731 2117 mei
761 2093 846 2117 non
886 2088 1031 2127 erunt,
1070 2094 1207 2133 neque
1245 2077 1290 2118 in
1327 2078 1533 2134 scriptura
1564 2081 1640 2121 do—

211 2171 302 2195 mus
335 2155 463 2194 Israel
492 2153 769 2195 scribentur.“
829 2154 948 2196 Sicut
987 2166 1028 2195 et
1067 2154 1190 2194 alibi:
1231 2155 1490 2205 „deleantur
1513 2157 1556 2212 Θ)
1588 2158 1640 2197 de

212 2230 323 2272 libro
354 2231 607 2281 viventium,
651 2242 693 2272 et
730 2248 825 2272 cum
863 2231 980 2289 justis
1010 2248 1097 2271 non
1126 2231 1418 2273 scribantur:“
1457 2245 1497 2273 et
1527 2251 1637 2274 nunc

212 2306 431 2362 Scriptura
460 2307 536 2348 ait:
578 2307 652 2357 „in
675 2307 717 2363 ⁹)
759 2308 964 2364 scriptura
996 2309 1145 2349 domus
1178 2309 1306 2349 Israel
1337 2325 1423 2350 non
1455 2310 1638 2350 scriben-

212 2394 299 2434 tur,
333 2395 373 2424 et
403 2383 444 2424 in
476 2395 629 2424 terram
644 2385 790 2435 ,Israel
821 2401 907 2425 non
938 2384 1194 2427 intrabunt.“
1253 2386 1380 2427 Extra
1411 2387 1642 2442 repromis—

333 2550 372 2605 ¹)
409 2550 518 2591 Edd.
549 2552 744 2593 Merlini:
777 2570 863 2594 vos.
985 2555 1027 2610 ²)
1059 2556 1212 2597 Ezeth.
1244 2556 1367 2606 XIII,
1398 2556 1436 2598 9.

328 2619 375 2674 ³)
406 2619 515 2660 Edd.
547 2621 741 2663 Merlini:
774 2623 835 2663 iis.
956 2625 998 2680 ⁴)
1027 2625 1177 2667 Ezech.
1209 2627 1332 2675 XIII,
1364 2625 1402 2669 9.

332 2690 374 2745 ⁵)
404 2690 530 2731 Prov.
563 2692 642 2741 III,
677 2692 741 2735 11.
775 2693 840 2736 12.
961 2695 1003 2749 6)
1033 2695 1185 2737 Psalm.
1218 2698 1291 2746 VI,
1324 2695 1361 2738 1.

334 2759 375 2814 ⁷)
407 2759 558 2802 Ezech.
589 2761 710 2811 XIII,
742 2762 780 2806 9.
873 2764 914 2819 5)
946 2763 1099 2806 Psalm.
1120 2767 1274 2816 LXIX,
1303 2765 1370 2809 28.
1402 2765 1640 2820 (LXVIII.)

334 2828 381 2884 ⁹)
406 2828 557 2870 Ezech.
586 2830 708 2881 XIII,
739 2831 776 2876 9.
823 2856 871 2863 --
911 2833 1042 2877 Deest
1073 2836 1351 2893 ,‚scriptura“
1381 2835 1424 2877 in
1455 2835 1547 2876 edd.
1579 2835 1641 2876 M,
