1738 3134
607 138 965 180 Pssomeommsi.
1272 109 1274 113 ·
1444 154 1501 182 vn

77 254 169 296 suis
200 254 245 295 in
277 253 391 295 duos
423 263 610 307 magnos
636 248 889 306 prophetas
915 247 1284 306 expositionibus
1309 263 1499 307 operam

77 364 296 406 dedisset:
332 365 452 420 quod
484 376 584 405 cum
615 362 714 416 ejus
744 361 865 403 vitae
895 360 1091 402 historia
1121 373 1210 402 non
1241 361 1375 404 facile
1395 375 1502 404 con-

80 476 274 519 ciliatur.
336 477 582 519 Praeterea
613 474 735 529 quod
772 472 966 515 maxime
995 472 1186 529 probat,
1224 471 1351 515 illum
1385 473 1500 516 Cae-

77 601 235 632 sareae
264 588 419 646 potius
438 600 570 643 quam
589 581 897 642 Jerosolymis
920 588 1150 627 versatum
1169 597 1284 636 esse,
1321 586 1498 640 quando

75 700 287 743 homilias
333 699 379 740 in
407 698 653 742 Jeremiam
687 703 732 740 et
769 697 815 740 in
844 696 1136 740 Ezechielem
1172 697 1496 753 pronuntiavit,

74 811 185 855 illud
218 815 319 865 est‚'
357 812 477 868 quod
507 823 628 853 nona
657 809 708 853 i1f
730 809 977 853 Jeremiam
1009 808 1092 875 ait,
1124 822 1198 862 se,
1238 809 1361 865 quod
1388 823 1499 852 mox

76 924 320 978 retulerat,
369 924 585 968 didicisse
624 937 650 966 a
687 923 892 975 Judaeo‚
946 921 1022 977 qui
1063 934 1087 964 e
1125 922 1277 979 patria
1316 935 1398 965 sua
1438 923 1497 965 ob

76 1037 206 1080 fidem
257 1036 415 1095 pulsus
463 1042 673 1088 venerat,
720 1035 800 1077 ubi
843 1035 946 1092 ipse
990 1035 1374 1078 commorabatur.
1441 1038 1498 1079 At

75 1155 233 1193 notum
264 1156 334 1193 est
361 1150 548 1193 Judaeis
577 1154 685 1193 tunc
708 1147 933 1205 temporis
965 1147 1135 1191 aditum
1165 1147 1211 1189 in
1239 1147 1495 1191 Jerusalem

76 1262 158 1304 sub
191 1261 381 1319 capitali
408 1266 560 1319 po'ena
588 1260 872 1318 prohibitum
902 1259 1056 1303 fuisse.
1115 1260 1217 1303 Non
1247 1274 1356 1318 ergo
1389 1266 1495 1305 tunc

74 1373 394 1430 Jerosolymis,
427 1374 508 1417 sed
538 1373 794 1416 Caesareae
827 1373 1116 1416 Palaestinae
1144 1374 1360 1417 manebat
1391 1374 1496 1417 Ori-

74 1499 224 1542 genes.
284 1486 400 1529 Hinc
432 1486 606 1542 colligit
637 1485 972 1537 Tillemonfius,
1006 1497 1211 1528 errorem
1241 1487 1288 1528 in
1317 1491 1492 1530 textum

66 1599 254 1643 latinum
298 1599 568 1658 irrepsisse,
616 1605 661 1643 et
698 1613 808 1657 pro:
863 1598 1204 1652 „collectiones
1243 1599 1360 1642 istae
1398 1613 1490 1642 non

67 1713 215 1756 solum
254 1713 299 1755 in
329 1712 522 1765 Aelia‚“
568 1718 613 1755 et
655 1719 832 1765 cetera,
874 1712 1112 1768 legendum
1152 1723 1278 1755 esse:
1315 1710 1486 1765 „colle-

67 1825 243 1868 ctiones
280 1825 397 1868 istae
436 1838 527 1867 non
567 1825 716 1868 solum
755 1824 851 1877 hic,
898 1837 990 1867 non
1030 1824 1179 1868 solum
1218 1823 1262 1866 in
1300 1823 1488 1874 Aelia‚“

63 1945 108 1982 et
140 1943 305 1982 cetera.

181 2050 539 2105 Quatuordeeim
569 2050 709 2093 hodie
739 2049 961 2092 habemus
1003 2048 1218 2092 homilias
1252 2061 1310 2091 ex
1347 2048 1486 2091 inter-

68 2162 328 2221 pretatione
359 2162 650 2220 Hieronymi,
688 2176 827 2219 quae,
873 2162 1112 2218 adjunctae
1143 2160 1487 2217 quatuordecim

68 2276 114 2318 in
143 2276 404 2329 Jeremiam,
437 2275 635 2318 efficiunt
662 2289 898 2321 numerum
926 2274 1216 2331 viginti-octo
1248 2274 1294 2316 in
1314 2280 1486 2317 utrum-

69 2401 155 2444 que
192 2389 466 2446 prophetam
504 2388 820 2441 homiliarum,
859 2401 972 2444 quas
1009 2387 1056 2430 in
1091 2387 1282 2430 latinum
1312 2399 1486 2429 sermo-

71 2513 174 2542 nem
204 2500 395 2544 vertisse
424 2514 474 2544 se
505 2500 616 2544 dicit
644 2500 766 2543 libro
798 2500 854 2543 de
883 2499 995 2543 viris
1016 2499 1274 2543 illustribus
1304 2513 1401 2556 cap.
1419 2499 1483 2543 13.

62 2609 224 2654 Plures
259 2616 410 2654 tamen
445 2626 578 2669 quam
611 2611 956 2668 quatuordecim
986 2612 1032 2655 in
1061 2612 1351 2656 Ezechielem
1389 2611 1484 2654 for-

58 2729 181 2766 tasse
211 2723 351 2766 edidit
383 2723 619 2780 Origenes.
685 2725 733 2767 In
765 2732 896 2769 sexta
927 2725 1043 2768 enim
1076 2731 1121 2768 et
1152 2731 1315 2769 octava
1346 2737 1481 2781 quae-

58 2836 157 2879 dam
191 2851 215 2880 c
243 2837 334 2882 suis
386 2837 429 2880 in
472 2836 587 2881 hunc
628 2837 903 2894 prophetam
944 2838 1312 2896 expositionibus
1357 2836 1478 2882 citat,
