1759 3134
666 159 864 202 HomlmA
894 160 1013 200 XIII.
1475 159 1558 205 167

122 272 151 312 ll
182 289 203 312 e
256 272 512 325 signaculum
558 274 694 314 habet.
773 271 880 326 Quis
923 272 1046 311 habet
1091 270 1378 323 signaculum?
1449 272 1543 321 Ille,

126 367 250 406 quem
282 350 456 402 signavit
487 351 616 390 Deus.
677 349 856 389 Audebo
889 347 1050 402 aliquid
1081 347 1241 398 dicere,
1281 348 1377 403 quia
1414 347 1543 400 signa—

126 429 223 468 culo
256 428 335 467 isto
367 426 440 466 ille
471 427 650 479 signatus
682 436 764 474 est,
801 424 873 479 qui
912 423 1096 479 baptizat
1135 423 1177 463 in
1208 424 1371 479 Spiritu
1397 436 1541 466 sancto

126 516 167 545 et
195 504 310 556 igne,
347 503 442 553 ille,
481 504 552 559 qui
583 503 755 555 largitur
782 500 1008 554 imaginem
1038 499 1252 550 coelestis,
1284 502 1356 556 qui
1385 503 1541 542 format

120 593 160 621 te
191 581 242 620 ad
272 580 510 634 superiora,
552 592 598 620 ut
637 579 748 619 ultra
776 594 861 618 non
892 589 1035 632 portes
1067 576 1287 628 imaginem
1317 579 1535 622 terrestris.

125 657 234 697 Cave
266 656 418 706 homo,
456 673 508 696 ne
545 655 758 696 saeculmn
787 653 898 695 istud
930 653 1166 706 egrediens,
1202 652 1416 705 signaculo
1449 656 1536 696 dia--

120 733 211 773 boli
241 733 294 773 sis
324 733 561 788 impressus.
620 733 758 774 Habet
790 731 948 787 quippe
979 731 1052 771 ille
1083 730 1355 783 signaculum.
1414 731 1535 781 „Sic-

113 809 176 849 uti
198 810 235 865 ¹)
271 809 529 865 portavimus
565 809 788 861 imaginem
820 808 1085 848 terrestris:“
1113 809 1240 858 unde,
1264 809 1331 849 vel
1351 810 1534 864 quando,

117 887 184 925 vel
216 886 286 942 qui
317 885 574 939 significavit,
605 886 686 926 hoc
715 885 832 939 signo
863 884 1170 941 portaverimus
1200 885 1424 938 imaginem
1453 897 1535 926 ter-

117 963 268 1003 restris.
329 963 489 1004 Circuit
519 962 734 1013 diabolus,
764 975 804 1003 et
835 954 981 1003 lustrat
1012 961 1165 1012 omnia,
1196 963 1344 1003 volens
1375 974 1415 1003 et
1445 962 1533 1018 ipse

116 1041 274 1092 signare
317 1040 527 1098 subjectos
572 1039 664 1080 sibi.
736 1040 881 1092 Signat
923 1051 1062 1080 autem
1105 1039 1365 1092 singulorum
1407 1041 1532 1080 corda

117 1117 404 1168 considerans,
445 1129 486 1158 et
524 1117 730 1172 imprimit
768 1116 811 1157 in
853 1117 902 1157 iis
940 1117 1115 1168 figuram
1143 1116 1301 1157 terreni
1328 1133 1406 1172 per
1435 1133 1533 1172 pec-

116 1206 226 1244 cata,
256 1211 334 1250 per
364 1195 486 1244 vitia,
517 1206 564 1234 ut
594 1205 766 1249 portent
794 1193 1020 1246 imaginem
1048 1192 1267 1233 terrestris.
1326 1193 1439 1233 Audi
1463 1194 1531 1233 Je-

116 1288 230 1322 sum,
262 1271 363 1326 quid
391 1271 658 1326 respondeat,
690 1271 857 1326 quando
889 1269 1112 1323 imaginem
1143 1282 1185 1311 et
1213 1270 1532 1325 inscriptionem

117 1348 301 1388 Caesaris
330 1349 590 1403 postulatur:
623 1347 778 1402 „qui²)
809 1348 934 1387 habet
963 1363 1081 1387 aures
1108 1347 1320 1396 audiendi,
1351 1347 1532 1387 audiat.“

114 1426 221 1465 Nam
259 1424 354 1479 quia
394 1441 482 1464 non
520 1425 700 1463 habebat
739 1439 830 1463 eam
860 1423 1106 1475 imaginem,
1144 1440 1269 1478 quam
1298 1425 1533 1478 petebatur,

113 1517 251 1556 neque
281 1501 393 1556 ipse,
436 1517 571 1556 neque
603 1499 834 1555 discipulus
864 1516 984 1550 suus,
1023 1501 1168 1550 docet,
1203 1499 1277 1540 ubi
1306 1500 1442 1541 valeat
1470 1516 1534 1540 re—

111 1577 241 1634 periri
271 1578 432 1631 imago,
465 1594 569 1634 quae
601 1576 833 1634 quaeritur:
876 1578 1009 1627 „vade
1033 1578 1097 1630 ³),
1138 1577 1294 1632 inquit,
1323 1578 1376 1618 ad
1405 1594 1533 1627 mare,

112 1667 154 1696 et
183 1655 304 1696 mitte
334 1656 524 1705 hamum,
556 1667 598 1696 et
627 1671 724 1695 eum
753 1654 935 1709 piscem,
967 1654 1039 1709 qui
1067 1654 1228 1709 primus
1258 1654 1534 1704 adscenderit,

114 1733 236 1783 tolle,
269 1744 309 1772 et
338 1732 499 1787 aperies
532 1748 578 1772 os
610 1731 717 1788 ejus:
751 1743 794 1771 et
824 1747 919 1770 cum
950 1730 1157 1770 inveneris
1185 1742 1394 1781 staterem,
1426 1732 1532 1772 tolle

115 1810 258 1859 illum,
302 1821 342 1849 et
384 1809 501 1849 dabis
538 1825 618 1864 pro
657 1824 725 1848 me
766 1819 807 1848 et
834 1813 918 1848 te.“
977 1809 1125 1862 Neque
1157 1822 1233 1858 ego
1264 1807 1398 1848 habeo
1429 1809 1532 1849 hanc

102 1871 337 1939 'imaginem
380 1899 421 1927 et
460 1884 884 1941 superscriptionem,
921 1900 1058 1939 neque
1096 1895 1164 1934 tu,
1203 1883 1237 1923 si
1267 1895 1407 1925 tamen
1437 1901 1533 1925 vere

112 1964 344 2018 discipulus
382 1979 500 2004 meus
541 1978 606 2012 es,
646 1961 681 2002 si
719 1972 867 2016 portae
905 1961 1140 2000 inferorum
1177 1976 1262 2000 non
1292 1962 1535 2016 praevalent

112 2042 331 2081 adversum
370 2052 423 2082 te.
484 2040 596 2092 Ergo
626 2043 746 2082 Jesus
784 2038 907 2078 aliter
946 2038 1015 2078 dat
1043 2053 1123 2093 pro
1155 2053 1198 2078 se
1226 2038 1451 2092 imaginem
1482 2041 1534 2080 de

110 2119 216 2159 mari
261 2118 379 2159 illam
419 2116 650 2172 accipiens,
695 2131 800 2171 quae
833 2114 890 2155 ‘in
927 2114 1042 2170 pisce
1081 2116 1216 2155 fuerat
1257 2115 1437 2166 inclusa,
1483 2117 1535 2157 si-

110 2195 202 2236 mili
227 2195 270 2251 ⁴⁴²)
301 2194 363 2235 his
392 2194 596 2250 piscibus,
628 2195 680 2234 de
712 2192 862 2249 quibus
892 2192 1019 2232 hodie
1050 2192 1209 2235 lectum
1239 2204 1321 2243 est,
1360 2193 1432 2249 qui
1462 2194 1534 2234 ad—

111 2274 283 2313 haerent
328 2273 370 2313 in
412 2271 594 2327 squamis
640 2269 855 2320 draconis,
911 2269 983 2326 qui
1033 2271 1151 2311 sedet
1191 2287 1319 2326 super
1360 2271 1533 2312 flumina

113 2349 303 2406 Aegypti,
372 2350 481 2389 Vere
527 2347 686 2404 quippe
730 2346 970 2387 istiusmodi
1014 2347 1148 2403 pisces
1192 2347 1254 2389 ibi
1293 2348 1530 2390 adhaerent.

115 2425 274 2479 Quanti
307 2438 347 2466 ct
376 2425 503 2466 hodie
534 2425 670 2481 pisces
699 2435 818 2475 sunt,
849 2440 1032 2480 quorum
1060 2442 1132 2467 rex
1163 2437 1224 2467 est
1254 2426 1354 2476 iste,
1390 2426 1461 2482 qui
1491 2426 1532 2466 in

113 2502 229 2558 aquis
270 2503 412 2543 multis
451 2502 620 2555 regnat?
688 2501 903 2557 Scriptum
947 2514 1007 2544 est
1046 2502 1205 2560 quippe
1243 2504 1295 2544 de
1335 2502 1533 2544 invisibili

235 2670 274 2722 ¹)
309 2671 326 2709 l
352 2669 450 2718 Cor,
481 2669 573 2718 XV,
604 2669 669 2712 49.

232 2741 273 2794 2)
307 2739 392 2781 Cfr.
425 2739 574 2780 Matth.
604 2739 742 2790 XVII,
773 2740 840 2783 24.
875 2758 988 2797 seqq.
1021 2741 1119 2783 coll.
1152 2742 1292 2792 ΧΧΙῘ,
1326 2742 1388 2786 15.
1421 2758 1520 2796 seqq

229 2810 271 2864 ³)
304 2810 452 2851 Matth.
484 2809 622 2858 XVII,
651 2809 716 2852 26.

234 2880 277 2935 4)
307 2880 384 2921 Ed.
416 2878 550 2921 Ruaei
580 2879 689 2920 sola:
721 2878 863 2921 simili.
