1759 3134
693 101 771 141 Lm
779 114 835 142 ER
864 101 897 141 I.
1427 104 1509 149 349

93 215 246 256 tatibus
278 214 524 255 deliciarum
553 213 796 254 nominatur
825 213 956 253 locus.
1015 212 1200 269 Propter
1231 215 1346 270 quod
1389 226 1429 256 et
1468 216 1511 256 in

94 292 215 333 Eden
240 293 279 350 ¹)
308 291 469 348 positus
500 291 675 342 dicitur,
714 291 830 347 quod
869 289 1040 331 delicias
1077 290 1246 332 indicat.
1304 292 1370 334 lbi
1401 292 1512 335 enim

97 372 262 412 dicetur
297 370 350 411 ad
388 385 504 411 eum:
550 367 786 421 „deliciare
829 366 871 408 in
912 366 1156 409 Domino.“
1229 368 1512 417 Deliciabitur

96 460 236 490 autem
263 448 424 503 tunc2)
455 463 540 488 non
570 447 613 488 in
641 461 728 487 uno
760 444 854 487 solo
889 444 1041 486 edendi
1071 446 1346 503 gustandique
1375 464 1510 500 sensu,

98 527 171 568 sed
208 537 248 567 et
287 524 432 565 auditu
469 524 755 574 deliciabitur,
801 534 843 563 et
879 521 971 563 visu
1016 534 1058 564 et
1093 534 1208 565 tactu
1247 525 1512 582 odoratuque

99 601 374 645 deliciabitur.
450 603 500 643 In
546 603 724 644 odorem
766 616 947 657 namque
990 600 1194 654 unguenti
1231 600 1317 660 ejus
1359 615 1510 646 curret.

95 681 150 722 Et
178 680 236 723 ita
267 678 462 721 omnibus
491 680 678 722 sensibus
707 678 790 722 suis
821 677 1089 720 deliciabitur
1115 679 1160 720 in
1190 680 1319 721 verbo
1347 679 1433 721 Dei
1462 680 1511 732 is,

96 757 168 814 qui
197 758 251 799 ad
279 774 485 800 summam
514 756 788 814 perfectionis
808 772 855 798 ac
876 756 1148 798 beatitudinis
1165 756 1339 799 venerit.
1386 756 1512 799 Unde

95 847 137 877 et
166 834 209 876 in
239 835 301 877 his
331 835 460 892 positi
489 835 616 887 locis,
646 835 924 892 deprecamur
945 836 987 893 3)
1018 835 1230 877 auditores
1258 835 1437 887 horum,
1465 846 1513 876 ut

94 913 352 955 mortificent
383 912 565 955 carnales
594 928 749 964 sensus,
779 929 832 954 ne
864 912 963 970 quid
997 929 1045 955 ex
1075 912 1196 971 iis⁴),
1233 930 1337 970 quae
1366 914 1514 956 dicun-

95 1003 187 1043 tur,
225 991 457 1033 secundum
495 990 686 1047 corporis
723 1003 866 1034 motus
907 990 1138 1048 excipiant,
1176 992 1250 1033 sed
1278 992 1377 1034 illos
1409 992 1515 1034 divi-

94 1068 234 1111 niores
268 1068 480 1111 interioris
519 1068 703 1111 hominis
741 1071 794 1111 ad
831 1070 933 1111 haec
970 1069 1172 1126 capienda
1215 1086 1357 1112 sensus
1403 1071 1514 1112 exhi-

94 1148 242 1189 beant:
289 1147 396 1188 sicut
444 1147 649 1189 Salomon
696 1148 847 1189 edocet
889 1163 988 1198 nos,
1033 1147 1198 1189 dicens:
1243 1165 1444 1199 „sensum
1470 1149 1514 1205 ⁵)

96 1237 237 1268 autem
267 1225 458 1267 divinum
488 1225 715 1267 invenies.“
773 1225 829 1266 Et
865 1236 912 1266 ut
940 1225 1098 1267 Paulus
1138 1242 1308 1283 quoque
1347 1228 1400 1268 ad
1429 1227 1516 1269 He-

95 1305 245 1344 braeos
267 1301 309 1360 6)
338 1302 484 1344 scribit
513 1303 564 1344 de
594 1302 817 1359 perfectis,
846 1314 894 1344 ut
923 1319 1048 1359 supra
1075 1304 1415 1356 memoravimus,
1446 1306 1519 1362 qui

98 1380 342 1422 exercitatos
379 1381 533 1422 habent
568 1397 710 1422 sensus
745 1381 797 1422 ad
828 1379 1127 1422 discretionem
1155 1382 1259 1422 boni
1290 1383 1357 1423 vel
1387 1382 1514 1424 mali:

96 1459 340 1509 ostendens,
379 1473 464 1499 esse
504 1457 546 1498 in
586 1457 758 1500 homine
794 1470 962 1515 praeter
1000 1458 1076 1499 hos
1114 1474 1344 1514 corporeos
1373 1475 1514 1500 sensus

96 1536 280 1592 quinque
310 1535 416 1577 alios
445 1535 732 1588 nihilominus,
764 1536 834 1593 qui
867 1536 1064 1578 exercitio
1092 1537 1132 1593 ⁷)
1165 1548 1444 1593 quaeruntur,
1475 1548 1515 1577 et

96 1614 308 1656 exercitati
339 1614 548 1666 dicuntur,
580 1631 676 1656 cum
705 1614 867 1656 scilicet
895 1613 1218 1667 intelligentiam
1246 1630 1389 1655 rerum
1417 1631 1516 1656 acu-

97 1692 212 1734 mine
250 1691 410 1734 acriore
450 1691 690 1735 discutiunt.
748 1693 849 1734 Non
888 1692 1000 1733 enim
1038 1691 1328 1748 perfunctorie
1369 1703 1432 1743 et,
1470 1702 1517 1732 ut

100 1770 228 1822 libet,
266 1770 522 1812 audiendum
565 1781 646 1822 est,
685 1769 803 1827 quod
840 1769 1058 1826 apostolus
1089 1770 1141 1811 de
1170 1769 1370 1826 perfectis
1400 1769 1516 1821 dicit,

100 1848 197 1905 quia
234 1849 480 1891 exercitatos
518 1848 674 1890 habent
708 1863 849 1889 sensus
894 1848 948 1889 ad
989 1847 1286 1889 discretionem
1314 1846 1421 1889 boni
1450 1846 1518 1888 vel

97 1925 211 1967 mali.
273 1926 405 1982 Quod
442 1938 490 1968 ut
528 1925 679 1969 elarius
718 1925 947 1977 elucescat,
986 1942 1219 1978 sumamus,
1263 1925 1298 1967 si
1336 1924 1517 1975 videtur,

100 2004 342 2062 exemplum
380 2006 432 2046 ab
470 2004 534 2046 his
573 2003 864 2061 corporalibus
903 2003 1115 2056 sensibus,
1161 2015 1202 2045 et
1244 2003 1302 2045 ita
1346 2004 1519 2045 demum

99 2082 239 2125 statim
279 2083 331 2124 ad
371 2083 470 2124 illos
511 2082 700 2133 divinos,
738 2098 843 2139 quos
874 2082 1091 2138 Scriptura
1129 2081 1340 2132 nominat,
1375 2096 1517 2122 sensus

100 2160 312 2202 interioris
341 2159 524 2201 hominis
555 2159 782 2202 veniemus.
841 2160 888 2203 Si
919 2159 1088 2216 enimss)
1122 2176 1352 2216 corporeus
1371 2158 1518 2200 oculus

103 2238 346 2281 exercitium
377 2238 487 2281 visus
521 2238 693 2291 habeat,
732 2237 853 2280 nullo
884 2237 1143 2296 impediente
1178 2237 1418 2290 obstaculo,
1457 2236 1519 2277 in-

220 2435 259 2494 ¹)
289 2435 398 2478 Edd.
429 2436 624 2479 Merlini:
654 2435 809 2479 Edom.

218 2507 262 2564 ²)
291 2507 425 2549 Deest
454 2512 629 2559 „tunc“
657 2506 701 2548 in
732 2507 827 2549 edd.
857 2507 919 2549 Μ.

220 2577 262 2634 3)
292 2577 401 2618 Edd.
431 2577 630 2619 Merlini:
661 2578 948 2634 deprecemur.

216 2647 261 2705 ἐ)
291 2646 400 2689 Edd.
431 2648 626 2690 Merlini:
657 2648 732 2690 his.

222 2719 263 2774 ⁵)
296 2718 422 2760 Prov.
453 2719 509 2770 II,
540 2719 579 2762 5.
699 2717 742 2774 ⁶)
773 2718 901 2759 Hebr.
932 2718 983 2769 V,
1015 2716 1080 2761 14.

222 2789 262 2846 7)
294 2789 403 2832 Edd.
434 2789 629 2831 Merlini:
660 2788 854 2830 exercitia
887 2799 1099 2845 quaerunt,

220 2860 263 2916 ⁸)
294 2860 402 2903 Edd.
435 2859 629 2902 Merlini:
664 2874 774 2912 ergo.
