1759 3134
628 133 883 177 PROLOGUS.
1393 130 1481 179 289

49 248 123 291 ille
154 248 269 290 cibus
302 257 385 299 est,
427 246 479 289 de
519 263 602 305 quo
647 247 750 290 dicit
783 244 1040 303 Apostolus:
1081 245 1409 302 „perfectorum
1437 247 1478 303 ¹)

48 339 189 369 autem
220 339 280 368 est
310 325 469 368 solidus
490 325 664 367 cibus:“
695 337 736 366 et
756 325 860 366 tales
880 323 1059 380 requirit
1078 323 1304 374 auditores,
1338 322 1409 380 qui
1428 322 1473 378 ²)

50 422 165 462 „pro
203 403 482 462 possibilitate
520 402 712 445 sumendi
750 400 996 443 exercitatos
1037 400 1216 442 habeant
1245 418 1389 443 sensus
1421 401 1475 444 ad

49 482 348 524 discretionem
384 481 488 523 boni
526 493 567 523 et
607 479 749 525 mali.“
821 479 878 521 Et
917 478 1090 535 quidem
1128 478 1316 534 parvuli,
1366 495 1472 535 quos

52 560 244 611 diximus,
274 558 308 601 si
333 559 499 601 veniant
520 559 573 600 ad
595 558 696 599 haec
727 557 833 608 loca,
864 567 1007 613 potest
1035 555 1141 607 fieri,
1171 566 1218 596 ut
1245 555 1351 596 nihil
1382 556 1473 612 qui-

50 639 147 680 dem
178 654 226 678 ex
255 637 331 678 hac
362 636 566 694 scriptura
594 633 838 692 proficiant,
868 649 946 675 nec
976 645 1116 675 tamen
1148 631 1271 674 valde
1304 632 1475 674 laedan-

49 726 118 757 tur
141 715 207 772 ³),
237 715 306 756 vel
335 714 447 772 ipsa,
480 729 584 771 quae
614 711 768 769 scripta
796 723 911 763 sunt,
943 711 1150 765 legentes,
1182 709 1252 751 vel
1283 726 1388 767 quae
1419 710 1474 752 ad

49 792 389 850 explanationem
420 808 568 833 eorum
598 790 775 832 dicenda
804 800 922 841 sunt,
952 800 1232 831 recensentes.
1292 788 1339 830 Si
1371 804 1473 829 vero

48 870 199 929 aliquis
229 869 471 920 accesserit,
511 869 582 926 qui
622 867 854 909 secundum
885 882 1053 909 carnem
1080 867 1379 908 tantummodo
1413 865 1477 906 vir

54 961 136 1000 est,
173 949 270 990 huie
300 948 378 989 tali
405 963 492 988 non
522 962 669 1003 parum
703 962 752 986 ex
782 945 858 987 hac
887 944 1097 1002 scriptura
1126 943 1376 986 discriminis
1405 960 1480 1000 pe-

51 1026 259 1083 riculique
289 1035 492 1067 nascetur.
553 1022 712 1064 Audire
731 1023 774 1080 ⁴)
807 1023 920 1064 enim
949 1040 1055 1080 pure
1088 1034 1130 1065 et
1161 1023 1280 1065 castis
1310 1022 1480 1065 auribus

53 1102 207 1146 amoris
244 1103 418 1145 nomina
458 1101 668 1153 nesciens,
713 1102 763 1142 ab
795 1100 988 1143 interiori
1016 1100 1190 1143 homine
1220 1102 1274 1144 ad
1304 1100 1484 1143 exterio-

52 1198 145 1223 rem
186 1193 227 1223 et
266 1181 476 1223 carnalem
513 1179 651 1221 virum
691 1195 862 1221 omnem
905 1179 1102 1220 deflectet
1139 1179 1352 1230 auditum,
1390 1189 1431 1220 et
1460 1193 1483 1218 a

53 1259 202 1316 spiritu
243 1269 513 1301 convertetur
551 1259 605 1300 ad
636 1275 826 1309 carnem,
861 1256 1104 1314 nutrietque
1141 1256 1185 1298 in
1223 1267 1356 1298 semet
1386 1254 1480 1311 ipso

55 1337 414 1394 concupiscentias
455 1337 664 1386 carnales,
708 1348 748 1377 ct
788 1335 1009 1377 occasione
1052 1335 1218 1376 divinae
1248 1334 1482 1390 scripturae

55 1415 318 1457 commoveri
348 1426 390 1455 et
418 1414 584 1456 incitari
615 1413 825 1455 videbitur
854 1413 907 1454 ad
937 1411 1161 1453 libidinem
1203 1412 1348 1454 carnis.
1412 1411 1481 1452 Ob

52 1493 135 1536 hoc
166 1510 264 1548 ergo
295 1509 475 1543 moneO,
515 1504 556 1533 et
598 1492 823 1533 consilium
853 1491 909 1532 do
932 1491 973 1548 ⁵)
1005 1490 1145 1541 omni,
1187 1489 1259 1546 qui
1287 1489 1481 1530 nondum

55 1571 188 1614 carnis
218 1582 260 1613 et
287 1570 495 1625 sanguinis
524 1570 733 1612 molestiis
773 1581 904 1620 caret,
947 1586 1085 1626 neque
1124 1569 1175 1609 ab
1216 1568 1374 1609 affectu
1409 1582 1484 1608 na-

55 1662 173 1692 turae
202 1649 430 1693 materialis
460 1649 660 1699 abscedit,
691 1660 739 1690 ut
768 1664 791 1689 a
809 1646 994 1689 lectione
1014 1646 1154 1688 libelli
1174 1644 1297 1704 hujus
1316 1661 1484 1686 eorum-

60 1745 155 1785 que,
187 1744 292 1785 quae
321 1727 366 1768 in
397 1743 447 1768 eo
482 1727 687 1777 dicentur,
716 1725 885 1783 penitus
914 1736 1136 1782 temperet.
1196 1722 1329 1765 Aiunt
1359 1722 1486 1774 enim,

61 1805 275 1847 observari
296 1804 423 1846 etiam
440 1805 554 1861 apud
574 1805 806 1854 Hebraeos,
837 1804 966 1860 quod,
991 1802 1070 1845 nisi
1096 1800 1188 1859 quis
1219 1802 1272 1843 ad
1304 1812 1486 1843 aetatem

59 1885 292 1942 perfectam
333 1894 624 1940 maturamque
669 1881 932 1939 pervenerit,
978 1880 1174 1922 libellum
1218 1881 1328 1921 hunc
1366 1895 1420 1921 ne
1442 1878 1486 1936 6)

62 1962 235 2019 quidem
272 1962 317 2003 in
355 1960 546 2003 manibus
587 1972 731 2002 tenere
761 1959 1042 2017 permittatur.
1103 1959 1192 2001 Sed
1222 1969 1263 1999 et
1291 1958 1402 1998 illud
1434 1957 1486 1997 ab

59 2040 110 2082 iis
140 2040 377 2098 accepimus
410 2038 626 2090 custodiri,
658 2037 1005 2096 quandoquidem
1032 2036 1164 2078 moris
1185 2047 1247 2078 est
1266 2036 1380 2092 apud
1401 2051 1487 2086 eOS,

63 2135 209 2163 omnes
239 2119 465 2177 scripturas
496 2135 518 2161 a
548 2117 795 2160 doctoribus
834 2128 875 2159 et
904 2133 927 2158 a
955 2114 1216 2174 sapientibus
1245 2113 1354 2156 tradi
1384 2129 1489 2170 pue-

186 2366 226 2422 ¹)
258 2365 387 2408 Hebr.
418 2366 470 2416 V,
506 2365 571 2410 14.

181 2437 224 2495 ²)
259 2437 346 2481 Csr.
376 2437 508 2478 Hebr·
538 2437 591 2487 V,
623 2435 688 2480 14.
718 2460 771 2469 ·--
802 2435 911 2479 Edd.
941 2434 1137 2479 Merlini:
1172 2433 1245 2492 qui
1275 2427 1490 2491 possibili-

69 2506 153 2538 tate
184 2506 261 2537 etc.

183 2566 226 2624 ³)
255 2565 364 2607 Edd.
395 2563 590 2607 Merlini:
621 2564 852 2607 laedentur.

185 2637 226 2694 ⁴)
258 2636 367 2677 Edd.
398 2634 593 2676 Merlini:
635 2635 821 2676 Audiens
858 2635 971 2676 enim
1010 2662 1064 2673 -
1100 2634 1271 2675 nomina
1300 2634 1488 2674 nesciens

71 2695 122 2737 ad
152 2693 398 2736 interiorem
427 2691 644 2732 hominem
675 2691 817 2733 omnia
845 2693 1019 2734 referet:
1052 2692 1223 2733 audiens
1243 2702 1383 2733 autem
1404 2707 1490 2731 car·

69 2752 172 2794 nalis
205 2762 246 2792 et
275 2749 482 2790 lubricus:
516 2750 567 2789 ab
597 2748 797 2789 interiore
830 2748 1001 2790 homine
1035 2761 1114 2791 etc.

187 2822 227 2879 ⁵)
258 2821 337 2861 Ed.
367 2819 523 2860 Ruaei:
557 2819 608 2859 de
640 2818 778 2869 omui,
810 2818 881 2875 qui
912 2830 988 2860 etc.

184 2892 229 2949 6)
259 2891 369 2955 Edd.
399 2889 594 2932 Merlini:
625 2906 702 2930 nec
735 2889 918 2945 quidem,

73 2969 295 3014 OmGENJs
318 2969 491 3011 OPERA.
535 2967 787 3009 Ton1.X1V.
1124 2965 1187 3024 ,19
