1759 3134
670 109 866 150 Homltla
900 108 951 147 II.
1441 107 1524 151 257

111 220 225 261 rabit
255 232 310 270 te,
343 220 555 262 circumda
588 221 717 271 illam,
749 231 789 261 et
821 216 1014 259 exaltabit
1048 224 1131 259 te.“
1188 218 1307 269 „Viri
1334 219 1397 274 ¹),
1428 219 1525 259 dili-

106 297 188 350 gite
218 314 368 338 uxores
398 304 613 339 vestras:“
643 298 700 338 ait
729 295 983 352 Apostolus:
1019 296 1091 336 sed
1121 312 1208 336 non
1238 296 1352 336 stetit
1380 296 1424 336 in
1456 312 1522 347 eo,

105 375 222 429 quod
262 374 440 414 dixerat:
488 374 601 424 „viri
622 374 687 430 ²),
729 372 889 425 diligite
925 388 1076 412 uxores
1118 378 1330 414 vestras:“
1374 388 1519 413 verum

103 451 261 500 sciens,
297 466 384 490 esse
416 450 688 491 dilectionem
719 449 903 489 virorum
934 449 977 489 in
1006 449 1189 505 propriis
1221 466 1391 505 quoque
1419 466 1523 491 uxo·

102 527 216 567 ribus
254 526 537 578 inhonestam,
585 527 738 576 sciens,
787 542 874 567 esse
915 527 1156 582 placentem
1192 526 1312 576 Deo,
1362 527 1520 577 docuit,

102 604 319 659 quomodo
367 604 445 644 viri
497 621 649 645 uxores
702 619 794 644 suas
848 619 986 643 amare
1032 604 1260 653 deberent,
1314 602 1519 645 inferens:

98 680 206 730 „viri
222 681 279 732 3),
310 681 470 733 diligite
495 698 645 722 uxores
664 692 831 730 vestras,
860 679 966 720 sicut
990 691 1030 720 et
1048 679 1236 721 Christus
1258 680 1520 721 ecclesiam.“

96 757 152 797 Et
190 758 271 798 hoc
310 748 481 814 quidem
519 758 563 797 in
600 757 826 814 prooemio
869 773 1039 807 eorum,
1078 773 1182 812 quae
1212 768 1360 812 postea
1391 757 1521 798 disse-

95 834 225 875 renda
255 846 372 884 sunt,
408 834 599 875 diximus.

206 911 244 954 2.
307 911 420 965 Quia
449 911 573 951 amici
602 911 771 966 sponsi,
800 912 901 952 dum
931 927 1002 952 rex
1032 911 1075 951 in
1104 911 1297 953 recubitu
1326 928 1402 952 suo
1436 924 1514 953 est:

97 1011 147 1017 ——
178 988 469 1044 „requiescens
484 988 526 1044 4)
547 987 656 1028 enim
690 988 889 1028 dormivit
919 1000 966 1028 ut
995 988 1078 1038 leo,
1111 999 1152 1028 et
1171 1000 1218 1029 ut
1240 989 1400 1030 catulus
1428 990 1517 1030 leo-

94 1065 195 1105 nis“
225 1082 298 1105 -t
329 1080 506 1120 sponsae
527 1064 820 1120 promiserant,
853 1066 988 1106 donec
1009 1065 1082 1105 ille
1103 1077 1384 1119 consurgeret,
1414 1082 1458 1107 se
1475 1067 1515 1123 ⁵)

100 1142 396 1183 similitudines
435 1141 524 1182 auri
563 1153 604 1181 et
644 1141 802 1197 argenti
840 1158 925 1182 esse
958 1143 1165 1193 facturos,
1203 1158 1290 1182 non
1319 1143 1518 1185 habentes

96 1235 244 1259 aurum
279 1231 326 1259 ut
364 1234 564 1274 sponsus,
620 1230 660 1258 et
711 1219 1028 1274 quodammodo
1068 1219 1158 1259 aliis
1197 1219 1335 1261 verbis
1372 1222 1519 1277 sponsi

96 1297 234 1351 passio
264 1296 504 1352 praedicata
536 1307 618 1335 est:
661 1312 747 1335 non
779 1296 1126 1337 irrationabiliter
1153 1297 1206 1337 ad
1235 1297 1336 1337 haec
1365 1314 1520 1353 sponsa

94 1373 323 1427 respondet
350 1373 411 1426 ⁶),
465 1384 507 1412 et
547 1372 636 1427 ipsa
675 1371 1031 1427 dispensationem
1068 1374 1276 1428 quandam
1313 1374 1518 1429 passionis

94 1449 330 1501 intelligens
361 1449 413 1488 ad
442 1447 500 1499 id,
532 1448 645 1504 quod
677 1448 887 1489 audierat:
916 1449 1240 1499 „similitudines
1267 1449 1308 1506 ⁷)
1340 1451 1428 1491 auri
1457 1453 1519 1492 fa-

96 1526 253 1567 ciemus
282 1525 361 1567 tibi
392 1542 487 1566 cum
517 1525 777 1578 stigmatibus
807 1527 987 1578 argenti,
1030 1528 1166 1568 donec
1205 1544 1277 1568 rex
1313 1527 1357 1568 in
1398 1542 1520 1569 recu-

94 1603 187 1644 bitu
215 1620 291 1644 suo
325 1609 442 1644 est:“
473 1602 551 1644 ait:
592 1603 780 1653 „nardus
796 1602 838 1656 ε’)
878 1619 973 1643 mea
1011 1603 1128 1643 dedit
1171 1605 1350 1645 odorem
1380 1623 1515 1648 suum.

95 1680 340 1720 Fasciculus
372 1692 510 1732 guttae
542 1679 754 1719 fratruelis
784 1695 902 1719 meus
931 1678 1059 1728 mihi,
1090 1679 1132 1719 in
1162 1681 1306 1722 medio
1337 1684 1518 1724 uberum

94 1772 289 1796 meorum
320 1756 648 1796 demorabitur.“
707 1754 942 1809 Quomodo
973 1755 1099 1808 igitur
1127 1758 1362 1812 aptabimus
1392 1760 1431 1800 ei
1461 1761 1519 1812 id,

96 1834 214 1888 quod
240 1833 488 1888 praecessit:
530 1834 702 1883 „donec
729 1831 770 1885 9)
800 1849 872 1873 rex
901 1833 945 1873 in
973 1833 1167 1874 recubitu
1197 1851 1274 1875 suo
1317 1843 1436 1876 est.·“
1473 1837 1519 1878 id

96 1911 213 1964 quod
242 1909 454 1966 sequitur:
496 1911 686 1960 „nardus
713 1910 781 1966 ¹⁰)
820 1927 913 1951 mea
953 1911 1070 1952 dedit
1116 1913 1294 1953 odorem
1334 1914 1518 1957 suum?“

96 1986 305 2042 Loquitur
336 1987 610 2039 evangelium,
642 1986 738 2042 quia
755 1988 869 2028 venit
894 1989 1062 2040 mulier,
1092 1990 1247 2031 habens
1267 1990 1520 2032 alabastrum

95 2063 296 2115 unguenti
324 2064 443 2105 nardi
472 2064 613 2120 pistici
633 2065 642 2088 ¹
662 2064 700 2119 ¹)
731 2065 929 2120 pretiosi,
960 2083 1046 2107 non
1076 2067 1149 2108 illa
1178 2067 1414 2123 peccatrix,
1445 2069 1519 2109 sed

219 2286 258 2342 ¹)
292 2286 455 2329 Coloss.
487 2289 566 2339 III,
599 2289 664 2332 19.
783 2289 826 2345 ²)
860 2288 1026 2331 Coloss.
1058 2292 1137 2342 III,
1169 2293 1234 2336 19.

217 2356 259 2411 3)
292 2356 376 2397 Cfr.
410 2357 572 2399 Coloss.
603 2359 680 2409 III,
712 2358 777 2402 19.

218 2426 260 2476 ¹²)
290 2426 400 2467 Edd.
442 2428 638 2470 Merlini:
684 2429 983 2485 „requiescens
1027 2448 1121 2472 cum
1160 2432 1396 2474 dormivit“
1441 2445 1519 2473 etc,

103 2506 151 2512 —
185 2483 271 2524 Csr.
302 2484 427 2525 Num.
459 2484 616 2534 XXIV,
644 2485 682 2528 9.

217 2554 258 2607 ⁵)
290 2553 423 2594 Deest
454 2570 530 2603 „se
543 2560 567 2578 “
597 2554 640 2595 in
671 2557 765 2597 edd.
797 2556 857 2597 M.

217 2624 258 2679 6)
289 2624 397 2664 Edd.
430 2623 623 2664 Nlerlini:
657 2626 891 2681 respondit-

219 2693 261 2750 7)
294 2693 452 2735 Cantic.
485 2694 518 2744 Ι,
553 2693 616 2736 11.
649 2693 714 2736 12.
835 2696 879 2750 8)
913 2697 1072 2738 Cantic.
1104 2699 1137 2747 I,
1170 2696 1235 2740 12.
1269 2697 1334 2742 13.

216 2764 259 2820 ⁹)
291 2763 450 2805 Cantic.
482 2763 516 2813 I,
550 2763 615 2806 12.
739 2765 807 2821 ¹⁰)
839 2764 998 2808 Cantic.
1029 2769 1063 2817 Ῐ,
1095 2768 1159 2810 12.

190 2834 257 2887 ¹¹)
287 2834 396 2874 Edd.
429 2834 489 2874 M.
522 2844 780 2874 constanter:
812 2835 985 2891 pisticae
1012 2837 1234 2893 pretiosae.

102 2910 320 2953 Umor-:ms
347 2912 517 2953 OPERA.
564 2911 683 2952 Tom.
702 2911 816 2952 XIV.
1224 2913 1273 2955 17
