1759 3134
262 99 318 142 66
660 98 882 140 Onmnms
913 110 958 138 m
988 90 1282 138 Ezncmssmm

269 212 423 267 gentias
462 210 706 266 reperirent.
774 209 1002 252 Videamus
1043 221 1182 249 autem
1223 219 1264 247 et
1300 207 1416 247 aliud
1457 222 1564 261 opus
1607 207 1690 247 irae

269 290 448 338 divinae,
482 287 709 328 emittentis
739 288 780 328 in
813 299 967 328 terram
997 284 1274 342 peccatricem
1298 283 1451 324 bestias
1476 284 1688 338 pessimas⁶

268 368 399 407 Aiunt
430 366 555 406 etiam
574 365 738 414 Judaei,
769 365 802 405 si
834 365 1001 419 quando
1037 363 1125 418 lupi
1157 361 1348 402 homines
1380 361 1687 408 devoraverint,

267 445 473 499 impetum
512 442 711 482 facientes
748 443 790 481 in
832 442 1004 489 domos,
1046 452 1084 479 et
1126 450 1287 479 ceterae
1330 436 1508 486 bestiae,
1555 461 1605 466 —
1645 449 1690 476 ut

268 522 440 562 historia
469 521 599 561 refert
628 520 771 559 leones
800 517 839 573 ¹)
872 518 1086 573 quondam
1124 516 1164 555 in
1195 516 1423 554 humanum
1454 530 1581 566 genus
1614 514 1690 553 im-

267 599 439 648 missos,
479 610 519 638 et
557 597 641 637 alio
682 608 874 650 tempore
905 610 1023 633 ursos
1047 594 1090 649 ²)
1133 615 1207 641 —-,
1248 591 1486 632 istiusmodi
1517 592 1689 630 devora-

266 677 402 717 tiones
444 691 491 715 ex
521 673 605 714 Dei
642 671 928 724 indignatione
971 670 1236 710 descendere.
1296 668 1351 708 Et
1381 669 1489 708 hunc
1520 668 1688 707 interim

268 770 458 802 sensum,
496 763 543 791 ut
581 765 806 804 sequamur
844 748 1027 787 litteram
1067 748 1117 786 ab
1157 744 1297 786 altiori
1331 744 1548 785 intellectu
1579 761 1691 784 rece-

267 831 433 878 dentes,
472 844 583 867 nunc
624 825 740 882 sequi
773 825 962 865 videmus
993 824 1257 879 prophetam.
1320 822 1405 875 Qui
1438 834 1576 862 autem
1606 821 1690 877 spi-

264 905 425 947 ritualis
457 917 537 953 est,
578 902 764 961 judicans
797 902 960 951 omnia,
1001 912 1043 941 et
1071 917 1093 940 a
1123 900 1243 940 nullo
1277 898 1550 955 dijudicatur,
1591 915 1689 938 con-

265 984 444 1024 fidenter
482 982 583 1022 dicit
622 981 775 1020 multas
816 996 901 1020 esse
942 978 1116 1027 bestias,
1160 994 1259 1033 quas
1301 977 1454 1016 emittit
1490 977 1607 1016 Deus
1647 976 1689 1015 in

263 1059 543 1115 peccatricem
587 1070 764 1106 terram,
816 1057 849 1096 si
894 1068 1035 1096 tamen
1081 1067 1192 1095 terra
1238 1065 1381 1094 nostra
1425 1051 1686 1107 peccaverit:

260 1135 554 1186 „adversarius
576 1135 618 1190 ³)
656 1145 799 1174 noster
836 1132 1030 1172 diabolus
1066 1143 1113 1170 ut
1155 1131 1223 1170 leo
1275 1129 1438 1181 rugiens
1486 1129 1686 1177 ambulat,

263 1227 464 1267 quaerens
496 1226 623 1265 quem
654 1211 871 1249 devoret.“
919 1207 1000 1247 Illa
1031 1223 1200 1262 quoque
1232 1205 1418 1253 historia,
1451 1221 1554 1260 quae
1575 1205 1686 1246 Scri-

259 1300 401 1344 pturas
442 1286 664 1339 diligenter
704 1284 1023 1326 observantibus
1062 1284 1103 1324 in
1142 1284 1317 1338 planum
1347 1298 1389 1321 se
1420 1283 1594 1336 praebet
1623 1282 1685 1322 in-

258 1367 503 1413 tellectum,
544 1363 785 1404 istiusmodi
821 1363 947 1402 habet
983 1361 1351 1414 significationem,
1389 1360 1557 1414 quando
1600 1360 1685 1398 duo

259 1442 346 1483 ursi
390 1443 442 1482 ad
485 1441 685 1496 parvulos
729 1438 845 1479 missi
885 1450 999 1488 sunt,
1046 1438 1118 1494 qui
1163 1436 1438 1477 contumelias
1476 1436 1684 1476 faciebant

255 1520 502 1575 prophetae,
534 1517 740 1557 dicentes:
772 1517 1074 1570 „adscende⁴)
1108 1515 1236 1564 calve,
1268 1514 1473 1554 adscende
1507 1513 1680 1554 calve!“

256 1596 354 1637 Ursi
391 1611 572 1650 namque
612 1593 678 1633 illi
713 1593 757 1633 in
785 1593 902 1645 signo
936 1604 1052 1633 erant
1081 1593 1257 1633 aliarum
1285 1590 1534 1639 bestiarum,
1577 1605 1681 1645 quae

255 1688 353 1712 vere
391 1673 527 1720 ferae,
577 1686 675 1710 vere
714 1681 810 1710 sunt
846 1669 1038 1719 rabidae,
1087 1684 1191 1724 quae
1230 1668 1456 1708 mittuntur
1494 1667 1536 1706 in
1575 1668 1680 1707 hanc

252 1748 533 1805 peccatricem
562 1759 730 1788 terram.
788 1747 948 1788 Procul
986 1757 1126 1787 autem
1158 1745 1264 1785 absit
1294 1761 1317 1784 a
1345 1743 1492 1793 nobis,
1531 1755 1577 1783 ut
1606 1744 1680 1783 be-

252 1825 353 1866 stiae
391 1825 443 1864 ad
482 1840 559 1864 nos
599 1840 678 1879 pro
709 1823 794 1864 Dei
831 1824 994 1864 ultione
1034 1823 1276 1871 mittantur,
1316 1821 1416 1876 quin
1455 1820 1597 1876 potius
1634 1820 1677 1860 in

254 1901 444 1943 oratione
479 1901 683 1941 dicamus:
726 1916 812 1950 „ne
837 1900 877 1953 5)
915 1899 1136 1941 tradideris
1174 1898 1318 1938 bestiis
1356 1898 1537 1938 animam
1577 1914 1676 1937 con-

251 1979 443 2019 fitentem
471 1978 608 2019 tibi!“
667 1979 757 2030 Ego
795 1977 896 2018 novi
925 1987 1239 2032 perseverantes
1270 1975 1311 2015 in
1340 1975 1423 2014 fide
1455 1973 1583 2030 justos
1614 1974 1676 2013 fe-

249 2056 304 2097 ris
342 2055 541 2105 traditos,
582 2067 623 2096 et
662 2055 865 2095 laceratos
904 2055 955 2094 ab
989 2053 1039 2093 iis
1072 2066 1381 2093 consummasse
1410 2050 1672 2108 martyrium,

247 2149 326 2174 nec
354 2144 495 2173 tamen
524 2133 669 2172 beatos
703 2148 790 2173 esse
822 2131 1002 2171 desiisse.
1061 2131 1159 2171 Non
1194 2128 1305 2170 enim
1334 2127 1478 2168 bestiis
1507 2128 1673 2167 fuerant

247 2209 388 2250 traditi
427 2208 713 2265 spiritualibus
751 2220 792 2249 et
821 2207 1122 2256 invisibilibus,
1165 2223 1270 2262 quae
1300 2206 1484 2246 lacerant
1514 2204 1670 2244 animas

247 2298 541 2342 peccatorum,
582 2296 623 2326 et
663 2286 807 2326 dentes
848 2301 945 2325 suos
976 2285 1019 2325 in
1049 2283 1282 2339 impiorum
1314 2282 1441 2324 corda
1471 2282 1667 2333 defigunt.

246 2362 658 2416 „Quemadmodum
683 2362 726 2418 6)
767 2362 874 2402 enim
917 2361 950 2402 si
989 2373 1134 2416 pastor
1169 2377 1216 2401 ex
1248 2377 1320 2401 ore
1352 2361 1525 2401 leonum
1557 2357 1668 2398 evel-

365 2474 402 2529 ι)
436 2473 521 2515 Cfr.
552 2475 595 2514 II
614 2475 741 2527 Regg.
771 2475 910 2525 XVII,
944 2475 1011 2518 25.
1042 2474 1123 2530 (IV
1137 2474 1284 2530 Regg.)

358 2542 401 2596 2)
437 2543 522 2584 Cfr.
554 2544 597 2584 II
619 2545 748 2597 Regg.
778 2545 834 2594 II,
865 2545 931 2588 24.
965 2546 1045 2601 (IV
1059 2544 1208 2597 Regg.)

355 2612 398 2668 3)
428 2613 579 2655 lPetr.
610 2616 660 2664 V,
690 2614 729 2657 8.

351 2680 394 2737 ¹²)
424 2683 467 2722 Π
485 2683 612 2736 Regg.
643 2684 699 2733 II,
729 2682 797 2726 23.
832 2683 910 2739 (IV
930 2684 1078 2738 Regg.)

349 2750 390 2806 ⁵)
418 2751 572 2794 Psalm.
602 2754 795 2803 LXXIV,
828 2752 892 2796 19.
923 2755 1164 2812 (LXXIII.)

340 2821 383 2876 6)
414 2823 555 2864 Amos.
588 2824 666 2873 III,
700 2823 763 2866 12.
