1759 3134
223 146 307 190 390
519 148 740 188 Omoemus
773 160 814 187 m*
848 147 1028 189 CANTm.
1064 147 1366 191 CANJ·1GORUM

227 259 308 316 jam
342 260 562 301 inferiores
592 261 768 316 sunt¹),
800 279 905 317 quac
934 261 1148 313 octoginta
1189 262 1458 318 appellantur
1499 281 1651 305 concu-

224 337 370 378 binae:
417 338 757 380 adolescentulae
789 354 913 389 vero,
960 355 1136 395 quarum
1167 356 1366 381 numerus
1406 336 1547 382 nullus
1579 353 1652 393 est,

225 426 323 470 post
373 414 568 456 ordinem
616 417 945 458 concubinarum
990 429 1221 473 ponuntur.
1291 419 1401 459 Istae
1427 418 1470 472 ²)
1514 430 1654 460 autem

225 508 371 533 omnes
403 492 667 536 differentiae
699 511 847 536 eorum
879 506 997 545 sunt,
1039 494 1111 550 qui
1141 494 1183 536 in
1216 495 1382 538 Christo
1424 497 1654 547 credentes,

224 569 398 611 diversis
431 569 469 612 ei
497 571 721 613 affectibus
761 572 993 614 sociantur:
1039 584 1086 613 ut
1129 572 1245 614 verbi
1285 572 1413 626 gratia
1453 573 1653 624 dicamus,

225 664 397 690 omnem
444 649 666 690 ecclesiam
713 666 791 706 per
838 650 1023 707 aliquam
1048 651 1092 706 ³)
1142 651 1318 703 figuram
1364 668 1517 708 corpus
1567 668 1655 694 esse

225 725 401 777 Christi,
448 727 684 782 Apostolus
724 726 847 769 dicit:
898 728 942 769 in
990 744 1074 784 quo
1125 745 1307 784 corpore
1357 729 1521 771 diversa
1567 746 1654 772 esse

222 805 412 845 membra
443 804 712 860 pronuntiat,
755 817 796 846 et
825 805 931 847 alios
963 822 1051 847 esse
1084 807 1257 857 oculos,
1290 818 1331 848 et
1360 807 1465 849 alios
1495 823 1656 860 manus,

223 881 330 923 alios
364 881 488 923 etiam
519 883 673 938 pedes,
717 894 758 924 et
788 883 976 936 singulos
1009 900 1088 940 pro
1121 900 1301 940 operum
1331 884 1655 943 studiorumque

221 976 396 1001 suorum
428 960 588 1002 meritis
620 960 662 1002 in
693 962 884 1004 membra
916 962 1107 1018 corporis
1140 961 1263 1020 hujus
1295 962 1441 1019 aptari.
1496 964 1656 1006 Secun-

223 1038 325 1079 dum
345 1037 386 1094 ⁴)
418 1039 525 1081 hanc
556 1055 654 1093 ergo
687 1039 873 1096 speciem
917 1050 959 1080 et
995 1039 1098 1082 haec
1137 1039 1413 1094 intelligenda
1450 1053 1568 1083 sunt:
1615 1054 1656 1084 et

222 1114 322 1157 alias
363 1115 536 1172 quidem
575 1116 732 1157 animas
772 1117 1010 1172 putandum
1054 1127 1115 1156 est
1152 1115 1197 1157 in
1234 1117 1316 1158 hoc
1346 1118 1534 1174 sponsali
1564 1120 1658 1161 dra-

220 1204 346 1244 mate,
378 1210 483 1250 quae
506 1193 869 1248 magnificentiore
898 1193 1057 1234 affectu
1080 1208 1236 1250 sponso
1265 1205 1391 1251 atque
1423 1195 1655 1239 illustriore

219 1269 455 1322 sociantur,
502 1274 616 1329 apud
656 1289 753 1315 eum
790 1271 1030 1325 reginarum
1072 1271 1171 1313 loco
1212 1283 1254 1313 et
1292 1272 1450 1314 affeetu
1486 1273 1654 1316 haberi:

220 1347 335 1399 alias,
370 1365 547 1406 quarum
578 1350 758 1393 inferior
792 1349 881 1391 sine
913 1347 1044 1391 dubio
1084 1348 1129 1390 in
1158 1349 1423 1406 profectibus
1454 1362 1495 1393 et
1525 1351 1655 1394 virtu-

220 1425 333 1468 tibus
373 1427 512 1469 honor
551 1440 636 1479 est,
678 1427 1010 1470 concubinarum
1055 1428 1154 1469 loco
1189 1428 1307 1470 duci:
1351 1439 1394 1469 et
1423 1428 1523 1470 alias
1554 1431 1655 1472 ado-

222 1505 565 1557 lescentularum,
597 1524 703 1564 quae
735 1506 933 1549 videntur
963 1517 1075 1547 extra
1101 1506 1240 1547 aulam
1271 1506 1444 1563 quidem
1474 1508 1654 1565 positae,

223 1599 310 1624 non
339 1595 481 1626 tamen
513 1596 626 1627 extra
656 1586 806 1626 urbem
835 1584 1015 1637 regiam:
1064 1583 1324 1641 posteriores
1354 1601 1455 1627 vero
1489 1597 1530 1627 et
1558 1599 1657 1643 post

221 1677 390 1712 omnes,
426 1679 532 1718 quae
563 1678 689 1719 supra
720 1674 979 1703 memoratae
1009 1674 1128 1713 sunt,
1169 1679 1256 1704 esse
1287 1678 1375 1714 eas,
1417 1679 1522 1720 quae
1554 1681 1654 1706 oves

219 1740 502 1796 appellantur.
564 1741 611 1783 Si
656 1756 756 1782 vero
799 1741 1105 1797 perspiciamus
1136 1740 1356 1793 attentius,
1401 1741 1538 1783 adhue
1568 1743 1655 1784 for-

218 1818 334 1861 tassis
367 1819 494 1861 etiam
533 1820 682 1861 harum
725 1819 916 1861 omnium
957 1819 1250 1877 invenimus⁵)
1280 1818 1502 1862 inferiores
1541 1820 1656 1873 aliaS,

220 1908 261 1937 et
291 1897 461 1939 ultimas
495 1898 709 1940 omnium:
765 1897 858 1940 illas
888 1897 1073 1950 scilicet,
1115 1915 1221 1956 quae
1251 1898 1295 1940 in
1325 1897 1534 1940 sodalium
1566 1898 1654 1957 ejus

219 1976 411 2030 gregibus
440 1989 727 2020 numerantur.
788 1976 844 2017 Et
882 1976 965 2034 ipsi
1005 1977 1117 2019 enim
1154 1978 1309 2020 habere
1347 1993 1488 2032 greges
1527 1994 1652 2035 quos-

218 2056 315 2097 dam
346 2055 565 2109 dicuntur,
605 2056 649 2098 in
680 2071 786 2113 quos
815 2071 904 2097 non
932 2056 1026 2098 vult
1054 2073 1207 2114 sponsa
1235 2056 1448 2099 incurrere
1459 2073 1471 2110 3
1512 2067 1553 2097 et
1594 2057 1649 2097 ob

219 2133 301 2175 hoc
331 2134 441 2191 petit
469 2151 492 2176 a
521 2151 694 2191 sponso,
725 2146 772 2176 ut
802 2134 1021 2176 annuntiet
1049 2134 1142 2186 sibi,
1172 2133 1247 2176 ubi
1277 2146 1432 2191 pascat,
1462 2134 1536 2176 ubi
1561 2151 1650 2176 me-

339 2344 380 2401 ¹)
413 2346 512 2394 Mss.
545 2357 690 2398 „sunt,
721 2362 840 2403 quae.
855 2350 880 2371 “
938 2345 1056 2388 Editi
1088 2346 1145 2403 (e.
1181 2364 1214 2389 c.
1247 2347 1342 2390 edd.
1374 2346 1480 2405 M.):
1512 2360 1647 2400 „sunt‚

219 2401 329 2459 quia.
343 2407 367 2426 “
427 2403 479 2444 R.

335 2473 378 2530 ²)
408 2473 508 2515 Mss.
539 2486 587 2516 ut
624 2473 669 2516 in
706 2485 854 2516 nostro
893 2484 1021 2515 textu.
1093 2473 1211 2515 Editi
1250 2475 1309 2540 (v.
1343 2493 1375 2516 c.
1410 2477 1504 2518 edd.
1536 2477 1643 2534 M.):

216 2531 353 2579 „Istae
390 2542 531 2572 autem
569 2547 715 2574 omnes
753 2531 988 2573 animarum
1038 2547 1181 2573 earum
1231 2532 1498 2575 differentiae
1536 2546 1645 2586 sunt,

216 2603 322 2642 quae
352 2586 395 2628 in
428 2588 596 2631 Christo
610 2595 635 2614 “
667 2599 745 2634 etc.
802 2589 853 2630 R.

333 2656 376 2715 3)
408 2657 525 2700 Libri
555 2671 675 2701 antea
705 2658 809 2700 editi
839 2658 897 2715 (v.
932 2675 966 2701 c.
999 2658 1094 2700 edd.
1125 2659 1231 2716 M.):
1271 2660 1427 2713 „illam
1466 2661 1642 2715 figuram

216 2731 371 2773 corpus
402 2731 490 2758 esse
521 2715 699 2768 Christi,
731 2731 812 2772 qua
845 2716 1116 2773 Apostolus“
1148 2728 1225 2758 etc.
1286 2718 1386 2760 Mss.
1417 2729 1465 2760 ut
1493 2718 1537 2760 in
1566 2735 1642 2761 no-

214 2783 301 2814 stro
332 2783 463 2815 textu.
520 2775 573 2816 R.
610 2796 661 2804 —
694 2773 780 2816 Cfr.
812 2773 833 2814 I
854 2772 952 2815 Cor.
983 2772 1081 2814 XII.

329 2843 373 2901 4)
402 2843 513 2886 Edd.
542 2844 605 2887 M.
636 2844 910 2896 „Secundum
940 2855 1081 2886 autem
1109 2845 1298 2903 speciem
1328 2858 1370 2889 et
1398 2848 1529 2891 haec“
1561 2859 1639 2890 etc.

331 2914 374 2969 ⁵)
403 2913 514 2958 Edd.
543 2914 741 2959 Merlini:
781 2914 1130 2968 ‚,inveniemus.“
