1738 3134
251 128 300 170 1⁴2
657 133 876 175 Omossms
908 147 952 175 n*
984 134 1279 177 Ezsscumm-:M

246 264 331 288 non
365 260 476 289 totus
508 261 569 289 est
600 248 755 301 igneus.
803 247 1032 302 Superiora
1064 247 1150 306 ejus
1184 248 1390 288 electrum
1421 262 1528 290 sunt.
1576 250 1676 291 Ele-

247 336 382 365 ctrum
420 341 505 365 non
547 326 685 367 solum
725 336 917 376 argento,
959 341 1105 365 verum
1138 337 1177 365 ct
1208 341 1309 366 auro
1341 326 1568 381 pretiosius
1601 338 1674 368 est.

244 401 463 441 Electrum
505 415 646 443 autem
687 418 764 457 pro
808 402 1002 457 exvmplo
1044 402 1220 454 fulgoris
1263 403 1478 458 Scriptura
1518 404 1674 459 posuit,

245 495 330 518 non
364 480 479 534 quod
507 481 626 522 Deus
665 496 760 520 vere
799 480 1001 519 uhu-trum
1032 480 1095 520 sit.
1155 480 1208 520 Et
1242 482 1461 535 quomodo
1493 497 1580 521 non
1613 493 1673 521 est

245 556 329 595 tale
373 557 576 597 electrum
614 558 754 605 Dens,
804 557 924 611 quale
967 558 1209 597 vidrbatur:
1255 557 1312 598 sic
1355 575 1440 598 non
1482 570 1544 598 est
1582 558 1675 598 talis

245 631 371 685 ignis,
413 634 548 690 qualis
588 651 609 675 a
650 634 819 675 renibus
857 651 986 689 usque
1027 635 1079 675 ad
1119 636 1278 691 pedum
1310 636 1434 676 {inem
1467 635 1675 691 apparuit.

246 709 357 762 Ignis
388 710 465 751 iste
501 712 724 761 consumit,
756 723 795 751 et
824 727 909 751 non
942 723 1002 752 est
1033 712 1288 767 appositum,
1320 713 1420 768 quid
1443 724 1673 762 consumat,

244 799 290 827 ut
321 799 367 827 tu
399 805 600 843 quaerens
630 788 836 844 reperias,
880 788 981 843 quid
1012 789 1064 829 sit
1095 789 1226 839 illud,
1266 791 1380 845 quod
1412 807 1434 830 a
1465 790 1549 830 Dei
1579 789 1672 841 igne

246 865 519 906 consumitur.
575 866 718 915 „Deus
748 866 786 922 ¹)
818 877 963 906 noster
991 866 1095 918 ignis
1127 883 1375 908 consumens
1407 873 1508 908 cst.“
1553 866 1672 921 Quid

246 941 455 981 consumit
486 941 590 994 ignis
620 943 726 983 iste?
783 944 882 983 Non
912 943 1034 995 ligna,
1067 961 1172 1000 quae
1205 945 1426 995 cernimus,
1462 960 1549 985 non
1579 960 1672 984 sen-

243 1017 364 1058 sibile
397 1020 586 1068 foenum,
625 1037 711 1060 non
742 1020 957 1076 stipulam,
996 1039 1100 1077 quae
1133 1022 1318 1073 videtur,
1356 1023 1433 1063 sed
1461 1021 1494 1062 si
1524 1038 1669 1076 super-

242 1095 527 1137 aedificaveris
567 1098 841 1139 fundamento
873 1100 976 1140 Jesu
1008 1099 1162 1141 Christi
1195 1117 1324 1156 opera
1353 1098 1516 1156 peccati
1545 1098 1669 1150 ligna,

245 1188 374 1227 opera
404 1173 566 1228 peccati
607 1175 806 1224 foenum,
848 1192 977 1231 opera
1013 1177 1177 1232 peccati
1214 1177 1417 1217 inferiora
1451 1175 1667 1230 stipulam,

242 1250 355 1290 venit
386 1250 503 1302 ignis,
535 1263 575 1291 et
606 1251 799 1292 universa
831 1252 905 1292 ista
937 1253 1153 1294 examinat.
1215 1253 1322 1307 Quis
1354 1265 1414 1293 est
1444 1253 1522 1293 iste
1550 1253 1668 1305 ignis,

243 1343 367 1381 quem
400 1327 465 1367 lex
494 1329 732 1383 praedicat,
782 1341 822 1370 et
863 1329 1128 1383 evangelium
1162 1347 1250 1371 non
1290 1330 1429 1372 tacet?
1487 1329 1668 1380 „Unius-

243 1402 442 1461 cujusque
478 1405 521 1460 ²)
561 1421 669 1460 opus
710 1407 832 1461 quale
870 1407 945 1456 sit,
994 1407 1097 1460 ignis
1143 1407 1384 1463 probabit.“
1446 1406 1552 1461 Quis
1592 1418 1667 1456 est,

238 1480 473 1534 Apostole‚
514 1481 618 1534 ignis
649 1483 748 1533 iste,
790 1483 861 1539 qui
892 1486 1046 1539 probat
1076 1501 1205 1540 opera
1234 1484 1405 1526 nostra?
1465 1484 1571 1539 Quis
1605 1497 1666 1525 est

237 1556 341 1609 ignis
380 1557 457 1598 iste
499 1558 558 1600 sic
597 1559 781 1616 sapiens,
821 1572 868 1601 ut
907 1562 1115 1602 custodiat
1144 1578 1292 1603 aurum
1321 1578 1488 1614 meum,
1525 1575 1571 1604 ut
1602 1579 1664 1603 ar-

236 1646 407 1685 gentum
437 1652 583 1676 mcum
612 1638 874 1692 splendidius
905 1641 1119 1690 ostendat,
1157 1652 1203 1680 ut
1234 1640 1428 1682 illaesum
1456 1640 1665 1696 relinquat

238 1728 347 1762 cum,
390 1712 462 1768 qui
494 1713 536 1753 in
567 1730 636 1754 me
669 1727 742 1765 est,
779 1715 967 1771 lapidem
1000 1716 1249 1772 pretiosum,
1287 1730 1335 1758 ut
1364 1719 1474 1758 mala
1502 1729 1664 1758 tantum

237 1801 474 1840 consumat,
514 1807 618 1846 quae
649 1792 753 1842 feci,
798 1809 903 1848 quac
935 1793 1281 1849 superaedificavi
1311 1795 1435 1848 ligna,
1474 1797 1663 1845 foenum,

234 1866 462 1921 stipulam?
522 1867 629 1921 Quis
670 1881 730 1909 est
766 1869 842 1910 iste
887 1870 1021 1923 ignis?
1078 1872 1249 1924 „Ignem
1274 1872 1317 1928 3)
1358 1872 1453 1913 veni
1494 1872 1661 1913 mittere

234 1959 360 1998 super
388 1955 557 1994 terram,
590 1956 630 1985 ct
661 1963 787 2001 quam
821 1947 919 1986 volo
952 1958 999 1987 ut
1028 1948 1338 1989 accendatur!“
1396 1950 1515 1990 Jesus
1543 1949 1662 1991 Chri-

234 2030 318 2059 stus
362 2020 486 2060 dicit:
536 2039 698 2077 „quam
726 2022 768 2077 4)
810 2024 911 2064 volo
952 2036 998 2064 ut
1027 2024 1112 2083 jam
1151 2026 1461 2067 accendatur!“
1515 2026 1661 2067 Bonus

235 2096 346 2136 enim
378 2109 451 2147 est,
491 2110 531 2138 et
560 2099 694 2149 novit,
736 2099 832 2155 quia
863 2101 897 2141 si
927 2101 1030 2154 ignis
1060 2103 1138 2144 iste
1169 2103 1298 2144 suerit
1327 2120 1536 2154 accensus,
1574 2122 1662 2146 ma·

234 2173 323 2213 litia
364 2182 647 2217 consumetur.
706 2177 924 2233 Scriptum
956 2192 1017 2220 cst
1045 2180 1088 2220 in
1118 2181 1360 2237 prophetis:
1396 2183 1662 2232 „sanctifica-

233 2250 293 2290 vit
323 2267 419 2291 eum
450 2251 492 2292 in
523 2253 607 2305 igni
638 2254 822 2305 ardenti,
863 2268 902 2297 et
941 2258 1107 2298 voravit
1146 2270 1345 2315 tanquam
1374 2260 1548 2300 foenum
1578 2263 1659 2319 syl-

231 2334 375 2368 vam.“
434 2328 488 2370 Et
526 2347 713 2372 rursum:
755 2335 946 2383 „emittit
982 2337 1194 2377 Dominus
1233 2337 1419 2378 Sabaoth
1457 2337 1500 2378 in
1537 2349 1659 2380 tuum

230 2405 439 2446 honorem
479 2409 802 2461 contumeliam,
847 2424 886 2453 et
922 2412 962 2453 in
1003 2426 1117 2454 tuam
1157 2413 1335 2466 gloriam
1371 2414 1475 2467 ignis
1509 2417 1659 2458 ardens

230 2483 530 2524 accenditur:“
570 2485 612 2525 id
658 2498 739 2537 ost,
780 2501 826 2529 ut
857 2501 902 2530 tu
932 2490 1205 2542 glorificeris,
1246 2491 1451 2532 emittitur
1480 2492 1584 2546 ignis
1614 2494 1656 2534 iu

231 2576 360 2615 opera
389 2573 662 2616 peccatorum
692 2576 875 2606 tuorum.
923 2567 994 2608 Vis
1025 2568 1160 2607 adhuc
1191 2584 1213 2607 a
1243 2569 1451 2624 propheta
1482 2570 1655 2620 discere,

231 2637 326 2692 quia
369 2648 579 2680 tormenta
622 2642 726 2682 boni
764 2644 847 2684 Dei
887 2645 967 2685 sint
1007 2646 1058 2684 ad
1097 2644 1324 2685 utilitatem
1364 2663 1535 2699 eorum,
1581 2648 1653 2704 qui

347 2784 388 2839 ¹)
420 2784 550 2826 Hebr.
571 2786 670 2836 XII,
700 2787 765 2831 29.
916 2791 958 2847 2)
993 2791 1014 2834 1
1040 2791 1137 2833 Cor.
1159 2792 1237 2841 IH,
1271 2792 1334 2835 13.

344 2851 386 2906 3)
419 2855 520 2897 Luc.
539 2855 638 2904 XII,
669 2857 734 2901 49.
911 2860 954 2915 ⁴)
986 2861 1084 2903 Luc.
1106 2862 1205 2911 XII,
1235 2861 1302 2905 49.
