1759 3134
632 158 678 187 m
706 144 1010 185 Ezncnuzmm.
1447 136 1529 181 183

108 259 158 302 ἐν
185 260 235 317 τῇ
257 251 543 310 ἀποκαλύψει
564 253 644 300 τὸν
659 252 872 309 Ἰωάννην
897 252 1217 295 κατεσθίοντα·
1247 251 1409 292 πλεῖον
1431 247 1523 305 γὰρ

109 334 354 393 κεφαλίδος
382 331 435 375 οὐ
459 337 604 390 χωρεῖ
630 337 799 389 φαγεῖν
826 327 853 385 ἡ
885 325 1150 386 ἀνθρώπεια
1181 323 1330 384 φύσις.

218 411 353 467 ,,Καὶ
378 409 420 463 ¹)
466 409 717 467 ἐγέγραπτο
756 408 807 450 ἐν
850 404 959 465 αὐτῇ
1004 406 1174 463 θρῆνος
1215 405 1292 445 καὶ
1334 403 1520 458 μέλος.“

106 490 260 535 Μέλος
283 484 371 541 μὲν
400 489 492 533 τοῖς
514 483 675 541 ἁγίοις,
704 485 872 541 θρῆνος
901 482 952 524 δὲ
981 485 1074 529 τοῖς
1103 478 1185 523 οὐκ
1216 479 1520 536 ἀπεγνωσμέ-

107 580 200 613 νοις
229 565 317 606 τῶν
346 559 692 621 ἡμαρτηκότων
731 559 836 604 οὐαὶ
874 559 926 602 δὲ
956 562 1049 606 τοῖς
1087 558 1516 611 κολασθησομένοις.

571 893 841 956 Κεφάλαιον
869 899 1034 954 τρίτον.

212 1009 345 1063 „Kal
371 1010 413 1064 ²)
454 1006 665 1065 ἐψώμισέ
697 1025 754 1065 με
798 1006 878 1062 τὴν
920 1009 1162 1064 κεφαλίδα.
1181 1008 1210 1030 ‘⁶'
1277 1005 1519 1050 Ἐντεῦθεν

99 1082 294 1141 μάλιστα
325 1085 480 1140 δῆλον,
514 1083 580 1128 ὅτι
610 1088 770 1129 πλεῖον
801 1088 874 1140 τῆς
904 1084 1150 1142 κεφαλίδος
1182 1084 1234 1127 οὐ
1257 1089 1403 1141 χωρεῖ
1420 1100 1518 1141 φα-

101 1166 200 1217 γεῖν
230 1159 254 1216 ἡ
286 1161 554 1219 ἀνθρωπίνη
588 1160 740 1219 φύσις,
773 1164 848 1203 καὶ
880 1164 1017 1204 ταῦτα
1048 1159 1138 1205 ὑπὸ
1169 1165 1245 1215 τῆς
1267 1160 1419 1220 χειρὸς
1438 1163 1516 1204 τοῦ

101 1240 212 1281 θεοῦ
246 1241 556 1296 ψωμιζομένη.
599 1237 647 1282 Ὁ
670 1242 827 1291 μέντοι
851 1254 903 1294 γε
935 1238 1105 1280 ἐσθίων
1132 1236 1301 1293 ταύτην
1328 1237 1410 1293 τὴν
1439 1253 1517 1282 κε*

101 1315 300 1370 ψαλίδα,
343 1313 605 1370 ἀνειλούσης
640 1314 779 1370 αὐτὴν
807 1317 882 1369 τῆς
911 1316 1203 1372 ἐκτεταμένης
1224 1313 1378 1372 χειρὸς
1406 1314 1519 1372 πρὸς

101 1388 180 1434 τὸν
220 1393 457 1446 ἐσθίοντα,
500 1389 700 1449 φάγεται
731 1389 892 1445 αὐτὴν·
932 1394 1008 1433 ἵνα
1039 1389 1115 1434 διὰ
1144 1394 1217 1446 τῆς
1248 1388 1517 1445 ἀνειλήσεως

98 1470 174 1522 τῆς
202 1469 448 1525 κεφαλίδος
477 1466 577 1517 ἑνὸς
606 1464 796 1511 ἑκάστου
826 1470 916 1510 τῶν
947 1469 1337 1526 ἐγγεγραμμένων
1357 1468 1406 1510 ἐν
1429 1466 1517 1510 αὐ-

101 1548 150 1605 τῇ
192 1543 502 1601 ἀντιλάβηται,
549 1547 626 1589 καὶ
665 1542 1019 1601 μασσησάμενος
1052 1543 1134 1600 τὴν
1174 1544 1400 1602 κεφαλίδα
1439 1547 1516 1587 καὶ

97 1621 178 1677 τὴν
207 1622 437 1678 ἀνείλησιν
466 1621 622 1677 αὐτῆς,
654 1619 805 1665 πάντα
836 1620 949 1681 λάβῃ
980 1625 1041 1671 εἷς
1072 1620 1153 1676 τὴν
1181 1620 1346 1677 νοητὴν
1379 1622 1516 1664 αὐτοῦ

99 1703 275 1743 κοιλίαν
308 1698 362 1743 τὰ
404 1701 755 1757 ἐγγεγραμμένα
794 1698 844 1742 οὐ
883 1696 1033 1753 μόνον
1066 1699 1356 1755 ἔμπροσθεν,
1401 1697 1514 1741 ἀλλὰ

101 1779 178 1819 καὶ
220 1772 426 1820 ὄπισθεν.
489 1778 672 1830 Νομίζω
712 1775 761 1818 δὲ
792 1773 867 1818 διὰ
902 1775 990 1831 μὲν
1021 1777 1110 1817 τῶν
1140 1775 1406 1832 ἔμπροσθεν
1439 1777 1515 1830 τῆς

98 1854 345 1911 κεφαλίδος
383 1854 636 1906 δηλοῦσθαι
674 1851 728 1895 τὰ
768 1850 1094 1911 προηγούμενα
1132 1854 1222 1895 τῶν
1251 1849 1512 1909 δογμάτων,
1546 1842 1556 1851 ”

100 1931 178 1972 καὶ
206 1928 259 1972 τὰ
289 1931 395 1986 περὶ
425 1931 517 1972 τῶν
545 1926 714 1985 ἁγίων,
755 1932 833 1972 καὶ
862 1927 916 1972 τὰ
945 1932 1051 1988 περὶ
1080 1931 1170 1972 τῶν
1196 1929 1513 1987 ἀπαγγελιῶν,

99 2008 176 2049 καὶ
215 2003 494 2054 ἁπαξαπλῶς
531 2003 586 2048 τὰ
624 2007 730 2063 περὶ
767 2007 856 2048 τῶν
883 2009 1124 2063 μακαρίων
1153 2009 1226 2048 καὶ
1258 2009 1332 2061 τῆς
1361 2007 1516 2056 διεξα-

97 2083 250 2139 γωγῆς
285 2084 364 2124 τοῦ
404 2084 480 2142 ζῇν
518 2081 690 2126 αὐτῶν·
741 2080 818 2125 διὰ
865 2081 915 2125 δὲ
955 2085 1046 2126 τῶν
1087 2078 1281 2127 ὄπισθεν
1316 2081 1371 2126 τὰ
1409 2086 1515 2140 περὶ

98 2161 189 2202 τῶν
225 2161 542 2217 κολαζομένων
579 2162 656 2203 καὶ
693 2161 772 2202 τοῦ
804 2157 975 2214 τρόπου
1004 2162 1079 2214 τῆς
1108 2157 1336 2209 κολάσεως
1368 2159 1516 2204 αὐτῶν

99 2238 174 2280 καὶ
202 2238 293 2280 τῶν
326 2234 798 2292 ἐπακολουθησάντων
828 2236 878 2279 ἐν
907 2238 957 2297 τῇ
988 2241 1127 2280 κτίσει
1157 2242 1247 2287 τοῖς
1280 2253 1515 2298 προηγου-

97 2316 246 2371 μένως
273 2317 607 2371 γεγενημένοις.
655 2315 747 2355 Καὶ
766 2313 981 2368 δηλοῦται
1000 2313 1054 2357 τὰ
1075 2313 1164 2371 μὲν
1186 2312 1514 2374 προηγούμενα

100 2391 177 2433 καὶ
213 2388 266 2433 τὰ
309 2391 576 2451 ἔμπροσθεν
614 2388 690 2433 διὰ
731 2393 810 2434 τοῦ
850 2387 1036 2447 μέλους·
1079 2390 1132 2434 τά
1178 2392 1228 2436 δὲ
1270 2390 1408 2436 λοιπὰ
1438 2391 1514 2435 διὰ

100 2468 179 2510 τοῦ
209 2465 382 2524 θρήνου
412 2469 489 2511 καὶ
517 2470 594 2512 τοῦ
627 2466 744 2512 οὐαί.
796 2467 914 2518 Τοὺς
940 2469 1028 2526 μὲν
1048 2460 1132 2512 οὖν
1148 2467 1197 2512 ἐν
1215 2466 1514 2526 ἁμαρτήμασι

100 2546 402 2601 γενομένους,
443 2546 520 2587 καὶ
551 2541 698 2600 πάντη
730 2543 1046 2596 ἀποπεσόντας
1074 2549 1166 2590 τῶν
1194 2549 1269 2602 τῆς
1299 2549 1518 2606 σωτηρίας

100 2618 362 2677 δογμάτων,
393 2626 663 2680 θρηνεῖσθαι
684 2621 996 2682 ὑπολαμβάνω
1013 2637 1022 2648 ·
1056 2622 1104 2668 τό
1132 2624 1181 2668 δὲ
1203 2627 1338 2681 μέλος
1362 2623 1517 2682 ἀπαγ-

100 2701 340 2755 γέλλεσθαι
370 2703 463 2747 τοῖς
489 2702 751 2759 μακαρίοις·
783 2699 832 2745 τὸ
863 2702 913 2746 δὲ
944 2700 1059 2758 οὐαὶ,
1091 2707 1183 2752 τοῖς
1210 2705 1361 2747 τέλεον
1396 2701 1516 2744 ἀπο-

224 2857 264 2914 ι)
296 2858 382 2900 Csr.
414 2857 564 2900 Ezech.
598 2859 652 2909 II,
685 2858 749 2903 10.
867 2861 911 2917 2)
942 2862 1092 2903 Ezech.
1124 2863 1205 2912 Ill,
1234 2861 1274 2904 2.
