1759 3134
204 140 285 184 150
606 144 827 185 Omessms
856 155 903 185 m
932 141 1227 184 Ezecfflnmm

206 252 313 303 mia,
344 252 385 294 in
416 264 602 304 tantum,
630 266 678 295 ut
708 255 1037 297 comminaretur
1068 253 1128 304 ei,
1160 252 1232 308 qui
1261 253 1312 293 ab
1344 253 1430 311 ejus
1459 254 1631 296 servitio

209 330 462 371 declinaret:
513 342 554 371 et
593 347 643 372 eo
685 343 901 388 tempore,
953 347 1035 387 quo
1075 330 1304 371 Jeremiam
1350 331 1631 386 exposuimus,

211 423 270 456 ea,
302 423 407 462 quae
437 407 560 448 nobis
591 408 719 461 gratia
748 409 832 449 Dei
865 409 1078 449 orantibus
1110 408 1228 448 vobis
1257 407 1402 459 largita
1433 420 1514 458 est,
1545 409 1631 449 sive

212 495 322 524 certe
353 496 566 541 utcunque
597 485 826 535 sensimus,
859 502 1067 541 exponere
1101 484 1239 526 conati
1270 500 1424 525 sumus.
1483 486 1634 526 Noluit

209 573 351 603 autem
388 562 433 604 id
471 564 631 611 facere,
680 563 796 618 quod
836 564 972 604 suerat
1011 563 1282 618 imperatum,
1327 562 1400 602 sed
1439 562 1635 616 palmites

209 654 307 679 suos
348 639 534 681 extendit
574 640 626 679 ad
666 639 931 680 Pharaonem
971 640 1011 680 in
1055 641 1174 692 gleba
1214 638 1485 695 plantationis
1526 638 1633 696 ejus:

209 716 260 755 ab
301 732 352 757 eo
399 716 625 758 constituta
653 716 691 772 ¹)
733 728 793 757 est
831 717 874 757 in
914 734 1062 773 campo
1109 733 1234 772 super
1263 732 1413 771 aquam
1443 717 1635 768 multam,

209 802 256 832 ut
284 793 445 834 fructus
475 794 648 833 afferret
675 794 937 835 uberrimos:
983 806 1023 835 et
1055 795 1216 834 deserta
1247 794 1440 850 Aegypto
1470 810 1635 834 rursum

212 870 450 927 Aegyptum
482 870 739 926 concupivit,
769 882 921 927 putans
951 888 993 912 se
1024 874 1260 912 ubertatem
1291 870 1510 926 pristinam
1538 887 1637 911 con-

211 958 467 988 secuturam:
502 947 584 987 hoc
615 946 822 1003 imprimis
854 948 1052 1001 cogitans,
1084 949 1199 1003 quod
1231 948 1264 988 si
1293 948 1639 988 Nabuchodono-

212 1039 284 1064 sor
314 1025 365 1065 ad
394 1025 659 1065 Pharaonem
688 1027 1016 1075 transcenderet,
1048 1026 1208 1066 radices
1238 1026 1445 1074 firmaret,
1483 1025 1638 1065 evelle-

210 1112 274 1141 ret
302 1113 524 1151 staturam,
566 1103 724 1141 fructus
754 1101 937 1142 afferret.
998 1104 1084 1144 Sed
1114 1102 1157 1142 in
1188 1102 1468 1151 contrarium,
1513 1119 1637 1157 quam

211 1178 395 1232 putavit,
437 1177 578 1219 omnia
616 1177 875 1217 reciderunt.
944 1178 1126 1218 Fructus
1172 1178 1331 1234 quippe
1372 1177 1459 1234 ejus
1502 1179 1639 1219 omnis

212 1254 487 1309 computruit,
520 1265 561 1294 et
590 1253 915 1309 pullulationes,
947 1270 1052 1310 quae
1083 1255 1233 1295 saltem
1262 1254 1456 1295 modicae
1486 1255 1529 1295 in
1559 1256 1640 1297 Ba-

210 1330 414 1388 bylonem
446 1343 664 1382 venerant,
694 1331 930 1372 mutatione
960 1332 1144 1385 regionis
1176 1343 1446 1382 exaruerunt,
1477 1332 1521 1372 in
1550 1344 1640 1373 tan-

210 1419 316 1458 tum,
344 1420 392 1449 ut
420 1409 619 1450 radicitus
650 1408 790 1449 evulsa
820 1408 894 1458 sit,
933 1425 987 1450 ne
1025 1410 1136 1450 ultra
1172 1410 1215 1450 in
1254 1409 1427 1450 brachio
1470 1426 1638 1463 magno,

211 1496 283 1525 aut
320 1484 362 1526 in
398 1486 564 1542 populo
606 1485 793 1541 plurimo
837 1486 1160 1528 convalesceret.
1223 1486 1340 1540 Quid
1380 1487 1423 1526 in
1463 1503 1505 1528 se
1537 1487 1639 1528 haec

212 1573 346 1612 tanta,
387 1564 454 1604 vel
485 1563 585 1603 talia
615 1563 831 1604 continent
861 1563 1147 1604 sacramenta?
1206 1562 1323 1617 Quid
1352 1563 1640 1619 unusquisque

210 1656 350 1680 sermo
381 1640 613 1692 significat?
660 1641 903 1689 Possumus,
933 1640 968 1679 si
998 1651 1138 1680 tamen
1167 1640 1392 1680 habeamus
1414 1639 1641 1689 auditores,

212 1717 265 1757 ad
295 1717 419 1757 aliam
451 1717 660 1773 quandam
689 1717 922 1758 Jerusalem
955 1718 1263 1767 conscendere,
1302 1728 1343 1757 et
1369 1716 1433 1757 ibi
1463 1717 1642 1757 demon-

212 1805 364 1844 strare,
404 1795 624 1850 quomodo
665 1794 805 1850 aquila
841 1809 990 1846 magna
1031 1795 1205 1834 ductum
1234 1811 1356 1834 suum
1385 1794 1557 1843 fecerit,
1600 1807 1641 1836 et

212 1871 255 1911 in
285 1871 415 1922 hanc,
446 1856 569 1926 quam
599 1888 709 1911 nunc
739 1888 816 1911 nos
847 1870 1134 1926 possidemus,
1173 1871 1437 1928 Babylonem
1468 1872 1642 1912 summi-

213 1959 318 1989 tates
365 1948 454 2005 ejus
500 1948 714 1990 detulerit.
790 1948 1020 1989 Possumus
1063 1948 1292 1989 secretiora
1337 1950 1543 2004 quaedam
1588 1951 1641 1990 de

213 2026 432 2067 Pharaone
458 2027 598 2082 loqui:
629 2042 789 2075 verum,
821 2025 918 2081 quia
943 2036 1138 2080 tempore
1163 2037 1438 2076 coarctamur,
1461 2038 1502 2067 et
1527 2027 1641 2067 forte

213 2104 416 2143 audenter
443 2103 754 2158 promittimus,
785 2104 901 2158 quod
930 2119 1017 2144 non
1047 2103 1258 2144 valeamus
1283 2103 1325 2159 ²)
1356 2102 1556 2158 implere,
1588 2104 1640 2143 ad

213 2180 378 2221 minora
408 2180 650 2229 redeamus,
690 2190 731 2219 et
759 2181 992 2220 secundum
1020 2196 1260 2221 mensuram
1291 2180 1530 2221 intellectus
1563 2197 1641 2221 no-

214 2257 288 2298 stri
322 2257 380 2297 sic
409 2256 552 2312 potius
583 2272 853 2312 exponamus.
912 2256 1039 2297 Venit
1069 2258 1121 2298 ad
1151 2257 1278 2298 istum
1308 2258 1528 2308 Libanum,
1559 2259 1641 2299 hoc

215 2346 296 2384 est,
328 2334 572 2383 ecclesiam,
601 2332 675 2373 ubi
705 2332 865 2374 hostiae
895 2333 1002 2384 Dei,
1045 2334 1119 2374 ubi
1150 2335 1367 2376 incensum
1399 2335 1640 2376 orationum

216 2411 304 2468 ejus
343 2412 580 2452 celebratur
621 2410 697 2450 ista
735 2425 884 2462 magna
924 2422 966 2451 et
996 2428 1093 2453 vera
1124 2413 1262 2469 aquila
1295 2413 1641 2454 Nabuchodono-

214 2504 306 2538 sor,
337 2490 380 2529 id
412 2500 495 2538 est,
526 2487 749 2537 diabolus,
782 2499 821 2527 et
850 2488 1001 2543 rapuit,
1062 2489 1183 2530 Absit
1212 2502 1353 2531 autem
1384 2507 1406 2530 a
1437 2490 1641 2546 tempori-

212 2566 289 2605 bus
320 2565 496 2615 nostris,
536 2576 582 2605 ut
613 2566 663 2605 de
697 2564 870 2605 summis
902 2566 1037 2616 cedri,
1079 2567 1123 2607 id
1155 2579 1235 2617 est,
1281 2568 1333 2608 de
1362 2567 1639 2623 principibus,

216 2653 256 2683 et
294 2643 344 2683 de
384 2642 499 2696 regio
541 2642 699 2683 semine
739 2642 780 2682 in
814 2642 1009 2683 Chanaan
1048 2646 1280 2686 transferat.
1342 2645 1546 2694 Oremus,
1586 2660 1640 2684 ne

335 2802 377 2856 ¹)
406 2801 515 2842 Edd.
549 2802 741 2843 Merlini:
775 2804 1024 2846 constitutus
1057 2817 1128 2846 cst.

331 2872 373 2927 ²)
404 2872 511 2913 Edd.
544 2873 736 2914 Merlini:
771 2875 967 2916 valemus.
