1759 3134
685 113 937 157 Paomeus.
1441 118 1525 163 309

100 249 175 274 suo
217 245 386 288 quoque
424 226 571 269 ordine
612 225 784 279 singulis
815 237 1117 282 consequenter
1145 224 1308 282 aptatis.
1366 226 1512 270 Primo

100 325 198 363 ergo
230 308 272 349 in
303 304 545 349 Proverbiis
574 302 780 345 moralem
810 301 959 344 docuit
989 303 1153 355 locum,
1191 303 1433 356 succinctis,
1471 318 1518 347 ut

101 384 264 435 decuit,
302 381 582 438 brevibusque
620 378 834 421 sententiis
871 379 980 421 vitae
1018 380 1208 423 instituta
1244 399 1518 439 componens.

101 461 340 505 Secundam
369 475 493 510 vero,
533 473 639 515 quae
667 456 865 498 naturalis
895 457 1155 514 appellatur,
1196 460 1520 516 comprehendit

101 539 142 580 in
172 536 445 579 Ecclesiaste:
487 536 530 577 in
568 551 652 591 quo
689 533 822 574 multa
862 534 914 574 de
950 535 1075 576 rebus
1103 536 1361 578 naturalibus
1393 537 1520 580 disse-

101 631 207 666 rens,
241 625 282 656 et
312 613 448 655 inania
477 629 524 654 ac
553 610 714 667 vana¹)
745 610 796 651 ab
827 610 1002 654 utilibus
1030 612 1357 670 necessariisque
1387 630 1523 656 secer-

97 709 220 742 nen5‚
258 690 579 748 relinquendam
617 687 842 729 vanitatem
881 702 1051 742 monet,
1092 703 1133 733 et
1171 690 1293 733 utilia
1321 703 1521 749 rectaque

99 769 307 812 sectanda.
366 766 653 824 Inspectivum
691 781 860 822 quoque
899 767 1045 809 locum
1074 767 1117 810 in
1146 769 1228 811 hoc
1258 768 1410 811 libello
1441 781 1524 812 tra·

100 846 233 897 didit,
264 845 336 903 qui
365 845 542 886 habetur
570 843 614 885 in
644 842 856 895 manibus,
888 843 933 885 id
957 843 1000 900 ²)
1031 856 1104 896 est,
1134 845 1178 887 in
1209 845 1383 889 Cantico
1418 847 1526 889 Can·

98 924 303 973 ticorum,
341 921 384 962 in
415 937 498 978 quo
530 937 718 963 amorem
749 920 1019 972 coelestium,
1055 921 1382 980 divinorumque
1414 924 1523 966 desi-

100 1000 266 1044 derium
294 998 444 1041 incutit
473 998 636 1041 animae
666 1000 742 1040 sub
774 998 913 1055 specie
944 1015 1121 1056 sponsae
1151 1017 1198 1042 ac
1228 1001 1386 1059 sponsi,
1420 1002 1524 1044 cari-

99 1078 195 1121 tatis
233 1089 275 1120 et
310 1076 464 1118 amoris
506 1076 584 1119 viis
623 1076 958 1134 perveniendum
987 1078 1144 1119 docens
1176 1080 1230 1121 ad
1262 1079 1523 1122 consortium

100 1156 196 1199 Dei.
268 1155 364 1196 Hoc
409 1171 509 1196 vero
559 1171 656 1196 eum
701 1170 823 1196 verae
862 1154 1162 1212 philosophiae
1200 1157 1523 1200 fundamentum

101 1244 354 1292 ponentem,
406 1244 447 1274 et
492 1232 687 1274 ordinem
735 1232 1075 1289 disciplinarum,
1125 1233 1523 1291 institution⁴umque

103 1312 376 1362 condentem,
415 1311 531 1367 quod
566 1326 655 1351 non
693 1309 882 1361 latuerit,
920 1326 1058 1367 neque
1088 1312 1139 1352 ab
1172 1327 1222 1352 eo
1254 1311 1439 1369 abjectus
1470 1312 1523 1353 sit

101 1388 227 1430 etiam
255 1387 471 1428 rationalis
501 1388 633 1438 locus,
666 1386 883 1428 evidenter
913 1387 1096 1428 ostendit
1125 1387 1169 1428 in
1199 1387 1413 1444 principio
1443 1399 1525 1429 sta-

102 1466 175 1508 tim
203 1463 530 1521 proverbiorum
559 1481 746 1506 suorum.
791 1463 937 1505 Primo
960 1464 1150 1505 omnium
1170 1482 1248 1522 per
1267 1466 1349 1506 hoc
1371 1466 1525 1522 ipsum,

100 1544 217 1600 quod
252 1541 484 1583 Proverbia
522 1541 748 1582 attitulavit
786 1541 982 1583 libellum
1024 1559 1168 1593 suum,
1215 1543 1332 1599 quod
1376 1543 1524 1599 utique

100 1637 255 1664 nomen
286 1620 509 1673 significat,
541 1619 657 1661 aliud
688 1619 860 1675 quidem
885 1620 931 1675 3)
961 1620 1102 1676 palam
1132 1619 1237 1671 dici,
1277 1619 1392 1661 aliud
1422 1637 1524 1662 vero

103 1699 348 1741 intrinsecus
377 1697 565 1739 indicari.
626 1696 721 1738 Hoc
753 1697 866 1739 enim
897 1697 998 1752 et4)
1033 1697 1267 1739 communis
1297 1714 1395 1740 usus
1426 1716 1528 1755 pro-

102 1777 346 1818 verbiorum
377 1777 525 1827 docet,
569 1787 610 1817 ct
638 1775 822 1816 Joannes
864 1775 904 1817 in
936 1776 1154 1829 evangelio
1186 1776 1438 1819 salvatorem
1469 1777 1527 1819 ita

104 1854 248 1897 scribit
279 1854 510 1896 dicentem:
552 1855 689 1904 „haee
713 1853 754 1910 ⁵)
796 1853 838 1895 in
867 1854 1104 1911 proverbiis
1133 1855 1300 1897 locutus
1329 1872 1422 1897 sum
1452 1873 1528 1897 vo-

105 1933 188 1974 bis:
219 1932 359 1973 veniet
387 1933 503 1983 hora,
534 1949 631 1973 cum
658 1931 740 1990 jam
770 1947 857 1973 non
887 1932 930 1973 in
960 1932 1197 1989 proverbiis
1221 1934 1372 1990 loquar
1390 1934 1526 1985 vobis,

105 2013 178 2054 sed
216 2010 435 2052 manifeste
478 2010 531 2050 de
574 2021 694 2066 patre
724 2010 966 2057 annuntiem
996 2010 1156 2053 vobis.“
1215 2010 1331 2052 Haec
1361 2010 1531 2052 interim

106 2089 148 2130 in
189 2089 276 2145 ipsa
312 2087 428 2129 tituli
470 2087 755 2145 inscriptione.
816 2089 864 2129 In
904 2088 1097 2146 sequenti
1129 2104 1230 2130 vero
1262 2088 1403 2130 statim
1432 2090 1530 2131 sub-

106 2166 241 2226 jungit
279 2165 578 2207 discretionem
622 2166 851 2218 sermonis,
900 2179 941 2208 et
986 2166 1202 2221 distinguit
1244 2166 1461 2208 scientiam
1507 2183 1530 2208 a

108 2244 330 2301 sapientia,
371 2256 412 2286 et
450 2261 473 2285 a
509 2243 711 2301 sapientia
743 2244 1033 2302 disciplinam,
1075 2257 1116 2286 et
1144 2244 1409 2287 intellectum
1439 2262 1531 2286 ver-

108 2325 265 2364 borum
300 2322 416 2364 aliud
456 2322 599 2379 ponit:
640 2335 682 2364 et
718 2323 987 2381 prudentiam
1025 2323 1128 2366 dicit
1166 2324 1209 2366 in
1248 2340 1299 2365 eo
1332 2340 1442 2374 esse,
1479 2335 1526 2363 ut

112 2401 303 2459 excipere
333 2400 425 2458 quis
454 2399 588 2457 possit
616 2401 845 2443 verborum
863 2402 1102 2445 versutiam.
1149 2402 1382 2457 Distinguit
1402 2401 1527 2444 etiam

230 2586 272 2643 ¹)
303 2585 412 2627 Edd.
443 2582 636 2624 Merlini:
669 2601 809 2627 vacua.

229 2659 272 2714 ²)
303 2658 469 2698 Desunt
498 2655 649 2696 verba:
684 2655 764 2706 „id
794 2662 904 2708 est“,
935 2657 978 2699 in
1009 2656 1105 2704 edd.
1138 2660 1199 2702 M.

229 2728 274 2784 ³)
304 2729 436 2769 Deest
465 2725 710 2782 „quidem“
741 2726 785 2767 in
816 2727 909 2769 edd.
940 2729 1002 2771 M.

232 2797 275 2857 4)
306 2799 438 2839 Deest
468 2801 579 2847 „et“
611 2795 653 2837 in
685 2797 779 2838 edd.
810 2798 871 2839 M.

238 2870 280 2928 ⁵)
306 2869 383 2915 Ev.
414 2868 567 2910 Joann.
596 2867 712 2919 XVI,
747 2867 815 2913 25.
