1759 3134
705 133 843 172 Llssmz
875 131 930 169 Π.
1441 126 1523 170 435

105 246 300 287 desiderii
340 246 401 285 sui
442 243 618 283 vinculis
662 243 880 294 alligatum
918 252 1032 282 tenet
1071 252 1111 281 et
1150 241 1406 281 adstrictum.
1477 240 1524 282 Si

105 323 194 379 quis
226 322 335 362 enim
367 322 540 361 verbum
573 319 657 359 Dei
688 331 779 359 toto
813 320 968 359 affectu
1001 319 1042 358 in
1075 319 1202 359 corde
1234 335 1325 369 suo,
1358 330 1397 357 et
1430 330 1521 358 toto

102 415 244 440 amore
289 396 554 449 constringit,
593 396 682 451 ipse
722 394 836 435 solus
875 395 1033 450 poterit
1073 396 1250 436 odorem
1282 395 1525 448 fragrantiae

105 475 191 532 ejus
223 486 265 515 et
294 473 505 515 suavitatis
542 472 745 528 accipere.

214 551 453 606 „Botrus¹)
501 550 615 608 cypri
655 551 861 590 fraternus
902 565 1018 589 meus
1056 549 1159 590 mihi
1200 551 1242 590 in
1283 550 1414 590 vineis
1443 551 1526 590 En-

105 629 239 681 gaddi.
255 635 279 653 “
340 627 556 681 Quantum
588 629 640 668 ad
671 627 815 667 literae
848 625 977 681 ipsius
1011 626 1369 681 explanationem,
1403 629 1526 669 habet

107 705 267 762 aliquid
301 704 564 757 ambiguum,
610 705 725 760 quod
766 703 842 744 ait:
885 704 1068 752 „botrus
1089 702 1130 756 2)
1163 703 1279 761 cypri
1317 706 1528 746 fratruelis

107 783 273 823 mihi:“
306 782 404 838 quia
435 793 475 822 et
509 798 590 822 uva
620 782 774 830 florens
808 778 1012 837 cyprus'3)
1047 780 1212 831 dicitur,
1242 782 1378 822 ferens
1403 782 1529 823 etiam

109 860 199 916 ipsa
228 859 430 900 floridum
463 859 671 913 quendam
701 858 885 897 fructum
927 857 968 897 in
998 858 1174 897 modum
1205 859 1393 900 florentis
1424 877 1527 901 uvae

105 938 320 992 prolatum
339 935 396 990 ⁴).
457 936 543 976 Sed
572 934 741 974 videtur
780 935 908 987 magis
949 935 1002 974 ad
1043 934 1228 974 fructum
1267 935 1360 976 vitis
1399 938 1531 994 respi-

106 1030 198 1054 cere
238 1029 401 1063 serm0,
450 1012 793 1068 quandoquidem
839 1012 1054 1052 vinearum
1093 1012 1286 1064 Engaddi
1322 1014 1431 1055 facta
1470 1028 1530 1056 est

103 1089 319 1131 memoria.
378 1089 629 1142 Engaddum
662 1100 802 1128 autem
834 1104 930 1140 ager
961 1099 1095 1129 terrae
1125 1090 1309 1131 Judaeae
1340 1103 1414 1142 est,
1444 1109 1529 1133 non

106 1179 266 1208 tantum
301 1166 453 1216 vineis,
494 1177 696 1221 quantum
733 1164 928 1205 balsamis
964 1165 1132 1206 florens.
1192 1167 1273 1207 Hic
1312 1184 1409 1221 ergo
1452 1171 1530 1211 erit

106 1244 328 1285 historicus
358 1260 498 1284 sensus
527 1259 703 1299 sponsae
734 1242 946 1297 loquentis
987 1244 1040 1284 ad
1080 1244 1435 1297 adolescentulas,
1483 1260 1528 1289 ut

106 1322 364 1374 intelligatur
404 1321 564 1370 dicens,
603 1319 743 1375 primo
788 1318 981 1374 quidem:
1029 1321 1181 1362 nardus
1219 1338 1312 1363 mea
1351 1325 1529 1366 odorem

105 1398 210 1438 mihi
248 1398 392 1454 sponsi
444 1397 529 1438 mei
567 1396 720 1438 reddit.
797 1396 995 1437 Secundo
1036 1413 1157 1438 vero:
1213 1399 1528 1452 alligamentum

106 1487 244 1528 guttae
286 1476 461 1515 effectus
502 1485 562 1515 est
600 1475 806 1514 fraternus
845 1489 964 1513 meus
1001 1473 1126 1525 mihi,
1172 1476 1392 1518 demorans
1423 1479 1531 1521 inter

105 1552 245 1593 media
282 1553 412 1592 ubera
452 1567 558 1591 mea.
625 1550 795 1591 Tertio:
842 1550 991 1590 botrus
1032 1553 1148 1609 cypri
1189 1569 1236 1593 ex
1276 1554 1407 1596 vineis
1446 1557 1531 1598 En-

106 1631 229 1683 gaddi
267 1644 466 1684 superans
505 1643 653 1678 omne,
695 1627 898 1683 quicquid
942 1639 1002 1668 est
1036 1628 1078 1668 in
1112 1630 1315 1673 odoribus
1348 1645 1388 1673 et
1415 1634 1530 1675 flori-

105 1709 182 1747 bus
212 1705 445 1747 suavitatis:
490 1721 573 1761 quo
622 1704 782 1745 scilicet
813 1704 1027 1747 audientes
1058 1707 1160 1748 haec
1190 1709 1530 1754 adolescentulae

106 1784 234 1836 magis
282 1800 328 1823 ac
359 1781 487 1835 magis
518 1783 570 1822 ad
601 1783 817 1823 caritatem
847 1783 989 1838 sponsi
1032 1784 1297 1827 concitentur
1336 1800 1377 1829 et
1415 1806 1530 1830 amo-

105 1879 206 1903 rem.
266 1859 432 1901 Idcirco
465 1870 605 1899 autem
634 1858 897 1911 singulatim,
939 1872 980 1900 et
1018 1878 1095 1917 per
1135 1863 1349 1914 ordinem,
1389 1866 1528 1922 primo

106 1940 285 1980 nardum
316 1954 455 1986 suam,
502 1935 654 1977 deinde
694 1948 874 1989 guttam,
917 1950 1015 1993 post
1052 1939 1153 1980 haec
1193 1940 1318 1982 etiam
1356 1944 1528 1985 botrum

110 2015 226 2073 cypri
256 2014 470 2064 nominat,
514 2025 561 2053 ut
590 2029 668 2069 per
699 2029 769 2054 eos
800 2015 948 2067 gradus
980 2016 1182 2072 quosdam
1208 2020 1425 2074 profectus
1458 2022 1533 2062 do—

114 2104 204 2135 ceat
235 2092 426 2133 caritatis.
488 2092 574 2133 Sed
606 2090 819 2132 videamus
851 2091 955 2149 jam,
993 2092 1096 2149 quid
1123 2094 1351 2149 spiritualis
1383 2098 1532 2140 habeat

112 2171 363 2211 intellectus.
435 2169 481 2210 Si
521 2168 692 2224 quidem
733 2168 823 2220 hic,
870 2170 943 2226 qui
988 2172 1228 2227 appellatur
1266 2174 1438 2225 botrus,
1482 2178 1532 2217 ad

111 2249 291 2287 fructum
335 2245 429 2287 vitis
466 2246 711 2287 referendus
757 2259 839 2288 est:
890 2249 1067 2290 verbum
1109 2249 1193 2291 Dei
1245 2251 1532 2308 accipimus⁵)

232 2477 269 2531 ¹)
302 2475 459 2518 Cantic.
496 2476 526 2526 l,
559 2477 620 2519 1-'1-
655 2502 706 2508 —-
735 2478 844 2519 Edd.
879 2479 936 2522 M.
970 2492 1226 2522 constanter:
1261 2482 1493 2539 „‹·)‘peri.“

229 2549 272 2600 ²)
307 2544 463 2587 Cantic.
495 2547 528 2596 I,
562 2546 626 2590 14.

229 2616 272 2671 ³)
302 2616 503 2679 Edd3M.
536 2634 747 2675 „cyperus
778 2620 1038 2675 appellatur,
1070 2633 1109 2661 ct
1139 2621 1299 2678 species
1331 2625 1532 2678 quaedam

118 2672 368 2769 extrinsecus
400 2673 567 2724 v1rgulti
605 2691 779 2732 cyperus
811 2676 985 2720 dicitur:
1018 2679 1153 2719 ferens
1185 2677 1308 2719 etiam
1338 2680 1532 2721 floridum

117 2745 223 2784 quen
258 2735 360 2769 am“
392 2739 469 2769 etc.

233 2798 275 2854 ⁴)
305 2799 413 2840 Edd.
444 2800 505 2840 M.
540 2803 852 2858 ‚‚probatum.“

237 2870 275 2923 ᾖ)
307 2869 415 2911 Edd.
449 2870 507 2911 M.
543 2873 865 2929 ,‚accepimus.“
