1759 3134
248 104 334 150 260
544 102 765 145 Omossms
797 113 842 145 m
873 102 1054 144 CANTm.
1089 102 1389 146 CANnconum

252 229 320 260 ret
349 218 402 259 ad
433 231 499 257 eas
529 216 778 258 liberandas.
840 215 957 270 Quid
1000 216 1111 256 enim
1149 231 1229 271 pro
1257 229 1401 258 nostra
1429 217 1563 258 salute
1591 229 1676 260 non

254 297 390 337 factus
420 293 510 336 est?
566 294 656 334 Nos
687 292 852 344 inanes,
893 305 933 334 et
972 293 1046 333 ille
1089 293 1313 336 exinanivit
1349 306 1482 335 semet
1525 294 1678 350 ipsum,

256 375 440 415 sormam
479 370 588 412 servi
629 370 851 426 accipiens.
926 372 1012 411 Nos
1051 371 1240 426 populus
1287 372 1459 422 stultus,
1508 383 1549 412 et
1596 388 1683 412 non

255 450 441 506 sapiens,
483 460 523 490 et
561 448 634 488 ille
673 450 807 489 sactus
846 460 907 488 cst
945 448 1122 489 stultitia
1159 448 1506 504 praedicationis,
1546 461 1593 489 ut
1622 450 1681 489 fa—

255 540 376 569 tuum
406 526 491 568 Dei
528 526 757 582 sapientius
797 526 915 566 fieret
955 526 1209 566 hominibus.
1269 527 1358 566 Nos
1401 526 1577 575 infirmi,
1620 526 1682 565 in-

255 607 425 647 firmum
464 604 548 645 Dei
591 604 742 645 fortius
780 603 1020 643 hominibus
1060 604 1217 643 samum
1258 615 1331 644 cst.
1406 603 1516 657 Quia
1559 603 1685 655 igitur

253 684 474 724 universae
510 693 688 734 „gentes
716 682 754 734 ¹)
796 693 842 720 ut
882 680 994 721 stilla
1032 681 1205 730 situlae,
1253 693 1291 721 et
1332 693 1378 720 ut
1417 693 1681 720 momentum

251 773 431 803 staterae
462 770 679 815 reputatae
709 765 863 798 sunt:“
904 759 1062 799 idcireo
1101 760 1234 799 sactus
1269 771 1329 799 est
1359 758 1494 809 stilla,
1532 770 1579 798 ut
1608 774 1684 813 per

259 855 356 880 eum
395 854 418 878 a
455 835 713 877 vestimentis
753 835 906 876 nostris
947 837 1056 876 odor
1094 836 1231 877 stillae
1259 837 1534 892 procederet,
1572 834 1685 892 juxta

259 916 390 957 illud:
422 914 618 972 „myrrha
640 914 705 969 ²),
737 925 777 954 et
808 914 940 963 stilla,
974 925 1014 954 et
1049 914 1155 954 casia
1187 931 1210 954 a
1239 913 1498 954 vestimentis
1528 913 1631 962 tuis,
1663 930 1682 952 a

259 993 456 1035 domibus
497 991 796 1047 elephantinis:
849 1008 896 1032 ex
935 993 1088 1047 quibus
1127 992 1460 1032 laetificaverunt
1500 1002 1541 1031 te
1572 991 1684 1030 filiae

262 1088 408 1124 regum
440 1069 482 1110 i'n
513 1069 677 1109 honore
708 1075 845 1109 tuo:“
876 1085 981 1124 quae
1014 1069 1054 1109 in
1086 1083 1195 1109 XLIV.
1213 1070 1377 1124 psalmo
1410 1070 1606 1110 dicuntur
1635 1070 1685 1108 ad

258 1163 471 1204 sponsam.
548 1145 830 1195 „Fasciculus
855 1145 898 1200 3)
945 1146 1082 1186 stillae
1129 1146 1340 1186 fratruelis
1384 1162 1503 1185 meus
1542 1145 1687 1185 mihi.“

260 1223 611 1272 Consideremus,
652 1221 753 1278 quid
793 1221 875 1262 sibi
918 1223 1130 1263 fratruelis
1162 1224 1335 1264 nomine
1367 1223 1468 1264 velit
1498 1221 1687 1271 ecclesia,

257 1317 365 1359 quae
402 1300 470 1341 hie
511 1299 701 1355 loquitur
742 1301 793 1340 de
835 1300 1048 1342 fratruele.
1109 1302 1198 1342 Nos
1239 1317 1380 1341 sumus
1419 1317 1466 1341 ex
1497 1300 1687 1353 gentibus

260 1377 520 1431 congregati:
560 1377 756 1418 Salvator
784 1390 929 1419 noster
956 1378 1113 1419 sororis
1146 1377 1232 1436 ejus
1265 1390 1326 1419 est
1354 1378 1487 1428 filius,
1530 1377 1574 1418 id
1612 1389 1686 1427 est,

257 1471 508 1515 synagogae:
541 1455 648 1495 duae
679 1454 837 1511 quippe
867 1472 1035 1496 sorores
1059 1468 1167 1506 sunt,
1199 1455 1376 1496 ecclesia
1404 1467 1444 1496 et
1466 1471 1685 1513 synagoga.

259 1534 455 1577 Salvator
498 1547 618 1584 ergO,
655 1544 705 1572 *ut
744 1532 947 1584 diximus,
990 1533 1101 1574 filius
1142 1549 1372 1591 synagogae
1402 1534 1582 1582 sororis,
1625 1531 1689 1571 vir

256 1609 485 1659 ecclesiae,
525 1625 704 1664 sponsus
743 1610 970 1661 ecclesiae,
1008 1611 1220 1651 fratruelis
1264 1623 1325 1651 est
1361 1627 1539 1666 sponsae
1577 1626 1687 1650 suae.

259 1687 531 1741 „Fasciculus
546 1685 588 1742 ⁴¹)
619 1686 757 1727 stillae
789 1687 1000 1728 fratruelis
1030 1703 1149 1728 meus
1179 1687 1304 1727 mihi:
1336 1687 1379 1728 in
1409 1686 1553 1728 medio
1584 1689 1688 1727 ube-

258 1783 352 1807 rum
383 1781 580 1805 meorum
611 1765 989 1806 commorabitur.“
1052 1765 1159 1819 Quis
1191 1764 1248 1805 ita
1270 1765 1430 1814 beatus,
1462 1775 1510 1804 ut
1539 1764 1690 1804 habeat

257 1843 471 1900 hospitem
508 1841 551 1883 in
589 1841 816 1898 principali
857 1842 995 1883 cordis
1023 1842 1090 1899 ⁵),
1132 1842 1175 1882 in
1215 1842 1360 1883 medio
1400 1843 1603 1892 uberum,
1647 1841 1690 1881 in

255 1933 431 1978 pectore
459 1937 536 1962 suo
567 1937 809 1961 sermonem
838 1920 956 1963 Dei?
1015 1920 1119 1962 Tale
1153 1932 1214 1960 est
1245 1920 1424 1975 quippe,
1465 1920 1582 1975 quod
1618 1936 1685 1959 ca-

256 1998 393 2039 nitur:
447 1997 526 2049 „in
549 1997 592 2053 6)
644 1999 789 2038 medio
837 1999 1016 2039 uberum
1059 2013 1256 2037 meorum
1305 1996 1687 2037 commorabitur.“

257 2075 343 2126 „Si
366 2075 408 2131 ⁷)
454 2091 540 2114 non
584 2075 743 2116 fuerint
786 2077 944 2116 fractae
988 2090 1194 2115 mammae
1250 2080 1404 2114 tuae:“
1457 2074 1500 2114 in
1544 2074 1687 2114 medio

260 2169 403 2193 earum
440 2151 646 2192 habitabit
683 2168 820 2193 sermo
856 2153 1033 2193 divinus.
1092 2151 1285 2191 Decebat
1324 2151 1366 2191 in
1399 2151 1582 2192 carmine
1611 2168 1689 2191 nu-

261 2229 384 2285 ptiali
420 2244 622 2269 mammas
662 2229 806 2284 potius
844 2228 1074 2285 appellari,
1117 2243 1239 2283 quam
1280 2240 1439 2283 peetus.
1500 2229 1555 2269 Et
1592 2245 1688 2284 per-

262 2306 456 2361 spicuum
488 2316 570 2354 est,
604 2321 677 2346 cur
707 2306 759 2346 ad
791 2306 1101 2361 expositionem
1132 2304 1241 2362 ejus,
1275 2305 1345 2361 qui
1377 2305 1500 2347 dicitz
1545 2305 1621 2355 „in
1644 2306 1688 2361 8)

379 2486 418 2543 ¹)
449 2485 538 2528 Cfr.
571 2486 696 2527 Jesai.
727 2487 817 2537 XL,
851 2487 916 2530 15.

373 2557 416 2611 ²)
452 2556 537 2598 Cfr.
569 2555 722 2597 Psalm.
752 2557 881 2608 XLV,
912 2558 947 2602 8.
981 2559 1019 2602 9.
1052 2560 1249 2615 (XLIV.)

374 2627 416 2679 ³)
450 2626 608 2668 Cantic.
641 2627 674 2676 I,
706 2625 770 2669 13.
893 2629 935 2684 4)
969 2629 1127 2672 Cautio.
1160 2631 1193 2679 I,
1227 2628 1291 2672 13.

376 2699 417 2752 5)
447 2697 559 2742 Edd,
590 2697 783 2738 Merlini:
818 2699 958 2742 corde.
1079 2700 1122 2755 ὅ)
1156 2700 1314 2742 Cantic.
1346 2700 1379 2748 I,
1413 2697 1478 2741 13.

374 2768 416 2823 ⁷)
449 2768 533 2809 Cfr.
567 2767 728 2809 Cantic.
761 2769 794 2817 I,
829 2768 892 2812 13.
927 2771 1025 2812 6011.
1057 2770 1209 2811 Ezech.
1242 2770 1405 2818 XXIII,
1437 2765 1478 2810 3.

369 2838 411 2893 8)
444 2837 601 2880 Cantic.
633 2838 664 2887 I,
704 2836 769 2882 13.
