1759 3134
213 133 267 177 78
616 135 835 178 Omcnms
864 149 909 178 m
939 135 1232 177 EzEcnmtmu

215 263 314 288 vero
353 247 473 305 hujus
512 248 736 303 parabolae
770 265 935 289 sensum
966 248 1008 288 in
1041 247 1257 300 evangelio
1288 246 1345 287 ita
1373 247 1627 302 perstrinxit,

212 323 375 364 dicens:
406 323 532 375 „Ego
554 324 594 381 ¹)
624 341 716 366 sum
746 325 854 375 vitis,
886 341 959 366 vos
990 324 1198 380 palmites,
1228 335 1347 379 pater
1375 339 1494 364 meus
1523 323 1626 376 agri-

212 399 317 440 cola.
379 400 563 441 Omnem
578 401 620 457 ²)
650 403 883 458 palmitem,
915 402 985 459 qui
1017 402 1059 442 in
1090 417 1157 441 me
1187 412 1340 450 manet,
1372 412 1413 441 et
1442 402 1626 441 fructum

212 476 359 526 assert,
386 489 506 532 pater
534 494 652 520 meus
682 491 822 535 putat,
854 491 899 520 ut
930 480 1087 520 fructus
1121 477 1299 535 majores
1330 478 1499 518 afferat:
1535 477 1626 532 pal-

209 552 380 603 mitem,
420 554 491 609 qui
518 571 604 595 non
628 556 671 612 ³)
711 569 851 597 manet
881 556 922 597 in
952 573 1041 606 me,
1084 568 1124 596 et
1163 556 1348 596 fructum
1376 570 1462 594 non
1492 554 1628 603 affert,

210 642 330 685 pater
358 647 474 672 meus
505 632 680 682 excidit,
722 645 763 673 et
806 634 846 673 in
887 633 1024 686 ignem
1054 633 1225 674 mittit.“
1283 632 1411 672 Vides
1441 630 1628 671 vicinita—

210 717 295 747 tem
334 719 611 763 utrorumque
639 711 909 752 sermonum?
966 711 1115 760 Vides,
1163 710 1381 765 quomodo
1411 719 1531 764 pater
1561 723 1627 747 ex-

211 784 341 834 cidat,
379 796 420 825 et
448 784 659 837 inv-ignem
689 784 837 842 jaciat?
893 788 980 828 Nos
1011 788 1206 828 insensati
1238 786 1353 842 quasi
1382 785 1627 838 negligenda

211 861 382 916 quidem
413 861 628 917 Scriptura
657 864 730 911 sit,
760 864 952 905 nolentes
984 881 1029 906 ea
1064 865 1244 914 discere,
1276 880 1381 920 quae
1414 862 1536 903 nobis
1565 862 1628 901 in-

210 938 368 979 cutiant
393 950 569 989 metum,
597 940 670 980 sed
702 955 748 979 ea
778 940 921 980 audire
953 941 1183 996 cupientes,
1215 957 1320 996 quae
1340 939 1625 996 prurientibus

210 1014 377 1055 auribus
417 1014 624 1056 incutiunt
662 1016 950 1071 voluptatem,
991 1017 1169 1058 libenter
1213 1018 1470 1066 audivimus,
1517 1032 1623 1071 quae

208 1108 285 1132 nos
323 1093 586 1143 subvertant,
627 1109 732 1148 quae
767 1093 991 1149 decipiant.
1053 1094 1139 1148 Qui
1170 1095 1271 1135 dicit
1301 1094 1495 1150 proximo
1527 1108 1624 1132 suo:

207 1168 387 1220 ignoscit
422 1169 545 1210 nobis
581 1181 752 1224 peccata
787 1182 929 1211 nostra
956 1172 1095 1211 Deus:
1134 1172 1168 1212 si
1200 1172 1373 1227 quidem
1411 1182 1452 1211 et
1488 1170 1530 1210 in
1566 1181 1628 1209 ta-

208 1245 317 1285 libus
347 1245 613 1287 sacramentis
638 1246 836 1296 ludimus,
866 1247 1049 1288 vicissim
1074 1248 1195 1289 nobis
1216 1248 1481 1303 pollicentes,
1511 1262 1628 1301 map-

207 1339 305 1378 pam
334 1322 475 1363 mittet
504 1323 633 1363 Deus.
693 1324 748 1364 Et
787 1324 884 1379 quia
924 1326 1060 1366 bonus
1104 1318 1186 1375 est,
1231 1336 1272 1365 et
1310 1323 1501 1365 omnium
1529 1339 1625 1378 pec-

209 1412 298 1441 cata
327 1399 532 1450 dissolvit,
566 1402 791 1455 oportebat
819 1418 896 1442 nos
926 1404 1085 1452 sedere,
1118 1414 1159 1442 et
1188 1401 1375 1442 sollicito
1406 1401 1533 1440 corde
1565 1399 1626 1440 di-

209 1493 323 1518 cere:
370 1476 404 1517 si
448 1476 537 1517 heri
581 1477 869 1532 peccavimus,
922 1479 1050 1519 hodie
1094 1477 1402 1534 poenitentiam
1446 1493 1623 1529 agamus.

205 1537 365 1596 Veruin
394 1553 491 1595 huie
523 1554 711 1609 palmiti,
742 1578 794 1584 —
824 1555 978 1596 animal
1011 1555 1168 1611 quippe
1200 1567 1261 1596 est
1293 1578 1367 1605 —-,
1400 1554 1472 1610 qui
1502 1553 1623 1594 dicit:

204 1632 362 1673 Potens
394 1642 455 1671 est
482 1631 601 1671 Deus
633 1643 671 1672 et
701 1633 837 1672 bonus
866 1632 1072 1684 agricola,
1109 1631 1182 1687 qui
1219 1648 1306 1672 non
1345 1647 1413 1672 me
1450 1630 1624 1680 excidat,

207 1721 247 1750 et
276 1709 321 1748 in
347 1708 487 1760 ignem
514 1707 676 1749 mittat:
716 1708 990 1764 respondebit
1019 1708 1222 1760 agricola:
1260 1708 1347 1749 Sed
1376 1708 1410 1748 si
1438 1708 1533 1748 talis
1563 1719 1624 1748 est

202 1786 385 1842 palmes,
428 1797 476 1825 ut
503 1786 656 1826 frustra
685 1785 737 1826 sit
765 1785 808 1826 in
838 1785 945 1835 vite,
981 1784 1189 1840 numquid
1217 1786 1376 1840 poterit
1410 1784 1626 1841 relinqui?

202 1865 353 1903 Nonne
392 1862 427 1902 si
468 1863 721 1913 dimittatur,
758 1863 964 1919 impediet
992 1863 1161 1912 vitem,
1179 1878 1231 1902 ne
1270 1878 1350 1916 pro
1388 1863 1500 1903 sicco
1532 1863 1625 1918 pal-

202 1940 304 1980 mite
342 1939 497 1980 virides
537 1952 578 1980 et
614 1941 830 1980 fructuum
858 1941 1015 1980 feraces
1045 1940 1194 1979 afferat
1222 1939 1443 1994 palmites?
1503 1939 1623 1993 Quo-

201 2018 334 2057 modo
375 2017 486 2057 enim
522 2017 625 2058 boni
663 2016 871 2069 agricolae
910 2028 971 2057 est
1001 2016 1214 2066 excidere,
1254 2028 1294 2056 et
1323 2027 1537 2072 amputare
1563 2017 1621 2072 ⁴),

204 2111 307 2151 quae
345 2093 455 2136 sicca
490 2106 606 2145 sunt,
657 2106 698 2135 et
732 2095 897 2134 tradere
935 2094 980 2134 in
1016 2110 1152 2134 escam
1191 2093 1293 2145 ignis
1331 2095 1617 2134 infructuosos

201 2188 360 2213 ramos:
399 2171 458 2211 sie
494 2170 598 2211 boni
626 2171 710 2211 Dei
750 2184 810 2213 est
840 2174 892 2212 de
926 2171 1119 2212 omnibus
1150 2171 1303 2211 vitibus
1333 2170 1618 2210 infructuosos

200 2248 394 2305 palmites
425 2260 662 2304 amputare,
705 2260 746 2289 et
784 2248 868 2301 igni
906 2250 1071 2289 tradere
1110 2248 1152 2288 in
1180 2246 1478 2304 perditionem.
1535 2248 1619 2287 Ve-

200 2344 296 2367 rum
323 2343 399 2368 nos
430 2325 510 2381 ipsi
539 2324 580 2365 in
605 2325 647 2381 ⁵)
676 2341 754 2365 nos
787 2325 982 2377 ludimus,
1014 2338 1055 2367 et
1086 2326 1251 2382 decepti
1281 2324 1439 2381 pariter
1468 2341 1514 2364 ac
1544 2325 1617 2364 de-v

202 2404 402 2460 cipientes
440 2403 633 2443 volumus
670 2402 798 2454 magis
836 2420 971 2444 errare
1012 2421 1107 2445 cum
1144 2403 1362 2460 plurimis,
1402 2419 1523 2458 quam
1564 2403 1614 2442 ab

321 2586 358 2638 ¹)
391 2584 467 2624 Ev.
498 2584 647 2624 Joann.
677 2583 770 2633 XV,
799 2584 837 2625 5.
869 2584 965 2625 coll.
999 2584 1036 2626 1.

314 2655 356 2709 2)
389 2652 474 2694 Cfr.
508 2669 569 2693 ev.
598 2654 746 2694 Joann.
775 2653 868 2703 XV,
898 2654 937 2697 2.
970 2655 1067 2695 coll.
1104 2654 1141 2696 6.

314 2725 357 2777 3)
389 2723 522 2763 Deest
551 2729 707 2772 „non“
737 2723 780 2763 in
812 2725 904 2764 edd.
939 2725 997 2766 M.
1030 2737 1071 2766 et
1100 2726 1149 2767 R.

315 2795 357 2849 ιι)
389 2793 467 2833 Ed.
497 2792 650 2833 Ruaei:
682 2805 908 2849 amputare.

316 2865 357 2919 5)
389 2864 520 2904 Deest
551 2863 662 2913 „in“
695 2864 738 2904 in
770 2865 834 2905 ed.
865 2865 1009 2906 Ruaei.
