1759 3134
246 138 326 182 154
646 139 864 181 Omonms
894 150 940 179 m
967 137 1260 180 Ezncnnmzm

356 252 393 294 2.
445 251 626 307 ,‚Dic¹)
666 268 774 292 nunc
813 253 864 292 ad
906 253 1079 291 domum
1111 261 1439 305 exasperantem:
1480 251 1657 301 nescitis,

246 330 346 386 quid
378 329 458 369 sint
489 328 628 371 ista?“
659 328 701 369 id
733 341 815 379 est,
847 345 950 385 quae
982 329 1021 368 in
1054 328 1254 383 parabola
1284 327 1393 368 dicta
1421 339 1515 368 sunt
1545 328 1661 383 aqui-

246 408 392 447 larum.
444 405 552 455 „Dic
568 404 632 462 2);
665 423 759 447 cum
790 407 949 447 venerit
979 423 1047 445 rex
1079 404 1306 461 Babylonis
1335 405 1385 444 ad
1417 405 1660 455 Jerusalem,

248 495 288 524 et
318 483 528 539 acceperit
557 500 697 535 regem
731 483 829 541 ejus,
862 495 902 523 et
933 483 1141 538 principes
1174 481 1302 539 ejus.“
1363 480 1579 534 Quantum
1609 482 1660 521 ad

244 559 461 600 historiam
492 560 672 615 pertinet
703 561 1012 616 prophetantis,
1056 559 1291 614 expositum
1323 570 1404 608 est,
1435 559 1549 613 quod
1580 559 1661 598 Na-

245 638 575 678 buchodonosor
607 638 767 678 venerit
798 638 838 677 in
854 638 1177 694 Jerosolymam,
1210 648 1250 676 et
1281 635 1466 691 captivos
1498 634 1662 675 duxerit

245 714 491 756 sedechiam
530 731 670 767 regem
698 716 908 764 Judaeae,
949 726 989 754 et
1030 713 1263 769 principes,
1305 711 1374 768 qui
1420 723 1534 753 erant
1566 728 1659 752 cum

246 807 321 840 eo,
362 803 606 847 partemque
648 792 799 847 populi
831 793 1113 840 Judaeorum,
1154 806 1230 830 nec
1268 806 1352 829 non
1395 789 1520 829 etiam
1552 789 1660 828 illud

243 866 553 919 addidimus-³),
586 870 804 924 quomodo
836 868 1086 924 plantaverit
1119 884 1190 908 eos
1222 868 1262 907 in
1293 878 1401 907 terra
1418 865 1658 923 Babylonis.

243 945 328 985 Sed
357 960 442 985 non
473 956 628 985 stemus
659 945 699 985 in
733 945 883 995 littera,
912 962 988 986 nec
1019 946 1259 985 haereamus
1289 944 1331 984 in
1361 944 1547 993 historia,
1577 959 1664 982 ma-

243 1021 300 1073 gis
338 1033 478 1062 autem
520 1033 586 1071 tu,
627 1022 697 1077 qui
728 1022 769 1062 in
803 1022 1020 1078 scripturis
1053 1022 1135 1063 Dei
1167 1022 1406 1076 profectum
1437 1021 1582 1069 habes,
1622 1031 1661 1059 et

242 1099 372 1147 nosti,
421 1099 517 1153 quia
561 1099 672 1148 „ista
696 1099 737 1154 ⁴)
780 1099 920 1139 omnia
959 1098 1188 1150 figuraliter
1229 1097 1524 1148 contingebant
1564 1094 1661 1143 illis,
1712 1103 1716 1107 '

242 1175 395 1229 scripta
436 1186 531 1214 sunt
570 1186 706 1214 autem
748 1191 826 1229 pro
865 1175 1009 1223 nobis,
1047 1175 1087 1214 in
1129 1190 1233 1228 quos
1265 1174 1366 1213 fines
1397 1172 1661 1212 saeculorum

241 1252 556 1291 decu1·rerunt.“
616 1252 744 1291 Instat
785 1267 879 1291 ecce
922 1267 1039 1290 verus
1080 1250 1497 1297 Nabuchodonosor,
1538 1265 1664 1304 quae-

241 1343 334 1367 rens
364 1327 528 1383 aliquos
560 1344 706 1384 capere
738 1329 788 1368 de
821 1327 956 1368 nobis.
1016 1329 1069 1367 Et
1099 1327 1285 1383 primum
1316 1326 1486 1382 quidem
1528 1325 1657 1381 cupit,

242 1404 274 1444 si
306 1404 396 1444 fieri
427 1416 591 1459 potest,
633 1406 684 1445 de
723 1405 984 1460 principibus
1023 1405 1221 1445 ecclesiae
1254 1404 1441 1459 captivos
1471 1403 1549 1444 sibi
1585 1404 1661 1444 du-

243 1498 358 1521 cere:
399 1498 545 1522 verum
578 1482 777 1537 quamdiu
807 1481 1005 1522 Ezechias
1033 1483 1097 1538 ⁵),
1135 1481 1291 1531 Josias,
1326 1493 1396 1521 aut
1427 1493 1537 1521 certe
1571 1480 1662 1536 qui-

241 1574 405 1613 cunque
434 1557 565 1614 justus
595 1575 665 1599 rex
696 1570 838 1611 regnat
868 1559 911 1598 in
942 1558 1130 1614 populo,
1169 1574 1254 1598 non
1295 1569 1436 1613 potest
1475 1558 1550 1598 iste
1581 1559 1663 1598 Na-

239 1635 570 1674 buchodonosor
591 1635 751 1675 vinctos
775 1637 982 1676 abducere
1006 1647 1076 1676 aut
1101 1635 1325 1691 principes,
1357 1646 1427 1675 aut
1450 1634 1660 1690 populum

240 1712 291 1751 de
322 1712 495 1752 Judaea.
556 1711 602 1752 Si
622 1711 664 1766 6)
695 1722 835 1751 autem
865 1729 954 1762 nos,
987 1712 1058 1767 qui
1089 1712 1281 1752 videmur
1311 1711 1511 1752 ecclesiae
1542 1727 1664 1766 prae-

241 1804 340 1838 esse,
371 1787 685 1844 peccaverimus
717 1789 861 1828 locum
892 1790 1035 1829 dantes
1067 1789 1254 1839 diabolo,
1286 1790 1507 1830 adversum
1537 1788 1661 1828 Pauli

238 1877 512 1920 praeceptum
559 1864 756 1904 dicentis:
808 1866 979 1914 „nolite
1008 1868 1049 1922 ⁷)
1094 1868 1238 1908 locum
1284 1867 1380 1907 dare
1428 1865 1659 1906 diabolo:“

240 1943 556 1997 quodammodo
588 1957 665 1997 per
695 1941 846 1983 delicta
877 1955 1038 1994 nostra,
1081 1961 1184 2000 quae
1215 1944 1391 1985 fecimus
1421 1943 1464 1983 in
1493 1944 1659 1984 Jerusa-

242 2020 346 2068 lem,
378 2019 643 2060 occasionem
672 2018 894 2060 tribuimus
924 2022 1342 2070 Nabuchodonosor,
1376 2032 1422 2060 ut
1455 2020 1661 2073 ingredia-

241 2107 308 2135 tur
349 2094 560 2135 civitatem
597 2107 803 2147 sanctam,
850 2109 891 2138 et
933 2099 1111 2138 abducat
1150 2114 1422 2153 quoscunque
1464 2096 1658 2138 voluerit.

240 2171 326 2226 Qui
357 2188 455 2212 vero
488 2188 572 2212 non
606 2185 774 2228 peccat,
818 2175 1000 2215 excludit
1037 2175 1448 2225 Nabuchodonosor,
1489 2185 1535 2214 ut
1574 2190 1659 2214 non

359 2369 399 2423 ¹)
429 2368 580 2408 Ezech.
611 2369 750 2419 XVII,
782 2369 848 2419 12,
967 2372 1010 2425 2)
1044 2370 1193 2413 Ezech.
1224 2370 1364 2419 XVII,
1398 2370 1461 2414 12.

354 2436 398 2493 ³)
428 2438 506 2478 Ed.
538 2438 672 2479 Ruaei
702 2439 806 2479 sola:
839 2440 1052 2481 addemus.

355 2507 396 2563 ⁴²)
430 2508 567 2549 ICor.
599 2509 652 2558 X,
689 2508 750 2551 11.
874 2511 914 2565 ⁵)
945 2511 1054 2552 Edd.
1085 2511 1278 2553 Merlini:
1311 2511 1548 2552 sedechias.

290 2631 293 2633 d
355 2579 398 2633 θ)
431 2578 610 2619 Catenae
629 2578 729 2618 Mss.
780 2579 912 2635 „Atc‘c
945 2580 1023 2630 uk„-
1053 2579 1277 2639 ἁμαρτίας
1307 2578 1564 2639 κυριεὺεταί
1595 2599 1656 2631 τις

240 2647 331 2692 ὑπο
370 2652 448 2692 τοῦ
488 2651 717 2704 πονηροῦ,
759 2649 914 2698 dido&
956 2651 1075 2708 αὐτῷ
1119 2649 1261 2694 τόπον
1298 2654 1546 2708 μεταβῆναι
1586 2652 1651 2694 ἐπ’

239 2716 390 2763 αὐτόν.
443 2722 533 2760 Καὶ
564 2722 693 2762 τοῦτο
726 2719 854 2769 εἰδώς
887 2720 908 2764 ὁ
934 2726 1116 2772 Παῦλος
1145 2724 1337 2780 &Restm
1369 2721 1522 2781 ,,,,μὴ
1553 2718 1673 2766 ‹J'o'ze-

239 2788 381 2834 τόπον
412 2792 471 2844 τῷ
503 2788 793 2846 διαβόλῳ.““
854 2792 1030 2834 Ruaeus.

356 2860 399 2914 ⁷)
430 2859 582 2915 Ephes.
618 2860 687 2909 IV,
717 2860 783 2902 27.
