1759 3134
615 139 812 182 HommA
838 136 952 178 XIV.
1418 136 1498 179 175

86 271 250 296 causam
279 253 416 303 addit,
455 269 527 293 cur
566 252 703 294 clausa
732 252 784 292 sit
812 260 958 306 porta,
997 264 1083 289 non
1112 249 1251 290 solum
1282 248 1377 304 quia
1406 249 1497 289 Do-

84 332 221 372 minus
260 331 376 371 Deus
416 330 605 371 transibit
641 345 719 385 per
756 343 868 376 eam,
905 326 980 367 sed
1020 326 1116 382 quia
1153 338 1195 367 et
1224 327 1305 367 dux
1335 325 1498 367 sedebit

87 408 127 447 in
161 424 220 458 ea,
250 419 296 447 ut
326 408 520 448 comedat
549 423 699 463 panem
730 421 870 446 coram
893 403 1098 452 Domino,
1127 403 1358 443 secundum
1387 403 1498 443 viam

86 484 262 533 Eloam,
293 485 408 539 quod
441 484 740 540 interpretatur
776 481 1066 531 „vestibulum
1093 486 1284 536 portae.“
1343 480 1431 530 „Et
1456 480 1496 535 ¹)

85 560 341 612 ingredietur
376 562 606 602 secundum
645 559 755 600 viam
795 557 902 615 ejus,
941 570 981 599 et
1012 556 1288 610 egredietur.“
1345 557 1499 597 Domi-

84 652 160 676 nus
189 637 330 687 Deus,
371 637 650 678 universitatis
698 635 894 677 conditor
917 635 959 689 ²)
998 651 1076 690 per
1105 633 1288 690 aliquam
1317 646 1499 689 portam,

87 729 191 768 quae
225 730 272 754 ex
302 714 489 755 sensibili
518 713 691 755 materia
722 724 805 762 est,
837 723 961 767 atque
991 712 1129 753 clausa
1158 727 1336 767 semper,
1366 711 1502 763 ingre-

85 790 220 839 ditur,
252 802 293 830 et
324 790 555 843 egreditur,
597 801 638 830 et
667 788 753 846 ejus
784 805 924 839 causa,
962 788 1033 845 qui
1064 789 1232 829 coelum
1260 800 1498 844 terramque

84 867 286 918 fundavit,
316 867 552 920 ingrediens
577 878 619 907 et
642 865 855 919 egrediens
874 882 1078 921 nusquam
1095 878 1219 922 porta
1235 866 1502 908 reserabitur.

197 943 237 986 2.
280 944 438 984 Verum
475 944 554 985 alia
594 943 700 984 ratio
739 955 800 984 est
828 954 974 999 portae
1007 943 1244 994 exterioris,
1285 956 1326 985 et
1355 960 1501 984 secun-

87 1021 188 1061 dum
218 1020 327 1061 viam
356 1033 612 1062 sanctorum.
662 1020 782 1075 Quae
814 1032 874 1061 est
906 1036 1003 1073 ergo
1034 1019 1109 1061 illa
1136 1022 1259 1072 ratio,
1287 1033 1335 1062 ut
1366 1021 1504 1061 clausa

83 1098 351 1153 permaneat?
409 1099 547 1154 Supra
584 1098 718 1138 dictus
761 1098 844 1138 dux
883 1097 944 1138 ibi
980 1099 1116 1148 sedet,
1154 1110 1203 1139 ut
1239 1115 1366 1139 nemo
1407 1114 1503 1139 eum

87 1175 226 1216 videat
264 1177 456 1216 edentem
497 1191 651 1231 panem
689 1175 733 1215 in
773 1187 1000 1231 conspectu
1033 1175 1224 1216 Domini.
1285 1175 1373 1230 Qui
1403 1176 1503 1217 haec

89 1253 304 1293 observate
334 1252 448 1304 legit,
480 1268 620 1292 nonne
651 1253 968 1307 quodammodo
1001 1252 1264 1308 Scripturam
1293 1252 1410 1293 audit
1439 1254 1505 1293 lo-

88 1340 309 1382 quentem:
348 1345 502 1381 „surge
523 1329 564 1382 3)
596 1329 666 1385 qui
698 1330 919 1372 dormis?“
976 1331 1126 1370 Nonne
1158 1329 1416 1379 stimulatur,
1456 1340 1504 1370 ut

87 1417 272 1457 exsurgat
301 1422 325 1446 a
351 1405 542 1454 mortuis,
574 1418 616 1445 et
646 1422 706 1455 ea,
739 1421 843 1462 quae
871 1406 1007 1446 clausa
1031 1417 1138 1455 sunt,
1169 1405 1369 1461 quaerat?
1409 1406 1501 1458 Ego

87 1481 289 1521 audenter
318 1481 476 1531 dicam,
511 1481 738 1522 secretiora
769 1497 957 1538 quaeque
990 1482 1126 1522 clausa
1157 1497 1265 1533 esse,
1303 1493 1344 1523 et
1375 1482 1507 1523 mani-

85 1556 258 1597 festiora
286 1570 476 1608 reserata,
514 1570 555 1599 et
583 1575 669 1599 non
700 1575 786 1600 esse
820 1559 969 1600 clausa.
1027 1559 1276 1615 Aperientes
1308 1576 1367 1610 ea,
1399 1576 1505 1615 quae

87 1635 224 1675 clausa
261 1647 377 1686 sunt,
422 1636 525 1676 baec
560 1652 637 1676 nos
678 1635 878 1685 dicimus,
916 1636 990 1676 sed
1029 1636 1242 1688 evangelia
1278 1647 1504 1678 testantur:

87 1727 200 1761 „vae
220 1710 262 1767 ⁴²)
301 1711 445 1762 vobis,
483 1712 643 1753 scribae
685 1723 725 1752 et
763 1712 969 1767 pharisaei
1005 1712 1273 1770 hypocritae,
1314 1724 1355 1753 et
1387 1713 1505 1754 vobis

88 1788 188 1840 legis
219 1788 464 1829 doctoribus
494 1804 582 1838 vae,
614 1788 710 1844 quia
738 1788 890 1829 tulistis
923 1789 1083 1829 clavem
1113 1788 1323 1839 scientiae,
1355 1800 1396 1829 et
1424 1788 1506 1844 ipsi

88 1881 174 1905 non
204 1864 404 1916 intrastis,
441 1877 483 1906 et
510 1865 791 1918 ingredientes
821 1865 1156 1921 prohibuistis!“
1213 1865 1288 1907 Est
1311 1865 1355 1921 ⁵)
1382 1865 1509 1918 igitur

86 2021 258 2079 Ἰσραὴλ
298 2025 520 2081 διέρχεται
559 2022 635 2067 διὰ
677 2027 753 2080 τῆς
788 2023 950 2081 πύλης,
991 2029 1263 2081 κέκλεισται,
1309 2025 1401 2069 ἀλλ’
1442 2024 1508 2070 ἲτι

29 2135 32 2139 ⁴
89 2095 165 2137 καὶ
195 2091 218 2138 ὁ
247 2091 500 2152 ἡγούμενος
523 2092 798 2150 ἒπικάθηται
827 2097 878 2140 ἒν
897 2097 1043 2156 ἐκείνῃ
1067 2099 1117 2156 τῇ
1142 2095 1278 2156 πύλη,
1309 2097 1388 2140 τοῦ
1413 2113 1511 2152 (sa-

88 2169 190 2221 γεῖν
218 2160 357 2220 ἄρτον
386 2167 594 2210 ἐναντίον
623 2171 781 2223 κυρίου
811 2165 922 2210 κατὰ
953 2166 1034 2222 τὴν
1062 2165 1176 2211 ὁδὸν
1193 2163 1363 2222 Λίλὰμ,
1398 2163 1511 2223 ὅπερ

92 2233 381 2294 ἑρμηνεύεται
411 2234 651 2293 πρόθυρον
678 2235 867 2291 πύλης.“
925 2239 1105 2279 Ruaeus.

211 2305 252 2359 ι)
284 2306 370 2348 Cfr.
400 2306 551 2346 Ezech.
581 2306 733 2357 XLIV,
762 2306 802 2350 3.
893 2308 936 2362 ²)
965 2307 1075 2350 Edd.
1105 2306 1299 2350 Merlini:
1331 2305 1510 2347 auditor.

207 2375 251 2431 ³)
279 2375 431 2432 Ephes.
461 2377 512 2427 V,
546 2374 611 2418 14.
730 2375 772 2432 ⁴)
804 2377 891 2419 Cfr.
921 2379 1022 2419 Luc.
1051 2378 1125 2428 XI,
1156 2377 1223 2420 52.

211 2443 255 2499 ⁵)
283 2444 336 2485 R.
374 2444 416 2485 in
453 2445 584 2486 notis:
625 2445 805 2487 Catenae
835 2448 935 2489 Mss.
983 2451 1044 2490 Et
1080 2445 1107 2502 ἡ
1147 2450 1315 2505 γνῶσις
1356 2447 1514 2490 κλεῖδα

95 2514 210 2569 ἔχει,
252 2510 312 2561 ὥς
351 2511 373 2556 ὁ
412 2512 563 2574 κύριος
601 2519 721 2571 λέγει
760 2522 851 2566 τοῖς
881 2521 1108 2574 νομικοῖς,
1150 2512 1239 2574 ἄρα
1268 2514 1388 2571 πύλη
1419 2517 1515 2560 ἐστὶ

96 2589 188 2632 τοῖς
228 2584 314 2639 μὲν
360 2582 619 2639 ἀνθρώποις
660 2588 972 2642 κεκλασμένη·
1014 2584 1068 2630 tc}
1112 2585 1204 2646 γὰρ
1254 2587 1391 2630 ἔνδον
1439 2590 1516 2642 τῆς

95 2650 236 2707 πύλης
273 2654 417 2707 ἐστὶν,
465 2650 488 2697 ὃ
528 2652 592 2708 ,,ὁ
633 2655 875 2712 ὀφθαλμὸς
915 2655 996 2700 οὐκ
1033 2652 1149 2707 εἶδε,
1194 2660 1272 2700 καὶ
1314 2649 1391 2707 οὖς
1432 2657 1514 2701 οὐκ

97 2719 330 2778 ἤκουσε,“
372 2725 449 2765 καὶ
485 2721 538 2765 τὰ
575 2724 684 2777 ἑξῆς.
743 2729 834 2768 Καὶ
874 2726 966 2783 μετ’
1002 2726 1157 2783 ὀλίγα·
1198 2726 1330 2782 Ἐμοὶ
1361 2728 1410 2771 δὲ
1441 2731 1516 2781 τῆς

96 2792 234 2848 πύλης
271 2791 428 2847 ταύτης
468 2793 557 2848 ἔχει,
588 2795 702 2837 νοῦν
730 2798 806 2837 καὶ
836 2795 883 2840 τό
914 2801 1240 2856 γεγραμμένον
1270 2799 1320 2841 ἐν
1345 2797 1509 2852 Ἡσαΐᾳ

93 2867 266 2918 βιβλίον
309 2865 696 2921 ἕσᾳραγισμένον.
776 2864 837 2907 Τὸ
878 2865 984 2909 αὐτὸ
1029 2870 1204 2922 βιβλίον
1243 2871 1512 2925 λευκοτέρως
