1759 3134
231 158 321 202 384
536 156 755 198 Omessms
788 167 829 195 m
865 153 1046 194 CAN‘mc.
1080 151 1379 193 CANrmonum

233 282 378 312 contra
410 286 515 319 earn,
546 269 617 309 sed
651 268 691 309 in
724 284 794 309 ea:
842 279 881 308 et
912 278 1009 322 post
1052 266 1133 305 hoc
1164 264 1348 314 bellum,
1395 265 1511 320 quod
1543 266 1584 306 in
1617 282 1662 307 ea

231 359 466 403 gesserunt,
520 345 826 387 constituerunt
873 360 962 384 eam
1019 342 1236 383 vinearum
1289 343 1529 394 custodem,
1576 359 1661 384 non

231 426 354 467 unius
386 424 544 474 vineae,
576 424 650 464 sed
680 423 920 464 multarum.
974 420 1165 461 Adstruit
1197 432 1337 462 autem
1368 420 1468 461 haec
1501 421 1660 471 eadem,

235 504 351 560 quod
383 502 606 558 praeter-¹)
639 501 730 542 illas
763 501 923 549 vincas,
970 514 1069 553 quas
1110 514 1131 539 a
1162 497 1260 539 filiis
1291 500 1433 539 matris
1464 515 1561 539 suae
1593 516 1663 539 cu-

237 580 396 622 stodire
426 580 563 636 posita
594 591 668 630 est,
700 579 893 619 habuerit
923 576 1047 617 aliam
1079 576 1297 632 propriam
1329 576 1506 627 vineam,
1538 592 1661 632 quam

235 675 321 699 non
363 658 619 699 custodierit.
681 656 796 697 Haec
840 655 956 710 est2)
995 654 1208 710 propositi
1257 654 1453 695 dramatis
1509 654 1662 695 fabula.

236 736 323 778 Sed
353 752 464 777 nunc
494 734 767 791 inquiramus,
800 749 905 789 quae
937 732 989 773 sit
1014 743 1148 773 mater
1175 748 1353 788 sponsae
1370 731 1506 790 hujus,
1538 748 1663 788 quam

235 814 337 855 haec
367 814 534 866 allegat,
567 811 640 868 qui
669 810 751 852 sint
783 810 908 851 etiam
940 810 1018 850 filii
1049 809 1150 868 ejus,
1183 810 1252 867 qui
1286 809 1591 851 dimicaverunt
1621 809 1662 850 in

235 908 302 941 ea,
337 903 378 932 et
397 891 591 932 confecto
613 890 730 930 bello
760 888 1024 930 tradiderunt
1048 888 1085 929 ei
1104 888 1266 938 vineas,
1298 905 1397 944 quas
1422 888 1666 938 custodiret,

233 961 350 1025 quasi
379 985 484 1024 quae
511 984 597 1009 non
615 967 822 1025 potuisset
843 983 1006 1008 servare
1035 983 1113 1015 eas,
1144 965 1221 1006 nisi
1241 967 1290 1006 ab
1317 965 1400 1006 illis
1421 966 1665 1007 dimicatum

234 1047 392 1088 suisset.
426 1047 551 1086 Illam
573 1063 672 1086 vero
694 1056 884 1100 suscepta
906 1043 1081 1084 aliarum
1105 1043 1317 1084 vinearum
1342 1043 1544 1094 custodia,
1563 1060 1664 1100 pro-

235 1124 372 1179 priam
394 1123 559 1165 vineam
586 1122 771 1163 noluisse
802 1121 869 1161 vel
887 1137 973 1161 non
991 1119 1178 1175 potuisse
1208 1137 1385 1172 servare,
1417 1122 1467 1162 ad
1493 1121 1662 1163 Galatas

233 1201 391 1242 Paulus
409 1201 606 1250 scribens,
637 1200 712 1240 ait:
746 1198 902 1249 „dicite
919 1198 961 1253 ³)
977 1197 1093 1248 mihi,
1126 1197 1197 1253 qui
1214 1199 1290 1238 sub
1308 1198 1399 1250 lege
1419 1199 1544 1240 vultis
1563 1216 1665 1250 esse,

234 1279 371 1330 legem
393 1294 480 1319 non
502 1277 703 1319 audistis?
751 1275 966 1332 Scriptum
993 1288 1053 1316 est
1075 1275 1200 1326 enim,
1232 1275 1432 1332 quoniam
1455 1278 1664 1318 Abraham

236 1358 342 1398 duos
359 1357 504 1398 habuit
529 1356 655 1406 filios,
686 1372 816 1396 unum
836 1372 883 1395 ex
903 1354 1068 1405 ancilla,
1102 1365 1142 1394 et
1160 1370 1290 1394 unum
1317 1355 1367 1395 de
1391 1354 1534 1396 libera.
1580 1357 1665 1398 Sed

239 1434 272 1476 is
305 1434 501 1492 quidem,
550 1434 622 1490 qui
662 1434 713 1474 de
748 1433 921 1483 ancilla,
966 1433 1199 1473 secundum
1233 1449 1397 1474 carnem
1429 1445 1548 1474 natus
1581 1445 1662 1474 est:

237 1514 308 1570 qui
335 1530 435 1554 vero
466 1514 517 1554 de
545 1513 689 1562 libera,
720 1512 953 1552 secundum
980 1510 1367 1567 repromissionem.
1418 1511 1538 1566 Quae
1568 1524 1664 1552 sunt

239 1591 474 1644 allegorica.
533 1591 650 1631 Haec
690 1590 802 1630 enim
843 1600 938 1629 sunt
978 1589 1062 1629 duo
1104 1600 1372 1630 testamenta:
1411 1606 1540 1630 unum
1574 1589 1664 1646 qui-

239 1669 337 1708 dem
368 1667 410 1708 in
440 1679 585 1708 monte
614 1667 713 1710 Sina
745 1667 786 1708 in
819 1666 1062 1708 servitutem
1093 1682 1303 1719 generans,
1335 1684 1439 1723 quae
1466 1679 1527 1708 est
1544 1668 1662 1719 Agar.

241 1745 343 1788 Sina
374 1745 484 1786 enim
514 1762 637 1786 mons
670 1756 731 1786 est
764 1745 807 1785 in
836 1744 1012 1795 Arabia,
1052 1743 1124 1800 qui
1157 1745 1373 1786 confertur
1402 1744 1522 1795 huic,
1556 1761 1659 1801 quae

236 1840 348 1865 nunc
380 1835 441 1865 est
471 1823 759 1873 Hierusalem,
799 1834 840 1863 et
870 1822 998 1864 servit
1029 1838 1124 1863 cum
1154 1821 1251 1863 filiis
1282 1823 1378 1866 suis.
1442 1822 1561 1878 Quae
1594 1840 1664 1864 au-

238 1913 325 1942 tem
355 1918 519 1942 sursum
554 1913 614 1942 est
644 1901 930 1952 Hierusalem,
978 1900 1110 1942 libera
1151 1911 1230 1949 est,
1285 1916 1389 1956 quae
1433 1911 1493 1941 est
1531 1912 1665 1941 mater

238 1979 430 2020 omnium
459 1991 665 2021 nostrum.
679 1986 704 2004 ‘⁶
762 1979 880 2020 Hanc
914 1994 1011 2031 ergo
1044 1978 1311 2020 Hierusalem
1343 1978 1571 2019 coelestem
1604 1977 1664 2019 di-

238 2058 295 2099 cit
326 2074 413 2099 esse
443 2058 621 2108 Paulus,
665 2068 705 2098 et
735 2073 849 2098 suam
892 2057 987 2113 et²)
1031 2055 1221 2097 omnium
1260 2068 1449 2097 nostrum
1493 2057 1665 2097 creden-

238 2135 346 2177 tium
376 2148 568 2178 matrem.
626 2135 824 2191 Denique
855 2134 972 2176 addit
1012 2134 1053 2174 in
1083 2134 1416 2190 posterioribus,
1459 2145 1499 2174 et
1542 2133 1661 2174 dicit:

235 2226 451 2270 „propter
471 2214 510 2267 ⁵)
544 2214 672 2270 quod,
703 2214 872 2262 fratres,
909 2229 995 2253 non
1024 2229 1166 2253 sumus
1197 2211 1347 2253 ancilla
1377 2210 1476 2261 filii,
1507 2212 1578 2251 sed
1611 2210 1660 2251 li—

237 2293 386 2334 berae:
428 2308 507 2348 qua
549 2290 743 2332 libertate
784 2289 977 2332 liberm-it
1014 2306 1090 2331 nos
1134 2289 1371 2332 Christus.“
1430 2288 1662 2329 Evidenter

239 2412 262 2419 .-

237 2481 540 2542 ὑπάρχουσαν
588 2482 834 2538 ἀμπελῶνα
890 2482 950 2538 τῷ
1007 2477 1198 2539 παρόντι
1257 2484 1466 2540 κέχρηται
1522 2478 1658 2539 λόγῳ.

236 2555 417 2597 Ruaeus.

358 2626 398 2682 ¹)
431 2625 539 2668 Edd.
572 2622 764 2665 Merlini:
796 2634 998 2679 „praeter
1027 2622 1111 2672 has,
1143 2638 1243 2678 quas
1273 2638 1296 2664 a
1325 2623 1458 2665 filiis·‘
1490 2635 1567 2664 etc.

355 2698 399 2754 2)
429 2695 706 2737 Desideratur
734 2700 865 2743 ,‚est“
897 2693 939 2734 in
971 2694 1063 2735 edd.
1095 2694 1156 2735 M.

356 2768 400 2822 ³)
434 2766 522 2808 Cfr.
555 2765 690 2807 Galat.
722 2765 793 2814 lV,
825 2763 1021 2807 21—25.

355 2838 399 2893 ⁴²)
429 2837 562 2878 Deest
592 2842 704 2886 „et“
736 2835 776 2875 in
811 2836 904 2875 edd.
937 2835 997 2876 M.

358 2909 399 2966 ⁵)
432 2909 519 2950 Cfr.
556 2907 648 2949 Gal.
682 2907 753 2957 IV,
769 2906 836 2949 31.
870 2907 920 2956 V,
943 2906 978 2948 1.
999 2931 1046 2938 -
1081 2907 1178 2947 Edd
1201 2907 1273 2948 .M.
1306 2905 1411 2956 „filii
1441 2905 1660 2946 ancillae.“
