1759 3134
242 141 323 186 172
645 145 863 188 Omenms
893 158 937 187 m
966 146 1257 188 Era-:emnem

244 257 343 297 tabo
364 256 400 312 ¹)
421 256 592 311 quippe,
615 257 684 307 ait,
710 274 853 300 omnes
880 260 1022 299 laudes
1046 270 1135 298 tuas
1153 257 1193 297 in
1211 257 1346 312 portis
1366 256 1477 297 filiae
1495 257 1598 298 Sion
1612 276 1618 298 z
1632 264 1655 282 “

242 332 276 373 si
305 332 668 384 animadverteris,
710 337 928 390 quomodo
970 336 1138 376 indutus
1171 334 1223 374 sit
1253 334 1402 389 aliquis
1433 334 1657 374 duodecim

244 409 474 464 lapidibus,
517 421 558 450 et
587 410 790 463 ingressus
819 414 1076 462 Jerusalem,
1122 423 1161 451 et
1191 428 1268 466 per
1296 411 1395 451 alias
1424 422 1566 466 portas
1598 411 1658 451 in-

241 502 422 538 gressus,
462 487 694 542 conspicies
732 489 908 542 virgines
943 490 1182 529 duodecim.
1242 489 1292 529 In
1320 488 1431 529 libro
1461 487 1659 536 Pastoris,

240 563 284 604 in
315 580 400 619 quo
431 565 600 616 angelus
629 567 933 621 poenitentiam
958 568 1095 615 docet,
1127 565 1353 606 duodecim
1381 565 1560 617 virgines
1590 565 1659 604 ha-

241 641 342 681 bent
378 641 549 682 nomina
584 660 677 693 sua,
716 643 840 693 fides,
882 643 1159 693 continentia,
1200 655 1240 683 et
1270 653 1420 684 cetera.
1477 641 1658 683 Potestis

243 717 400 773 quippe
439 719 600 771 legere,
643 720 675 760 si
714 720 852 761 vultis.
912 721 1078 761 Deinde
1113 721 1279 776 quando
1313 719 1436 759 turris
1469 719 1660 760 aedifica-

242 805 321 844 tur,
353 812 449 835 cum
478 798 716 837 assumseris
747 797 1016 838 fortitudines
1046 798 1267 849 virginum,
1298 797 1454 852 pariter
1480 796 1660 851 accipies

244 882 284 911 et
321 871 386 923 id,
427 874 541 928 quod
581 875 632 914 de
674 874 808 929 portis
849 875 1022 915 dicitur:
1063 886 1355 915 ornamentum
1396 874 1553 929 quippe
1582 872 1661 913 tibi

242 960 303 989 est
332 965 605 1006 unaquaeque
637 951 792 992 virtus:
833 963 956 1008 atque
999 952 1054 993 ita
1094 952 1134 992 in
1171 953 1281 992 hunc
1310 952 1488 991 modum
1515 967 1660 1006 super-

241 1025 463 1067 aedificant
504 1028 778 1068 fundamento
819 1029 993 1079 Christi,
1031 1046 1116 1070 non
1153 1031 1292 1070 solum
1331 1013 1478 1069 aurum
1519 1040 1559 1068 et
1597 1044 1660 1068 ar-

241 1116 432 1155 gentum,
474 1121 619 1145 verum
660 1117 700 1145 et
730 1105 890 1160 lapides
921 1106 1142 1160 pretiosos.
1201 1106 1469 1147 prohibitum
1502 1118 1562 1146 est
1591 1122 1661 1145 au—

239 1191 326 1221 tem
355 1181 576 1222 aedificare
606 1181 729 1233 ligna,
760 1182 933 1221 foenum
966 1193 1004 1221 et
1034 1182 1244 1237 stipulam.
1305 1185 1420 1223 Intus
1452 1194 1513 1222 est
1536 1182 1661 1234 igitur

239 1257 316 1297 iste
346 1258 452 1312 lapis
485 1257 775 1300 duodecimus.

352 1335 390 1377 4.
449 1335 505 1375 Et
543 1335 840 1377 nobis⁰adhuc
878 1336 1132 1392 imperatum
1173 1347 1257 1386 est,
1296 1348 1342 1377 ut
1382 1336 1568 1377 dicamus
1607 1336 1658 1376 de

241 1413 378 1471 Tyro,
411 1423 451 1452 et
482 1412 662 1462 Sidone,
699 1424 740 1453 et
769 1413 1001 1455 Pharaone.
1061 1413 1260 1465 Angustia
1289 1414 1495 1469 temporis
1523 1430 1658 1470 neque

238 1490 468 1546 superiora,
500 1506 604 1545 quae
636 1490 867 1545 coepimus,
898 1490 1078 1545 implere
1108 1491 1312 1546 permisit,
1345 1503 1385 1532 et
1411 1491 1525 1540 haec,
1556 1507 1658 1546 quae

240 1569 437 1609 volumus
484 1584 694 1618 enarrare,
744 1568 860 1624 quasi
909 1568 1138 1609 commenti
1181 1585 1300 1609 more
1345 1568 1660 1624 perstringenda

238 1657 334 1686 sunt
371 1645 567 1686 breviter.
629 1644 914 1685 Comminatio
955 1656 1014 1684 est
1054 1644 1096 1684 in
1128 1645 1357 1694 Sidonem,
1399 1661 1503 1699 quae
1533 1643 1659 1684 inter-

237 1733 428 1778 pretatur
459 1727 756 1772 ,‚venatores.“
815 1721 995 1772 „Anima
1015 1722 1057 1775 ²)
1097 1733 1239 1762 nostra
1266 1721 1373 1761 sicut
1402 1737 1544 1776 passer
1573 1736 1662 1760 ere-

237 1813 311 1857 pta
341 1811 402 1840 est
431 1800 483 1840 de
513 1799 665 1854 laqueo
696 1799 979 1840 venantium.“
1039 1798 1085 1840 Si
1114 1798 1308 1839 hebraice
1348 1797 1469 1850 legis,
1513 1797 1660 1838 habes:

239 1879 329 1929 „de
368 1878 520 1933 laqueo
553 1875 874 1918 Sidoniorum.“
930 1876 1063 1929 Igitur
1092 1875 1259 1917 Sidonii
1299 1886 1516 1916 venatores
1553 1886 1661 1924 sunt,

240 1968 282 1996 et
310 1953 606 2003 comminatio,
647 1970 752 2009 quae
782 1954 831 1994 fit
859 1953 903 1994 in
936 1970 1029 2003 eos,
1070 1964 1249 2008 propter
1277 1964 1319 1993 te
1348 1952 1417 2002 fit,
1461 1952 1660 2007 quoniam

238 2033 390 2073 volunt
419 2044 460 2072 te
491 2047 662 2086 capere,
694 2043 736 2072 et
765 2031 987 2084 diligenter
1017 2031 1261 2079 observant,
1292 2030 1510 2084 quomodo
1543 2029 1659 2069 audi—

239 2123 352 2151 tores
375 2109 689 2164 Scripturarum
720 2109 771 2149 de
802 2109 979 2149 ecclesia
1009 2107 1203 2156 avellant,
1235 2107 1453 2162 quomodo
1486 2107 1537 2146 de
1566 2106 1660 2146 fini-

240 2189 317 2227 bus
347 2187 531 2227 Judaeae
563 2186 615 2225 ad
647 2186 749 2227 fines
782 2186 952 2227 Sidonis
982 2185 1254 2225 transferant:
1286 2200 1431 2224 verum
1463 2195 1510 2224 tu
1544 2184 1659 2224 omni

240 2263 431 2305 custodia
467 2279 585 2303 serva
623 2278 697 2302 cor
733 2273 876 2312 tuum,
918 2273 959 2302 et
999 2261 1134 2312 disce,
1174 2260 1270 2317 quia
1310 2260 1583 2301 comminatio
1616 2261 1658 2300 in

236 2353 457 2383 venatores
485 2339 550 2380 tui
580 2355 699 2380 causa
727 2339 776 2379 fit
799 2339 853 2394 3).
913 2339 980 2379 De
1009 2339 1227 2379 Pharaone
1266 2355 1366 2378 vero
1408 2337 1492 2395 jam
1520 2338 1660 2393 aliqua

238 2435 377 2461 sermo
408 2417 681 2467 memoravit,
719 2417 930 2457 affirmans
970 2433 1067 2457 eum
1108 2417 1334 2457 draconem
1369 2416 1586 2456 sedentem
1617 2416 1658 2455 in

238 2496 381 2537 medio
415 2494 657 2544 fluminum,
697 2505 819 2549 atque
855 2493 1085 2535 dicentem:
1129 2510 1256 2544 „mea
1276 2494 1319 2549 4)
1349 2504 1444 2534 sunt
1472 2492 1656 2541 flumina,

241 2586 282 2615 et
313 2589 387 2626 ego
419 2572 502 2613 feci
531 2571 645 2612 illa.“
690 2570 801 2612 Novi
834 2588 908 2624 ego
941 2572 1200 2613 differentias
1230 2570 1465 2621 fluminum,
1499 2581 1540 2611 et
1568 2569 1654 2610 scio

244 2678 575 2697 ..5-———*

357 2741 397 2796 ¹)
428 2740 513 2782 Cfr.
549 2739 703 2780 Psalm.
736 2741 809 2789 IX,
843 2740 907 2783 14.

356 2810 400 2865 ²)
430 2810 583 2852 Psalm.
621 2811 813 2858 CXXIV,
851 2810 886 2852 7.
921 2810 1162 2866 (CXXIII.)

356 2880 398 2934 3)
430 2880 507 2921 Ed.
540 2880 693 2922 Ruaei:
727 2880 788 2921 sit.
909 2880 951 2932 ⁴)
982 2879 1131 2920 Ezech.
1163 2879 1323 2930 XXIX,
1353 2878 1392 2922 3.
