1759 3134
651 179 851 221 Homua
880 176 956 217 IX.
1445 182 1527 227 117

102 288 263 329 theam:
304 289 362 340 is,
399 289 433 329 si
466 290 612 343 legerit
652 289 776 330 etiam
813 288 936 337 haec,
979 304 1082 344 quae
1116 305 1227 332 nunc
1258 292 1526 349 interpretari

101 364 295 416 nitimur,
325 367 491 421 putabit
520 366 559 420 ¹)
591 367 737 407 eadem
768 364 917 420 repeti,
949 375 990 404 et
1019 382 1149 406 unum
1179 385 1419 412 sermonem
1449 373 1526 413 du-

99 441 269 496 pliciter
304 443 548 498 praedicari.
625 443 710 484 Sed
752 440 828 497 quiv
866 440 1042 494 diligens
1082 442 1216 484 lector
1260 458 1343 497 est,
1389 460 1431 489 et
1469 451 1522 491 ad

98 534 240 559 curam
283 518 370 576 ejus
416 519 580 560 divinae
623 517 853 572 scripturae
898 518 1171 571 significantia
1215 523 1421 577 pertinet,
1478 538 1519 567 et

99 597 263 635 confert
291 597 515 651 praeterita
543 593 853 651 praesentibus,
895 606 936 635 et
976 596 1151 636 verbum
1183 599 1312 638 verbo
1346 616 1521 658 compor-

95 671 178 721 nit,
218 672 380 714 videbit
410 672 692 714 differentiam
721 688 807 712 non
839 672 1073 713 fortuitam.
1133 673 1199 714 Ibi
1231 674 1388 732 quippe
1421 696 1520 728 „ra-

96 747 164 787 dix
191 748 259 802 ²),
300 749 455 805 inquit,
493 761 585 799 tua,
627 760 668 789 et
696 749 908 801 generatio
940 760 1011 790 tua
1043 751 1094 790 de
1124 761 1236 792 terra
1267 752 1517 796 Chanaan:“

95 826 211 880 quod
241 825 285 865 in
313 825 521 881 praesenti
550 841 638 866 non
661 824 836 867 dicitur:
869 826 1081 882 „pater³)
1106 838 1202 868 tuus
1220 831 1518 883 Amorrhaeus,

96 912 138 941 et
176 912 311 941 mater
345 913 416 942 tua
455 902 668 943 Cethea:“
712 903 827 958 quod
866 920 978 944 nunc
1013 920 1101 944 non
1138 904 1404 957 significatur.
1464 909 1520 950 Et

93 977 246 1018 iterum
277 977 337 1018 ibi
365 979 552 1034 primum
579 978 776 1035 ponitur:
807 991 956 1036 „pater
977 981 1020 1036 ⁴¹)
1051 992 1147 1022 tuus
1176 985 1514 1027 Amorrhaeus:“

89 1056 339 1095 secundum:
383 1067 555 1106 „mater
579 1056 620 1112 ⁵)
659 1067 731 1096 tua
763 1056 978 1099 Cethea:“
1016 1057 1084 1099 hic
1115 1075 1238 1100 vero:
1278 1074 1450 1111 „mater
1473 1064 1515 1117 6)

90 1143 225 1172 vestra
263 1133 441 1183 Cethea,
482 1145 523 1173 et
560 1144 681 1188 pater
713 1145 850 1174 vester
887 1135 1217 1178 Amorrhaeus.“
1290 1138 1356 1179 Ibi
1397 1140 1514 1195 quasi

91 1209 143 1248 ad
179 1225 306 1249 unam
344 1226 480 1250 sermo
518 1210 587 1259 fit,
626 1209 695 1249 hic
734 1210 851 1265 quasi
887 1212 940 1251 ad
978 1211 1194 1267 plurimas.
1261 1215 1351 1256 Nec
1385 1216 1511 1267 enim,

91 1297 136 1326 ut
166 1286 357 1341 superius
390 1286 568 1335 dixerat,
599 1285 675 1326 ait:
720 1297 855 1327 mater
876 1286 918 1343 ⁷)
949 1299 1036 1338 tua,
1069 1290 1142 1329 sed
1172 1303 1344 1339 „mater
1367 1293 1411 1349 Β)
1443 1310 1514 1334 ve-

89 1369 221 1403 stra.“
296 1363 478 1416 Quando
526 1378 623 1415 ergo
670 1362 927 1403 diffunditur
968 1377 1213 1420 peccatum,
1264 1380 1306 1408 et
1349 1369 1513 1422 longius

90 1440 248 1480 malitia
283 1439 500 1495 procedit,
540 1450 581 1478 et
620 1449 864 1493 peccatores
901 1456 975 1480 sua
1012 1439 1123 1482 inter
1152 1459 1195 1483 se
1225 1457 1397 1498 peccata
1433 1446 1514 1487 dis-

32 1527 39 1534 ·
89 1528 277 1572 cerpunt,
308 1527 406 1556 tunc
434 1531 521 1555 non
552 1526 752 1570 peccator
780 1531 901 1566 unus,
934 1532 1082 1557 verum
1111 1517 1270 1560 in.uno
1301 1534 1396 1562 sunt
1419 1523 1515 1578 plu-

85 1593 205 1644 rimi,
253 1593 375 1634 sicuti
415 1592 455 1632 in
499 1592 695 1642 exordio,
740 1594 908 1648 quando
950 1605 1037 1634 erat
1076 1595 1333 1652 principium
1377 1598 1512 1638 delin-

88 1670 265 1726 quendi,
296 1685 373 1710 nec
405 1670 507 1708 dum
538 1681 653 1709 erant
683 1680 840 1719 tantae,
873 1681 1051 1724 quantae
1081 1688 1192 1712 nunc
1220 1685 1337 1724 sunt,
1367 1674 1514 1715 multi-

87 1747 264 1788 tudines.
322 1746 447 1787 Unde
485 1745 592 1785 utile
630 1745 733 1784 mihi
773 1745 961 1796 videtur,
1003 1763 1026 1787 a
1064 1749 1274 1803 praesenti
1313 1766 1508 1792 sermone

85 1824 306 1880 paululum
344 1823 612 1863 recedentem
650 1833 841 1864 naturam
881 1823 1145 1865 considerare
1182 1827 1346 1882 peccati
1384 1840 1509 1884 atque

88 1900 302 1941 virtutum.
376 1882 677 1954 Ubi“peccata
720 1911 836 1948 sunt,
882 1899 942 1939 ibi
986 1913 1046 1942 est
1084 1903 1338 1955 multitudo,
1383 1905 1443 1946 ibi
1466 1906 1508 1962 ⁹)

85 1977 316 2026 schismata,
347 1976 406 2016 ibi
438 1977 640 2025 haereses,
672 1975 731 2016 ibi
763 1975 1061 2030 dissensiones3
1090 1980 1165 2020 ubi
1194 1992 1333 2022 autem
1365 1981 1509 2033 virtus,

86 2054 145 2094 ibi
174 2053 447 2106 singularitas,
477 2053 539 2093 ibi
567 2052 684 2101 unio,
717 2069 764 2093 ex
796 2069 881 2109 quo
914 2055 1105 2097 omnium
1136 2058 1397 2099 credentium
1421 2071 1510 2100 erat

88 2148 160 2172 cor
196 2148 327 2171 unum
368 2142 409 2171 et
448 2129 585 2170 anima
621 2146 704 2170 una
732 2130 812 2185 ¹⁰).
885 2131 941 2172 Et
976 2143 1023 2173 ut
1059 2134 1318 2176 manifestius
1359 2136 1509 2187 dicam,

85 2208 342 2264 principium
381 2207 592 2248 malorum
630 2207 821 2248 omnium
859 2220 921 2248 est
957 2210 1210 2262 multitudo,
1252 2213 1510 2268 principium

87 2297 226 2327 autem
256 2288 469 2326 bonorum
500 2285 802 2338 coangustatiO,
834 2297 874 2325 et
904 2302 926 2326 a
955 2288 1088 2328 turbis
1113 2289 1156 2329 in
1181 2289 1510 2341 singularitatem

89 2362 295 2402 redactio:
336 2374 382 2402 ut
418 2374 520 2417 puta
557 2379 635 2403 nos
676 2379 822 2403 omnes
852 2363 887 2403 si
916 2363 1104 2405 salvandi
1133 2383 1275 2407 sumus
1305 2368 1358 2407 ad
1386 2367 1508 2406 unio-

87 2455 206 2488 nem,
236 2450 283 2478 ut
312 2438 491 2494 perfecti
523 2439 754 2481 efficiamur
783 2440 827 2481 in
857 2441 1010 2482 eodem
1040 2458 1183 2493 sensu,
1216 2455 1258 2483 et
1286 2444 1329 2485 in
1361 2445 1509 2491 eadem

206 2623 246 2677 ¹)
276 2622 385 2662 Edd.
417 2620 613 2663 Merlini:
646 2624 824 2679 putabis.
944 2624 988 2678 ²)
1020 2624 1173 2665 Ezech.
1204 2626 1319 2676 XVI,
1349 2624 1387 2670 3.

200 2691 244 2745 ³)
276 2691 428 2731 Ezech.
459 2690 576 2739 XVI,
604 2690 644 2734 3.
763 2694 807 2748 ⁴²)
839 2694 990 2735 Ezech.
1021 2695 1140 2745 XVI,
1170 2694 1209 2738 3.

202 2762 244 2817 ⁵)
276 2761 427 2803 Ezech.
456 2759 642 2810 XVL'3.
761 2764 805 2820 6)
834 2765 985 2807 Ezech.
1017 2766 1137 2815 XVI,
1167 2764 1234 2807 45.

203 2831 246 2887 ⁷)
278 2832 364 2873 Cfr.
395 2829 546 2872 Ezech.
575 2830 692 2881 XVI,
721 2832 758 2876 3.
879 2836 925 2892 8)
954 2835 1106 2877 Ezech.
1138 2836 1255 2885 XVI,
1285 2834 1352 2876 45·

204 2901 247 2957 9)
279 2901 387 2943 Edd.
421 2899 615 2942 Merlini:
648 2901 734 2944 ubi.
857 2905 926 2959 ¹⁰)
960 2905 1047 2948 Cfr.
1080 2906 1172 2947 Act.
1202 2906 1276 2956 IV,
1306 2902 1372 2947 322
