1759 3134
694 103 835 144 Lmen
864 102 918 142 ΙΙ.
1431 104 1513 148 363

105 228 145 256 et
174 232 258 257 non
289 213 563 256 enuntiaverit
594 214 632 255 ei
651 214 690 269 ¹)
719 229 801 255 rex.
848 212 903 252 Et
933 211 1038 253 vidit
1061 211 1202 264 regina
1221 215 1330 257 Saba
1348 231 1516 258 omnem

102 291 367 349 prudentiam
397 290 661 341 Salomonis,
703 302 744 333 et
783 291 978 339 domum,
1025 305 1151 345 quam
1179 292 1436 344 aedificavit,
1476 305 1518 336 et

104 369 219 410 cibos
248 367 508 419 Salomonis,
554 379 595 409 et
629 367 771 408 sedem
808 382 1041 423 puerorum
1083 366 1192 424 ejus,
1239 379 1280 409 et
1324 370 1518 413 ordinem

102 446 386 488 ministrorum
418 445 528 502 ejus,
568 456 609 485 et
636 455 768 485 vestes
800 442 910 501 ejus,
948 455 989 484 et
1018 443 1103 485 vini
1134 445 1296 486 fusores
1326 445 1435 503 ejus,
1476 459 1519 489 et

100 524 342 565 holocausta
380 521 492 580 ejus,
542 538 645 579 quae
685 521 892 562 offerebat
940 521 983 562 in
1032 522 1162 563 domo
1202 522 1393 566 Domini.
1461 525 1519 566 Et

101 598 337 655 obstupuit,
368 610 409 640 et
440 598 542 641 dixit
568 599 621 640 ad
650 613 791 651 regem
806 598 1104 640 Salomonem:
1136 615 1256 641 verus
1283 611 1343 642 est
1363 617 1517 653 sermo,

100 693 224 735 quem
255 692 330 729 ego
367 676 509 717 audivi
538 675 580 716 in
610 687 720 717 terra
749 691 843 716 mea
874 676 925 717 de
947 678 1075 718 verbo
1105 688 1203 728 tuo,
1233 689 1275 719 et
1294 672 1520 734 prudentia

96 765 188 803 tua,
235 765 276 794 et
304 770 391 794 non
423 753 583 795 credidi
613 752 662 793 iis
678 753 742 809 ²),
788 753 860 809 qui
897 754 1178 810 loquebantur
1213 754 1342 806 mihi,
1385 773 1518 814 usque

98 847 181 887 quo
214 831 424 883 venirem;
456 842 497 871 et
524 830 778 886 viderunt3)
810 831 923 871 oculi
952 831 1060 882 mei,
1101 843 1142 873 et
1171 848 1293 883 ecce,
1324 849 1402 875 nec
1431 851 1520 876 me-

97 908 165 950 dia
193 924 288 964 pars
320 919 402 958 est,
448 923 552 964 quae
591 906 889 949 nuntiabantur
904 907 945 965 ⁴)
974 908 1089 950 mihi.
1150 909 1364 952 Addidisti
1405 911 1518 953 enim

94 985 262 1040 bona⁵)
293 1000 419 1041 super
449 1000 620 1026 ornnem
649 984 933 1035 auditionem,
978 1002 1102 1042 quam
1145 986 1287 1028 audivi
1325 987 1369 1029 in
1408 999 1519 1031 terra

94 1078 197 1104 mea.
242 1061 398 1103 Beatae
426 1060 626 1103 mulieres
656 1073 777 1113 tuae,
807 1062 920 1104 beati
949 1063 1071 1119 pueri
1101 1063 1191 1115 isti,
1223 1064 1294 1122 qui
1325 1065 1518 1109 assistunt

94 1140 136 1181 in
167 1150 394 1196 conspectu
424 1150 499 1180 tuo
531 1154 719 1195 semper,
761 1150 802 1180 et
831 1139 1007 1182 audiunt
1048 1156 1219 1184 omnem
1247 1144 1517 1200 prudentiam

92 1216 228 1259 tuam!
287 1215 354 1259 Sit
386 1215 582 1257 dominus
612 1216 729 1258 Deus
758 1227 854 1258 tuus
882 1217 1153 1269 benedictus,
1189 1220 1261 1276 qui
1290 1220 1369 1262 tibi
1400 1222 1517 1264 dedit

93 1296 238 1336 sedem
275 1293 428 1335 Israel!
489 1292 702 1347 Quoniam
742 1294 890 1335 dilexit
917 1295 1129 1336 Dominus
1169 1297 1321 1347 Israel,
1361 1309 1402 1340 et
1441 1316 1517 1341 vo-

92 1372 172 1413 luit
201 1388 298 1413 eum
326 1386 573 1427 permanere
602 1370 645 1411 in
675 1382 911 1421 aeternum,
955 1372 1100 1427 posuit
1138 1385 1180 1414 te
1210 1390 1353 1427 regem
1390 1392 1518 1432 super

93 1465 185 1499 eos,
226 1461 273 1490 ut
301 1448 427 1490 facias
456 1447 660 1505 judicium
691 1464 787 1489 cum
824 1447 1005 1506 justitia,
1046 1461 1087 1490 et
1118 1449 1277 1508 judices
1318 1468 1401 1495 eos.
1460 1454 1518 1495 Et

91 1527 209 1568 dedit
246 1525 467 1568 Salomoni
507 1536 676 1567 centum
727 1525 875 1580 viginti
921 1526 1078 1568 talenta
1123 1528 1236 1579 auri,
1284 1540 1326 1571 et
1364 1530 1517 1572 odora—

90 1615 230 1645 menta
258 1604 392 1645 multa
421 1603 564 1653 valde,
597 1615 638 1644 et
667 1603 855 1659 lapidem
876 1603 1124 1659 pretiosum.
1171 1606 1399 1663 Nunquam
1420 1607 1521 1650 talia

90 1692 288 1723 venerant
316 1681 612 1730 odoramenta,
652 1697 730 1722 nec
761 1680 803 1722 in
831 1692 946 1723 tanta
974 1681 1271 1734 multitudine,
1311 1701 1417 1741 quae
1447 1686 1520 1727 de-

90 1759 152 1800 dit
180 1761 321 1812 regina
351 1759 460 1800 Saba
486 1758 575 1811 regi
607 1758 870 1801 Salomoni.“
914 1759 1033 1800 Hanc
1050 1760 1091 1816 6)
1126 1771 1269 1802 autem
1298 1761 1517 1805 historiam

88 1837 218 1893 paulo
249 1835 373 1877 latius
402 1846 594 1892 repetere
634 1835 868 1885 voluimus,
916 1847 957 1877 et
996 1836 1179 1880 inserere
1217 1838 1315 1881 huic
1355 1840 1520 1897 exposi-

88 1913 196 1954 tioni
226 1923 414 1963 nostrae,
460 1912 635 1954 scientes
668 1913 711 1955 in
742 1925 904 1955 tantum
935 1916 1161 1958 convenire
1192 1917 1294 1958 haec
1333 1918 1387 1959 ad
1422 1934 1520 1975 per-

88 2007 234 2032 sonam
265 1989 489 2041 ecclesiae,
530 2005 634 2047 quae
666 2006 713 2032 ex
746 1991 937 2044 gentibus
967 1993 1082 2035 venit
1114 1995 1166 2035 ad
1199 1995 1435 2047 Christum,
1473 2007 1522 2038 ut

87 2068 176 2124 ipse
206 2067 417 2109 Dominus
448 2067 493 2109 in
523 2067 816 2125 Evangeliis⁷)
853 2068 1020 2122 reginae
1050 2070 1173 2129 hujus
1211 2074 1369 2116 faceret
1400 2091 1518 2117 men-

86 2145 269 2196 tionem,
315 2145 457 2186 dicens
499 2161 591 2187 eam
631 2145 791 2187 venisse
831 2163 854 2188 a
890 2147 1042 2189 finibus
1071 2160 1230 2201 terrae,
1275 2163 1324 2192 ut
1351 2152 1517 2195 audiret

88 2222 335 2279 sapientiam
363 2222 619 2265 Salomonis.
678 2224 821 2265 Austri
860 2236 1001 2267 autem
1042 2226 1230 2280 reginam
1267 2228 1371 2271 dicit
1412 2246 1518 2283 eam,

88 2316 167 2356 pro
209 2316 283 2350 eo,
330 2301 446 2356 quod
479 2300 704 2357 Aethiopia
744 2301 787 2343 in
815 2301 960 2345 Austri
994 2304 1185 2360 partibus
1223 2305 1374 2364 jaceat,
1423 2320 1464 2350 et
1493 2325 1517 2351 a

205 2496 244 2553 ¹)
274 2496 384 2538 Edd.
416 2497 477 2539 M.
510 2513 618 2547 „rex
648 2496 738 2538 ei.“
858 2499 901 2558 ²)
930 2500 1039 2544 Edd.
1070 2502 1267 2546 Merliui:
1297 2503 1373 2546 his.

204 2566 248 2624 ³)
277 2567 386 2608 Edd.
418 2568 480 2609 Μ.
513 2567 793 2618 „viderent.“

203 2636 244 2693 ⁴)
274 2637 384 2679 Edd.
411 2638 471 2680 M.
504 2638 856 2690 ‚,nuntiabatur.“

203 2707 245 2764 ⁵)
275 2708 409 2750 Deest
439 2709 621 2760 „bona“
652 2709 695 2752 in
726 2711 821 2753 edd.
852 2712 914 2754 Μ.

200 2778 244 2835 ⁶)
275 2778 383 2821 Edd.
414 2778 608 2822 Merlini:
642 2780 757 2823 Haec
787 2793 928 2826 autem
956 2784 1086 2842 paulo
1119 2783 1242 2832 latius
1271 2796 1352 2828 etc.

203 2848 244 2906 7)
265 2849 362 2892 cfr.
394 2849 546 2893 Matth.
575 2851 677 2903 ΧΠ,
707 2851 774 2896 42.
971 2844 975 2847 “
