1759 3134
254 132 310 178 98
654 132 876 173 Omel-:Nis
910 144 954 173 m
985 131 1277 173 Ezsscnmmm

260 244 578 301 glorificationis
617 256 711 284 tuae
753 245 804 285 de
843 257 1013 296 argento
1057 256 1155 293 tuo,
1194 255 1234 284 et
1274 243 1325 283 de
1367 257 1468 282 auro
1502 255 1602 294 tuo,
1643 259 1690 283 ex

264 325 415 381 quibus
446 321 544 363 dedi
576 321 669 372 tibi,
703 333 741 362 et
774 321 909 362 fecisti
940 322 1016 361 tibi
1049 320 1249 372 imagines
1281 320 1570 361 masculinas.“
1617 321 1692 362 Se-

266 403 450 443 cundum
482 415 751 440 communem
782 416 949 439 sensum
979 399 1037 439 sic
1070 398 1246 450 intelligi
1279 409 1432 453 potest.
1493 398 1626 446 „Vasa
1650 399 1690 455 ¹)

262 477 640 533 glorificationis,“
685 478 736 518 de
781 476 932 532 quibus
964 476 1106 516 Moses
1147 474 1314 531 scripsit
1348 475 1390 515 in
1420 475 1616 515 Numeris
1637 474 1695 531 ²),

267 556 503 606 thuribula,
543 554 727 611 phialas,
769 554 1065 595 candelabrum
1097 568 1292 602 aureum,
1333 567 1473 592 arcam
1503 551 1554 590 ab
1585 550 1695 591 intus

269 647 310 677 et
350 651 373 675 a
405 632 509 674 foris
542 634 806 682 deauratam,
849 643 889 671 et
921 643 1058 671 cetera
1090 629 1384 686 „accepisti,“
1427 640 1468 669 et
1507 628 1694 668 conssasti

269 729 339 765 ea,
371 723 412 753 et
441 709 614 762 „fecisti
646 709 804 762 effigies
834 708 1108 757 masculinas,
1151 719 1191 747 et
1219 706 1427 747 fornicata
1459 721 1500 746 es
1531 705 1574 746 in
1607 705 1696 745 iis.“

267 790 514 833 Secundum
550 786 800 839 allegoriam
845 801 944 826 vero
987 784 1042 826 ita
1078 783 1379 840 explanabitur.
1439 783 1546 824 Vasa
1575 798 1698 823 aurea

271 879 312 908 et
341 877 558 919 argentea,
589 863 633 903 id
666 875 727 904 est
756 862 983 913 thuribula,
1014 862 1187 918 phialas,
1222 873 1263 902 et
1294 873 1431 901 cetera
1460 859 1701 900 istiusmodi

269 946 469 985 habemus
498 941 543 983 in
572 940 696 982 sacris
724 940 899 987 litteris:
941 940 1110 996 quando
1148 955 1245 991 ergo
1276 950 1524 994 torquemus
1556 953 1698 978 sensus

271 1021 513 1078 Scripturae
544 1019 588 1059 in
618 1019 797 1059 alterum
828 1034 1016 1066 sensum,
1059 1016 1131 1072 qui
1162 1027 1222 1056 est
1254 1015 1486 1056 contrarius
1518 1013 1699 1064 veritati,

270 1100 395 1140 verba
429 1097 569 1138 divina
601 1095 855 1144 conflamus,
887 1106 926 1134 et
955 1110 1020 1134 res
1046 1093 1131 1134 Dei
1162 1093 1206 1133 in
1238 1093 1336 1133 alias
1369 1105 1578 1134 mutamus
1612 1091 1701 1132 effi-

272 1175 370 1228 gies.
433 1173 554 1227 Quae
592 1171 793 1211 facientes
830 1169 1055 1210 incidimus
1086 1171 1128 1210 in
1158 1182 1404 1225 peccatum,
1446 1172 1563 1226 quod
1593 1185 1703 1210 nunc

273 1250 543 1292 commiserat
577 1247 827 1288 Jerusalem.
896 1247 1003 1286 Vasa
1044 1246 1365 1299 glorificationis
1402 1259 1569 1287 nostrae
1608 1257 1703 1286 sunt

272 1330 339 1370 lex
371 1339 410 1368 et
439 1325 696 1383 prophetae:
737 1340 865 1379 super
895 1322 958 1363 his
990 1323 1270 1375 exsultamus,
1301 1325 1344 1365 in
1376 1324 1438 1365 his
1472 1324 1702 1364 efferimur.

274 1405 395 1460 Quos
427 1420 523 1444 cum
551 1401 674 1442 aliter
704 1400 953 1456 exponimus
984 1416 1110 1456 quam
1140 1417 1182 1441 se
1225 1401 1377 1442 veritas
1417 1401 1564 1451 habet,
1605 1415 1705 1440 con-

273 1482 473 1523 vertimus
504 1495 598 1519 vasa
629 1477 946 1530 glorificationis
976 1489 1143 1518 nostrae
1176 1479 1229 1518 de
1254 1489 1425 1530 argento
1449 1476 1705 1526 rationabili,

275 1572 317 1601 et
346 1560 397 1599 de
429 1573 530 1598 auro
563 1554 772 1606 sensibili,
813 1556 929 1611 quod
959 1555 1081 1596 nohis
1120 1555 1239 1595 dedit
1267 1555 1408 1605 Deus,
1448 1566 1488 1595 et
1526 1554 1702 1595 facimus

274 1636 398 1677 nobis
428 1633 627 1686 imagines
657 1632 927 1682 masculinas,
961 1644 1002 1672 et
1031 1632 1290 1682 fornicamur
1319 1631 1362 1671 in
1393 1631 1456 1671 iis.

388 1711 429 1756 3.
474 1710 696 1767 Sequitur:
737 1708 973 1764 „accepisti
998 1708 1045 1764 3)
1077 1708 1328 1750 vestimenta
1360 1706 1492 1757 varia,
1533 1718 1573 1747 et
1605 1723 1707 1762 ope—

275 1789 397 1832 ruisti
426 1789 541 1829 illa.‘⁴
598 1786 725 1828 Varia
755 1785 883 1827 vestis
916 1797 990 1836 est,
1022 1798 1063 1827 et
1092 1786 1161 1827 hic
1191 1802 1298 1826 unus
1330 1786 1382 1825 de
1399 1784 1445 1839 ⁴)
1477 1783 1707 1839 Scripturis

278 1871 411 1919 locus,
443 1882 528 1923 quo
559 1864 776 1906 induimur
806 1875 1062 1905 assumentes
1087 1862 1247 1903 viscera
1276 1861 1607 1911 misericordiae,
1636 1863 1709 1901 be-

277 1944 512 1999 nignitatis,
560 1940 831 1993 humilitatis,
881 1940 1236 1990 mansuetudinis,
1283 1938 1610 1992 longanimitatis
1657 1940 1709 1979 ad

278 2021 570 2065 sufferendum
598 2018 792 2059 invicem.
841 2018 926 2059 Has
958 2016 1090 2058 varias
1121 2027 1268 2065 vestes,
1302 2026 1343 2055 et
1372 2015 1574 2070 pulchros
1608 2016 1711 2056 ami-

282 2112 393 2150 ctus,
441 2113 547 2153 quos
583 2096 707 2136 nobis
747 2094 917 2148 largitus
957 2106 1017 2134 est
1054 2093 1195 2143 Deus,
1243 2093 1277 2134 si
1315 2093 1546 2133 laceramus
1586 2105 1710 2148 atque

283 2174 616 2223 conscindimus,
657 2184 698 2212 et
736 2171 1043 2212 circumdamus
1082 2171 1209 2212 falsae
1254 2170 1470 2211 doctrinae
1505 2171 1557 2211 ad
1588 2172 1711 2211 dece-

281 2255 475 2312 ptionem
504 2250 748 2300 hominum,
785 2265 874 2289 non
905 2248 1081 2289 dubium
1113 2260 1197 2299 est,
1236 2247 1337 2304 quin
1369 2247 1494 2288 variis
1524 2247 1710 2289 vestibus

285 2330 523 2387 operiamus
552 2327 681 2368 idola.
742 2325 956 2377 Intelliges
987 2337 1127 2366 autem
1156 2325 1260 2375 hoc,
1301 2325 1418 2380 quod
1460 2324 1636 2374 dicitur,
1673 2324 1708 2364 si

283 2409 417 2464 ipsam
455 2393 545 2446 rem
584 2402 845 2444 manifestius
886 2403 1181 2443 describamus.
1241 2400 1352 2443 Vide
1391 2401 1493 2441 mihi
1523 2400 1707 2457 aliquem

284 2483 622 2533 Marcionistam,
653 2481 739 2522 sive
771 2480 1028 2535 discipulum
1057 2478 1296 2529 Valentini,
1327 2490 1397 2519 aut
1429 2489 1541 2518 certe
1573 2477 1707 2535 cujus-

284 2562 389 2603 libet
425 2560 605 2602 haeresis
643 2559 931 2607 defensorem,
974 2569 1013 2597 et
1054 2556 1292 2608 considera,
1333 2555 1551 2612 quomodo
1590 2554 1705 2594 idola

403 2729 443 2784 ¹)
476 2727 562 2769 Cfr.
592 2725 743 2766 Ezech.
774 2725 890 2775 XVI,
924 2725 988 2768 17.
1110 2724 1154 2780 2)
1186 2723 1271 2765 Cfr.
1302 2725 1427 2766 Num.
1458 2723 1575 2767 VIII.

397 2801 440 2855 3)
469 2796 621 2839 Ezech.
651 2795 766 2844 XVI,
804 2794 869 2840 18.

397 2870 439 2926 4)
468 2867 577 2909 Edd.
607 2863 801 2906 Merlini:
839 2864 880 2904 in
911 2863 1139 2920 scripturis.
