1759 3134
702 117 843 159 LIBER
870 119 902 159 Ι.
1435 120 1518 165 337

104 230 300 271 omnibus
338 241 433 271 sunt
480 228 752 272 hominihus?
818 230 904 273 Sed
947 230 1050 271 mihi
1094 231 1262 272 videtur
1301 231 1449 273 mirata
1478 235 1516 285 ¹)

102 323 187 348 esse
228 307 342 348 cibos
383 306 597 349 doctrinae
637 306 724 364 ejus
764 317 806 347 et
845 305 991 348 vinum
1025 309 1289 361 dogmatum,
1331 326 1435 366 quae
1465 311 1516 351 ab

98 399 148 424 eo
194 400 271 440 per
318 382 502 425 divinam
546 382 791 441 sapientiam
842 383 1202 440 praedicabantur.
1285 387 1380 428 Hoc
1430 399 1516 429 erat

95 460 311 502 vinum-et
340 460 471 512 illud,
517 462 633 518 quod
661 477 739 518 per
767 459 1026 503 Hieremiam
1050 463 1092 518 ²)
1123 464 1304 504 refertur
1335 466 1385 505 de
1417 464 1516 506 filiis

94 538 288 579 Jonadab
308 537 387 579 filii
404 538 587 589 Rechab,
620 537 690 594 qui
725 554 775 579 eo
804 550 1014 596 tempore,
1047 557 1130 597 quo
1163 552 1334 597 peccata
1363 542 1517 598 populi

96 614 380 666 invaluerant,
413 627 454 657 et
482 632 561 672 pro
593 613 881 672 iniquitatibus
910 616 1047 673 plebis
1079 617 1295 675 captivitas
1324 618 1518 660 immine-

93 693 187 744 bat,
219 692 441 734 convocati
471 703 589 745 sunt,
622 703 670 734 ut
697 691 892 735 biberent
921 693 1080 747 vinum,
1111 706 1152 737 et
1182 694 1388 748 dixerunt,
1420 696 1517 754 quia

96 771 364 813 mandaverat
401 770 451 812 iis
491 782 611 828 pater
652 786 748 812 suus
784 770 1001 822 Jonadab,
1044 788 1097 814 ne
1142 772 1336 815 biberent
1372 773 1517 816 vinum

93 847 175 905 ipsi
213 860 254 890 et
292 847 370 889 filii
407 847 472 889 sui
509 847 553 889 in
590 848 828 898 saeculum,
869 866 1007 906 neque
1048 851 1200 893 domos
1238 852 1519 905 aedificarent,

91 941 229 982 neque
258 926 509 967 seminarent
540 943 703 978 semen,
734 943 870 983 neque
901 927 1140 983 plantarent
1172 928 1334 981 vineas,
1369 932 1442 971 sed
1473 930 1516 971 in

92 1004 370 1045 tabernaculis
414 1004 649 1046 habitarent
694 1004 888 1047 omnibus
933 1003 1080 1046 diebus
1126 1005 1233 1047 vitae
1279 1023 1388 1048 suae.
1462 1008 1518 1049 Et

93 1081 362 1139 amplectitur
392 1098 463 1123 eos
480 1082 613 1134 Deus,
646 1099 695 1124 eo
716 1084 759 1140 3)
791 1082 907 1139 quod
939 1082 1215 1125 custodierint
1243 1098 1520 1143 praeceptum

92 1160 220 1217 patris
251 1159 339 1211 sui,
371 1172 412 1202 et
440 1161 658 1202 noluerint
685 1161 831 1202 bibere
862 1160 1019 1202 vinum.
1078 1161 1164 1202 Pro
1195 1163 1378 1218 peccatis
1410 1164 1521 1205 enim

94 1250 196 1279 tunc
225 1237 393 1296 populi,
425 1249 466 1279 et
496 1238 786 1295 iniquitatibus
818 1255 980 1290 eorum,
1012 1250 1098 1279 erat
1128 1241 1277 1290 „vinea
1297 1241 1339 1298 ¹²)
1371 1259 1520 1284 eorum

97 1333 146 1357 ex
176 1316 298 1358 vinea
328 1316 642 1369 Sodomorum,
674 1329 714 1358 et
735 1318 776 1374 ⁵)
808 1317 1005 1374 palmites
1037 1333 1184 1359 eorum
1217 1336 1264 1360 ex
1296 1316 1521 1373 Gomorra,

95 1409 176 1435 uva
217 1410 366 1435 eorum
407 1411 486 1436 uva
524 1394 659 1445 sellis,
701 1405 740 1435 et
777 1396 924 1436 botrus
963 1395 1271 1438 amaritudinis:
1314 1415 1520 1440 venenum

92 1471 285 1528 aspidum
326 1483 367 1513 et
403 1473 524 1513 furor
565 1473 795 1514 draconum
838 1485 925 1514 erat
963 1473 1108 1515 vinum
1147 1483 1347 1517 eorum.“
1413 1476 1520 1518 Pro—

92 1562 188 1606 pter
215 1550 297 1592 hoc
329 1566 426 1604 ergo
460 1551 691 1592 laudabiles
721 1550 929 1592 habentur
958 1551 1037 1593 filii
1065 1553 1282 1605 Jonadab‚
1324 1554 1397 1611 qui
1435 1556 1519 1597 tale

93 1627 257 1678 vinum,
297 1639 501 1670 venenata
539 1627 700 1670 scilicet
741 1628 956 1681 dogmata,
1000 1641 1041 1670 et
1078 1630 1214 1673 aliena
1254 1648 1277 1673 a
1306 1632 1390 1674 fide
1421 1633 1519 1685 Dei,

91 1705 239 1747 bibere
280 1716 322 1746 et
359 1705 572 1763 suscipere
609 1717 864 1748 recusarunt.
941 1706 1126 1764 Propter
1167 1709 1250 1751 hoc
1292 1726 1390 1764 ergo
1431 1712 1520 1753 sor-

93 1782 209 1825 tassis
261 1781 465 1840 percussit
509 1783 628 1826 Deus
655 1784 696 1841 6)
744 1782 884 1825 vineas
927 1785 1264 1844 Aegyptiorum,
1316 1787 1424 1829 sicut
1478 1789 1521 1830 in

93 1862 258 1919 psalmo
283 1863 325 1919 ⁷)
355 1861 559 1918 scriptum
591 1872 666 1913 est,
694 1877 748 1903 ne
782 1862 865 1903 tale
895 1863 1082 1906 facerent
1112 1865 1269 1907 vinum.
1330 1866 1519 1922 Igitur⁹)

215 2024 255 2081 ¹)
284 2023 394 2064 Edd.
424 2021 620 2064 Merlini:
652 2022 845 2065 miratam
877 2040 963 2066 esse
995 2037 1071 2068 etc.

210 2094 256 2151 ²)
289 2093 375 2136 Cfr.
405 2093 561 2135 Jerem.
591 2088 770 2136 XXXV.
801 2121 854 2127 —-
884 2095 993 2138 Edd.
1024 2096 1221 2138 Merlini:
1253 2097 1407 2140 Recab.

211 2165 254 2221 3)
289 2165 423 2206 Deest
453 2171 580 2216 ‚,eo“
610 2165 655 2206 in
687 2166 780 2207 edd.
811 2167 873 2208 M.

212 2235 256 2291 ¹²)
289 2234 374 2277 cfr.
404 2235 535 2278 Deut.
564 2236 748 2288 XXXII,
779 2237 846 2282 32.
878 2235 945 2281 33.

214 2305 256 2360 ⁵)
287 2305 420 2347 Deest
449 2312 560 2358 ‚,et“
588 2307 633 2348 in
663 2308 758 2349 edd.
789 2308 851 2350 M.

211 2376 255 2432 ⁶)
284 2376 418 2418 Deest
448 2377 600 2428 „Deus
614 2383 639 2403 “
670 2377 714 2419 in
743 2377 840 2420 edd.
869 2378 930 2420 M.

214 2447 255 2502 7)
286 2446 442 2488 Psalm.
477 2446 564 2499 CV,
595 2447 662 2493 33.

211 2515 255 2573 8)
300 2517 370 2558 Ad
414 2517 525 2559 hunc
569 2517 715 2559 locum
757 2518 969 2575 pertinere
1014 2517 1210 2560 videntur
1255 2536 1398 2574 graeca
1447 2524 1519 2566 illa

97 2587 247 2639 verba,
279 2603 384 2644 quae
414 2603 437 2629 a
466 2588 683 2646 Procopio
705 2588 892 2643 ‘Origeni
920 2589 1184 2632 tribuuntur:
1214 2595 1410 2637 Πολλῶν
1443 2591 1523 2639 ὅν·-

95 2675 186 2704 των
218 2661 358 2703 οἴνων
387 2658 438 2704 ἐν
465 2662 516 2721 τῇ
547 2661 731 2722 γραφῇ,
777 2659 1048 2716 κρειττόνων
1085 2677 1131 2706 τε
1170 2664 1245 2705 καὶ
1277 2662 1518 2723 χειρόνων,

98 2732 184 2775 νῦν
211 2734 303 2779 τοῖς
333 2733 582 2788 κρείττοσιν
615 2733 658 2775 οἱ
688 2733 768 2774 τοῦ
801 2737 1007 2791 νυμᾳιόυ
1035 2735 1203 2791 μαστοὶ
1238 2740 1521 2792 παρατίθεν-

96 2815 195 2844 ται·
241 2800 294 2847 οὐ
324 2799 416 2860 γάρ
448 2798 506 2846 ἂν
534 2807 629 2852 τοῖς
651 2806 830 2860 χείροσι
872 2809 1221 2861 συνεκρίθησαν.
1279 2803 1339 2848 ‘II
1371 2811 1528 2851 τοίνυν

97 2870 258 2930 νύμφη
288 2875 475 2920 πολλοῖς
505 2874 582 2916 καὶ
613 2871 857 2931 διαφόροις
889 2877 1028 2924 οἴνοις
1067 2874 1408 2934 εὐᾳρανθεΐσα,
1451 2881 1525 2921 καὶ

100 2950 324 2993 OmGEMs
349 2950 520 2993 Opem.
567 2949 686 2992 ΤΟΜ.
705 2948 818 2991 XIV.
1165 2953 1218 2995 22
