1759 3134
674 162 872 202 HommA
903 162 974 201 VI.
1477 163 1534 207 85

112 274 235 312 draco
278 274 330 313 sit
370 275 577 313 fortitudo
621 266 838 313 contraria.
899 274 981 312 Istc
1027 285 1087 313 cst
1118 274 1228 313 enim
1260 274 1408 323 draco,
1445 291 1531 315 ser-

110 366 211 404 pens
243 351 447 406 antiquus,
480 350 551 406 qui
582 361 755 390 vocatur
782 349 993 389 Diabolus
1025 362 1065 389 et
1090 350 1280 400 Satanas,
1312 351 1528 406 decipiens

109 429 254 467 orbem
297 440 500 467 terrarum
543 427 795 466 universum.
833 426 978 466 *Istius
1008 427 1215 466 fortitudo
1247 427 1291 467 in
1319 428 1525 469 umbilico

110 516 181 543 est.
242 506 329 544 Nec
363 504 558 544 dubium:
599 519 695 542 nam
731 503 987 557 principium
1021 503 1234 543 malorum
1264 504 1454 545 omnium
1483 505 1527 546 in

106 580 251 619 lumbo
287 592 483 621 versatur.
542 580 597 619 Et
637 579 734 619 ideo
775 580 909 620 adhuc
949 580 990 619 in
1031 580 1178 620 lumbo
1212 579 1342 635 patris
1373 582 1526 622 consti-

106 666 238 704 tutuS,
279 655 351 710 qui
380 656 608 696 nasciturus
650 667 755 705 erat,
794 657 996 706 refertur,
1037 656 1133 711 quia
1169 656 1213 697 in
1254 657 1423 696 lumbos
1463 674 1524 698 se-

103 732 214 772 mina
259 734 437 773 humana
484 734 666 773 collecta
708 745 817 774 sunt.
894 733 1123 774 Fortitudo
1173 749 1270 785 ergo
1317 734 1524 774 contraria

103 809 342 865 ubicunque
373 821 468 850 sunt
498 810 677 860 semina,
716 810 777 850 ibi
806 809 1052 850 insidiarum
1081 826 1251 850 suarum
1280 810 1367 851 vim
1399 827 1525 851 cona-

103 898 169 926 tur
199 887 432 927 ostendere.
492 888 728 927 Adversum
768 887 977 927 masculos
1016 887 1146 927 virtus
1178 885 1264 944 ejus
1293 887 1336 926 in
1367 887 1523 928 lumbis

101 975 174 1011 cst,
205 964 426 1003 adversum
458 964 631 1004 seminas
662 963 792 1004 virtus
825 964 912 1021 ejus
942 964 986 1004 in
1014 964 1220 1004 umbilico
1252 964 1407 1004 ventris
1447 975 1521 1005 est.

99 1040 155 1079 Et
185 1040 304 1089 vide,
344 1041 562 1095 quomodo
601 1041 775 1081 honeste
810 1040 889 1081 viri
918 1041 1190 1097 mulierisque
1219 1040 1417 1093 genitalia
1448 1042 1523 1081 ob-

99 1118 218 1157 tectis
248 1117 488 1157 nominibus
519 1117 738 1172 Scriptura
765 1118 1091 1174 nuncupaverit,
1130 1136 1183 1159 ne
1214 1135 1292 1174 per
1322 1135 1370 1159 ea
1398 1134 1524 1158 voca-

95 1194 216 1243 bula,
248 1210 351 1248 quae
380 1195 423 1234 in
453 1206 626 1250 promtu
655 1207 772 1245 sunt,
811 1195 1119 1250 turpitudinem
1149 1195 1413 1247 significaret.
1473 1195 1519 1237 Si

96 1273 360 1312 intellectum
392 1282 452 1311 cst
483 1271 745 1326 exemplum,
789 1273 905 1326 quod
942 1271 1198 1327 protulimus
1228 1273 1279 1312 de
1309 1273 1416 1321 Job,
1455 1271 1518 1310 in-

95 1350 238 1401 tellige
268 1349 395 1398 mihi,
437 1348 556 1403 quia,
598 1360 643 1387 ut
680 1348 723 1388 in
761 1348 852 1388 viro
889 1349 1160 1404 praeputium
1191 1347 1519 1396 circumciditur,

96 1427 153 1466 sic
191 1426 234 1465 in
272 1426 429 1466 femina
470 1425 695 1465 umbilicus
735 1436 987 1479 amputatur.
1065 1425 1173 1465 Cum
1212 1424 1324 1464 enim
1363 1423 1518 1479 pudica

95 1504 174 1543 fuit
204 1503 378 1551 mulier,
418 1514 458 1542 et
488 1501 656 1541 mundis
686 1518 759 1541 usa
788 1501 1092 1541 mutationibus
1121 1501 1395 1549 feminarum,
1438 1499 1515 1539 sci-

94 1580 193 1620 licet
229 1596 281 1619 ne
320 1580 362 1619 in
402 1579 592 1619 sordidas
632 1595 720 1627 res,
761 1591 802 1619 et
838 1578 881 1618 in
919 1591 1192 1634 peccatorum
1232 1576 1515 1632 turpitudines

95 1669 205 1705 ruat,
244 1668 344 1697 tunc
384 1657 610 1696 umbilicus
655 1655 742 1713 ejus
779 1656 959 1696 abscisus
988 1655 1026 1708 ¹)
1067 1667 1140 1695 est.
1200 1655 1246 1696 Si
1284 1670 1386 1694 vero
1417 1670 1513 1708 pec-

95 1734 270 1782 caverit,
317 1750 403 1773 non
444 1744 505 1772 est
544 1732 768 1772 umbilicus
811 1731 898 1788 ejus
937 1731 1129 1771 abscisus.
1190 1732 1385 1786 Increpat
1416 1746 1514 1782 ergo

92 1810 325 1849 Jerusalem
358 1809 473 1864 quasi
501 1809 749 1856 mulierem,
788 1807 855 1848 cui
893 1823 981 1847 non
1023 1807 1075 1847 sit
1103 1808 1313 1862 praecisus
1344 1806 1517 1847 umbili-

93 1902 174 1924 cus.
236 1885 505 1939 Septuaginta
544 1885 807 1940 interpretati
844 1895 939 1923 sunt
980 1885 1021 1923 in
1052 1885 1133 1924 hoc
1164 1885 1284 1925 loco:
1328 1900 1449 1934 „non
1472 1882 1514 1939 2)

91 1961 363 2012 alligaverunt
405 1963 534 2002 ubera
570 1968 697 2002 tua:“
738 1978 905 2002 sensum
942 1961 1071 2013 magis
1112 1961 1272 2016 eloquii
1302 1976 1515 2016 exponen-

90 2050 164 2087 tes,
197 2055 321 2093 quam
352 2040 527 2079 verbum
559 2041 610 2079 de
642 2041 772 2079 verbo
807 2038 1098 2093 exprimentes.
1142 2038 1340 2093 Ubera-³)
1372 2049 1513 2078 autem

90 2115 132 2155 in
161 2115 342 2156 Canticis
374 2115 647 2157 Canticorum
684 2127 865 2156 assumta
894 2127 990 2156 sunt
1018 2115 1060 2155 in
1092 2115 1393 2168 cogitationum
1423 2126 1514 2154 tua-

90 2209 185 2232 rum
217 2204 257 2233 et
294 2193 445 2234 mentis
482 2194 594 2233 loco.
656 2193 798 2246 „Quia
823 2193 864 2248 ⁴)
894 2194 1007 2232 bona
1035 2194 1166 2233 ubera
1195 2204 1266 2232 tua
1294 2207 1422 2246 super
1451 2190 1511 2230 vi—

90 2275 233 2313 num,“
305 2270 361 2310 Et
400 2270 594 2311 recubuit
634 2286 760 2325 super
799 2282 946 2326 pectus
991 2270 1114 2319 Jesu,
1162 2269 1237 2310 ubi
1274 2270 1404 2309 ubera
1440 2280 1512 2308 tua

90 2357 205 2394 sunt,
251 2345 283 2385 is
328 2346 399 2400 qui
444 2347 788 2387 communionem
830 2348 1126 2388 intellectuum
1165 2346 1253 2403 ejus
1296 2345 1512 2386 habiturus

91 2434 188 2462 erat.
251 2421 432 2475 Quando
471 2440 568 2476 ergo
611 2440 753 2464 sensus
784 2436 845 2467 est
873 2424 1051 2476 rigidus,
1090 2436 1132 2465 et
1160 2423 1281 2465 notio
1312 2422 1513 2463 obstricta

210 2582 248 2636 ¹)
280 2581 387 2620 Edd.
420 2583 614 2624 Merlini:
646 2584 847 2625 abscissus
878 2596 949 2625 est.

206 2651 248 2705 2)
283 2651 368 2692 Csr.
399 2651 549 2693 Ezech.
580 2654 696 2704 XVI,
725 2654 766 2696 4.

206 2721 248 2775 ³)
283 2722 328 2761 R.
361 2722 401 2760 in
433 2721 566 2762 notis:
599 2723 836 2773 „Catenaez
880 2727 933 2767 Οἱ
962 2727 1130 2781 μαστοὶ
1161 2723 1430 2782 ἐλήφθησαν
1462 2724 1509 2765 ἕν

95 2795 151 2848 τῷ
186 2788 352 2848 ᾅσματι
387 2793 462 2834 ἐπὶ
494 2794 572 2834 τοῦ
602 2793 887 2848 διανοητικοῦ
916 2796 1138 2852 χωρίου.“’

209 2860 252 2917 ⁴)
287 2862 444 2904 Cantic.
476 2862 509 2910 l,
542 2862 578 2904 1.
