<?xml version="1.0" encoding="UTF-8"?>
<!DOCTYPE html PUBLIC "-//W3C//DTD XHTML 1.0 Transitional//EN"
    "http://www.w3.org/TR/xhtml1/DTD/xhtml1-transitional.dtd">
<html xmlns="http://www.w3.org/1999/xhtml" xml:lang="en" lang="en">
 <head>
  <title>
</title>
<meta http-equiv="Content-Type" content="text/html;charset=utf-8" />
  <meta name='ocr-system' content='tesseract 3.04.00' />
  <meta name='ocr-capabilities' content='ocr_page ocr_carea ocr_par ocr_line ocrx_word'/>
</head>
<body>
  <div class='ocr_page' id='page_1' title='image "./operaomniaquaegr14orig/operaomniaquaegr14orig_0259.png"; bbox 0 0 1759 3134; ppageno 0'>
   <div class='ocr_carea' id='block_1_1' title="bbox 664 131 1513 175">
    <p class='ocr_par' dir='ltr' id='par_1_1' title="bbox 664 131 1513 175">
     <span class='ocr_line' id='line_1_1' title="bbox 664 131 1513 175; baseline 0.006 -5"><span class='ocrx_word' id='word_1_1' title='bbox 664 131 862 172; x_wconf 67' lang='lat' dir='ltr'><strong>HonmJA</strong></span> <span class='ocrx_word' id='word_1_2' title='bbox 893 131 925 169; x_wconf 89' lang='grc' dir='ltr'><strong>Ι.</strong></span> <span class='ocrx_word' id='word_1_3' title='bbox 1430 132 1513 175; x_wconf 74' lang='lat'><strong>243</strong></span> 
     </span>
    </p>
   </div>
   <div class='ocr_carea' id='block_1_2' title="bbox 79 240 1513 2144">
    <p class='ocr_par' dir='ltr' id='par_1_2' title="bbox 79 240 1513 2144">
     <span class='ocr_line' id='line_1_2' title="bbox 199 240 1511 297; baseline 0 -14"><span class='ocrx_word' id='word_1_4' title='bbox 199 242 237 286; x_wconf 83' lang='lat'><strong>3.</strong></span> <span class='ocrx_word' id='word_1_5' title='bbox 299 241 566 293; x_wconf 88' lang='lat' dir='ltr'><strong>„Osculetur</strong></span> <span class='ocrx_word' id='word_1_6' title='bbox 595 243 632 297; x_wconf 88' lang='lat'><strong>¹)</strong></span> <span class='ocrx_word' id='word_1_7' title='bbox 670 258 738 282; x_wconf 88' lang='lat' dir='ltr'><strong>me</strong></span> <span class='ocrx_word' id='word_1_8' title='bbox 778 256 876 293; x_wconf 84' lang='lat' dir='ltr'><strong>ergo</strong></span> <span class='ocrx_word' id='word_1_9' title='bbox 920 241 1067 280; x_wconf 89' lang='lat' dir='ltr'><strong>osculo</strong></span> <span class='ocrx_word' id='word_1_10' title='bbox 1101 241 1185 281; x_wconf 91' lang='lat' dir='ltr'><strong>oris</strong></span> <span class='ocrx_word' id='word_1_11' title='bbox 1214 240 1316 281; x_wconf 85' lang='lat' dir='ltr'><strong>sui.“</strong></span> <span class='ocrx_word' id='word_1_12' title='bbox 1375 241 1511 283; x_wconf 85' lang='lat' dir='ltr'><strong>Moris</strong></span> 
     </span>
     <span class='ocr_line' id='line_1_3' title="bbox 92 317 1513 375; baseline -0.001 -14"><span class='ocrx_word' id='word_1_13' title='bbox 92 331 152 360; x_wconf 85' lang='lat' dir='ltr'><strong>cst</strong></span> <span class='ocrx_word' id='word_1_14' title='bbox 182 319 517 375; x_wconf 80' lang='lat' dir='ltr'><strong>Scripturarum,</strong></span> <span class='ocrx_word' id='word_1_15' title='bbox 558 317 855 374; x_wconf 78' lang='lat' dir='ltr'><strong>imperativum</strong></span> <span class='ocrx_word' id='word_1_16' title='bbox 892 318 1069 357; x_wconf 92' lang='lat' dir='ltr'><strong>modum</strong></span> <span class='ocrx_word' id='word_1_17' title='bbox 1099 334 1178 373; x_wconf 91' lang='lat' dir='ltr'><strong>pro</strong></span> <span class='ocrx_word' id='word_1_18' title='bbox 1211 317 1401 373; x_wconf 80' lang='lat' dir='ltr'><strong>optativo</strong></span> <span class='ocrx_word' id='word_1_19' title='bbox 1433 335 1513 374; x_wconf 90' lang='lat' dir='ltr'><strong>po—</strong></span> 
     </span>
     <span class='ocr_line' id='line_1_4' title="bbox 88 394 1512 450; baseline -0.001 -13"><span class='ocrx_word' id='word_1_20' title='bbox 88 413 207 446; x_wconf 82' lang='lat' dir='ltr'>nere,</span> <span class='ocrx_word' id='word_1_21' title='bbox 238 408 285 436; x_wconf 89' lang='lat' dir='ltr'><strong>ut</strong></span> <span class='ocrx_word' id='word_1_22' title='bbox 313 395 393 435; x_wconf 87' lang='lat' dir='ltr'><strong>ibi:</strong></span> <span class='ocrx_word' id='word_1_23' title='bbox 442 395 603 444; x_wconf 77' lang='lat' dir='ltr'><strong>„Pater</strong></span> <span class='ocrx_word' id='word_1_24' title='bbox 625 395 667 449; x_wconf 84' lang='lat'>²)</span> <span class='ocrx_word' id='word_1_25' title='bbox 699 406 864 443; x_wconf 87' lang='lat' dir='ltr'><strong>noster,</strong></span> <span class='ocrx_word' id='word_1_26' title='bbox 899 394 973 450; x_wconf 89' lang='lat' dir='ltr'><strong>qui</strong></span> <span class='ocrx_word' id='word_1_27' title='bbox 1003 410 1044 434; x_wconf 88' lang='lat' dir='ltr'><strong>es</strong></span> <span class='ocrx_word' id='word_1_28' title='bbox 1074 394 1117 434; x_wconf 89' lang='lat' dir='ltr'><strong>in</strong></span> <span class='ocrx_word' id='word_1_29' title='bbox 1149 395 1300 444; x_wconf 81' lang='lat' dir='ltr'><strong>coelis,</strong></span> <span class='ocrx_word' id='word_1_30' title='bbox 1331 395 1512 435; x_wconf 86' lang='lat' dir='ltr'><strong>sanctifi-</strong></span> 
     </span>
     <span class='ocr_line' id='line_1_5' title="bbox 89 470 1509 528; baseline -0.001 -14"><span class='ocrx_word' id='word_1_31' title='bbox 89 486 206 514; x_wconf 84' lang='lat' dir='ltr'>cetur</span> <span class='ocrx_word' id='word_1_32' title='bbox 233 488 391 513; x_wconf 90' lang='lat' dir='ltr'><strong>nomen</strong></span> <span class='ocrx_word' id='word_1_33' title='bbox 414 472 596 513; x_wconf 84' lang='lat' dir='ltr'><strong>tuum!“</strong></span> <span class='ocrx_word' id='word_1_34' title='bbox 626 487 727 527; x_wconf 90' lang='lat' dir='ltr'><strong>pro:</strong></span> <span class='ocrx_word' id='word_1_35' title='bbox 759 471 920 511; x_wconf 81' lang='lat' dir='ltr'><strong>utinam</strong></span> <span class='ocrx_word' id='word_1_36' title='bbox 939 470 1242 511; x_wconf 80' lang='lat' dir='ltr'><strong>sanctificetur!</strong></span> <span class='ocrx_word' id='word_1_37' title='bbox 1276 483 1317 511; x_wconf 87' lang='lat' dir='ltr'><strong>et</strong></span> <span class='ocrx_word' id='word_1_38' title='bbox 1340 489 1450 513; x_wconf 90' lang='lat' dir='ltr'><strong>nunc</strong></span> <span class='ocrx_word' id='word_1_39' title='bbox 1467 473 1509 528; x_wconf 84' lang='lat'>³)</span> 
     </span>
     <span class='ocr_line' id='line_1_6' title="bbox 87 546 1508 605; baseline 0 -15"><span class='ocrx_word' id='word_1_40' title='bbox 87 551 129 591; x_wconf 88' lang='lat' dir='ltr'><strong>in</strong></span> <span class='ocrx_word' id='word_1_41' title='bbox 160 548 389 605; x_wconf 82' lang='lat' dir='ltr'>praesenti:</span> <span class='ocrx_word' id='word_1_42' title='bbox 423 548 674 598; x_wconf 84' lang='lat' dir='ltr'>„osculetur</span> <span class='ocrx_word' id='word_1_43' title='bbox 699 548 739 603; x_wconf 63' lang='grc'><strong>4)</strong></span> <span class='ocrx_word' id='word_1_44' title='bbox 770 565 837 588; x_wconf 88' lang='lat' dir='ltr'><strong>me</strong></span> <span class='ocrx_word' id='word_1_45' title='bbox 871 547 1017 588; x_wconf 90' lang='lat' dir='ltr'><strong>osculo</strong></span> <span class='ocrx_word' id='word_1_46' title='bbox 1051 546 1135 587; x_wconf 88' lang='lat' dir='ltr'><strong>oris</strong></span> <span class='ocrx_word' id='word_1_47' title='bbox 1166 546 1290 586; x_wconf 83' lang='lat' dir='ltr'><strong>sui:“</strong></span> <span class='ocrx_word' id='word_1_48' title='bbox 1330 565 1410 603; x_wconf 89' lang='lat' dir='ltr'><strong>pro</strong></span> <span class='ocrx_word' id='word_1_49' title='bbox 1443 566 1508 598; x_wconf 88' lang='lat' dir='ltr'><strong>eo,</strong></span> 
     </span>
     <span class='ocr_line' id='line_1_7' title="bbox 87 623 1506 683; baseline -0.001 -16"><span class='ocrx_word' id='word_1_50' title='bbox 87 627 201 683; x_wconf 88' lang='lat' dir='ltr'><strong>quod</strong></span> <span class='ocrx_word' id='word_1_51' title='bbox 243 637 321 666; x_wconf 87' lang='lat' dir='ltr'><strong>est:</strong></span> <span class='ocrx_word' id='word_1_52' title='bbox 365 625 526 666; x_wconf 79' lang='lat' dir='ltr'><strong>utinam</strong></span> <span class='ocrx_word' id='word_1_53' title='bbox 558 625 792 666; x_wconf 86' lang='lat' dir='ltr'><strong>osculetur!</strong></span> <span class='ocrx_word' id='word_1_54' title='bbox 853 624 1021 665; x_wconf 76' lang='lat' dir='ltr'><strong>Deinde</strong></span> <span class='ocrx_word' id='word_1_55' title='bbox 1054 623 1261 679; x_wconf 82' lang='lat' dir='ltr'>conspicit</span> <span class='ocrx_word' id='word_1_56' title='bbox 1290 640 1506 680; x_wconf 89' lang='lat' dir='ltr'><strong>sponsum.</strong></span> 
     </span>
     <span class='ocr_line' id='line_1_8' title="bbox 83 701 1509 757; baseline 0 -14"><span class='ocrx_word' id='word_1_57' title='bbox 83 702 209 743; x_wconf 84' lang='lat' dir='ltr'><strong>Venit</strong></span> <span class='ocrx_word' id='word_1_58' title='bbox 238 702 451 743; x_wconf 87' lang='lat' dir='ltr'><strong>delibutus</strong></span> <span class='ocrx_word' id='word_1_59' title='bbox 482 702 729 754; x_wconf 84' lang='lat' dir='ltr'><strong>unguentis:</strong></span> <span class='ocrx_word' id='word_1_60' title='bbox 771 717 847 742; x_wconf 88' lang='lat' dir='ltr'><strong>nec</strong></span> <span class='ocrx_word' id='word_1_61' title='bbox 879 701 1002 741; x_wconf 86' lang='lat' dir='ltr'><strong>aliter</strong></span> <span class='ocrx_word' id='word_1_62' title='bbox 1032 702 1084 741; x_wconf 84' lang='lat' dir='ltr'><strong>ad</strong></span> <span class='ocrx_word' id='word_1_63' title='bbox 1113 717 1311 756; x_wconf 81' lang='lat' dir='ltr'>sponsam</span> <span class='ocrx_word' id='word_1_64' title='bbox 1339 713 1509 757; x_wconf 82' lang='lat' dir='ltr'><strong>poterat</strong></span> 
     </span>
     <span class='ocr_line' id='line_1_9' title="bbox 86 778 1510 833; baseline -0.001 -13"><span class='ocrx_word' id='word_1_65' title='bbox 86 780 251 829; x_wconf 85' lang='lat' dir='ltr'><strong>venire,</strong></span> <span class='ocrx_word' id='word_1_66' title='bbox 281 796 358 820; x_wconf 86' lang='lat' dir='ltr'><strong>nec</strong></span> <span class='ocrx_word' id='word_1_67' title='bbox 390 780 564 819; x_wconf 82' lang='lat' dir='ltr'><strong>decebat</strong></span> <span class='ocrx_word' id='word_1_68' title='bbox 597 778 716 819; x_wconf 79' lang='lat' dir='ltr'><strong>aliter</strong></span> <span class='ocrx_word' id='word_1_69' title='bbox 744 790 908 833; x_wconf 82' lang='lat' dir='ltr'><strong>patrem</strong></span> <span class='ocrx_word' id='word_1_70' title='bbox 939 779 992 818; x_wconf 80' lang='lat' dir='ltr'><strong>ad</strong></span> <span class='ocrx_word' id='word_1_71' title='bbox 1019 779 1184 833; x_wconf 82' lang='lat' dir='ltr'>nuptias</span> <span class='ocrx_word' id='word_1_72' title='bbox 1214 778 1353 818; x_wconf 83' lang='lat' dir='ltr'><strong>filium</strong></span> <span class='ocrx_word' id='word_1_73' title='bbox 1384 779 1510 819; x_wconf 86' lang='lat' dir='ltr'><strong>desti-</strong></span> 
     </span>
     <span class='ocr_line' id='line_1_10' title="bbox 83 854 1508 906; baseline 0 -9"><span class='ocrx_word' id='word_1_74' title='bbox 83 873 194 897; x_wconf 79' lang='lat' dir='ltr'><strong>nare.</strong></span> <span class='ocrx_word' id='word_1_75' title='bbox 254 856 390 896; x_wconf 81' lang='lat' dir='ltr'><strong>Variis</strong></span> <span class='ocrx_word' id='word_1_76' title='bbox 422 872 519 896; x_wconf 90' lang='lat' dir='ltr'><strong>eum</strong></span> <span class='ocrx_word' id='word_1_77' title='bbox 548 855 666 895; x_wconf 80' lang='lat' dir='ltr'><strong>unxit</strong></span> <span class='ocrx_word' id='word_1_78' title='bbox 708 854 951 906; x_wconf 81' lang='lat' dir='ltr'><strong>unguentis,</strong></span> <span class='ocrx_word' id='word_1_79' title='bbox 989 855 1092 895; x_wconf 89' lang='lat' dir='ltr'><strong>fecit</strong></span> <span class='ocrx_word' id='word_1_80' title='bbox 1128 855 1252 895; x_wconf 87' lang='lat' dir='ltr'><strong>illum</strong></span> <span class='ocrx_word' id='word_1_81' title='bbox 1284 855 1508 897; x_wconf 78' lang='lat' dir='ltr'>Christum.</span> 
     </span>
     <span class='ocr_line' id='line_1_11' title="bbox 81 931 1508 988; baseline 0.001 -15"><span class='ocrx_word' id='word_1_82' title='bbox 81 932 207 973; x_wconf 82' lang='lat' dir='ltr'><strong>Venit</strong></span> <span class='ocrx_word' id='word_1_83' title='bbox 238 932 409 973; x_wconf 82' lang='lat' dir='ltr'><strong>diversis</strong></span> <span class='ocrx_word' id='word_1_84' title='bbox 441 932 643 972; x_wconf 86' lang='lat' dir='ltr'><strong>odoribus</strong></span> <span class='ocrx_word' id='word_1_85' title='bbox 674 931 860 987; x_wconf 78' lang='lat' dir='ltr'>spirans,</span> <span class='ocrx_word' id='word_1_86' title='bbox 902 944 942 972; x_wconf 88' lang='lat' dir='ltr'><strong>et</strong></span> <span class='ocrx_word' id='word_1_87' title='bbox 975 931 1110 972; x_wconf 86' lang='lat' dir='ltr'><strong>audit:</strong></span> <span class='ocrx_word' id='word_1_88' title='bbox 1151 932 1286 988; x_wconf 83' lang='lat' dir='ltr'><strong>„quia</strong></span> <span class='ocrx_word' id='word_1_89' title='bbox 1314 933 1355 987; x_wconf 83' lang='lat'>⁵)</span> <span class='ocrx_word' id='word_1_90' title='bbox 1394 935 1508 974; x_wconf 84' lang='lat' dir='ltr'><strong>bona</strong></span> 
     </span>
     <span class='ocr_line' id='line_1_12' title="bbox 83 1008 1507 1065; baseline 0.002 -16"><span class='ocrx_word' id='word_1_91' title='bbox 83 1011 212 1049; x_wconf 87' lang='lat' dir='ltr'><strong>ubera</strong></span> <span class='ocrx_word' id='word_1_92' title='bbox 242 1021 314 1049; x_wconf 83' lang='lat' dir='ltr'><strong>tua</strong></span> <span class='ocrx_word' id='word_1_93' title='bbox 342 1025 469 1064; x_wconf 88' lang='lat' dir='ltr'><strong>super</strong></span> <span class='ocrx_word' id='word_1_94' title='bbox 499 1008 686 1051; x_wconf 74' lang='lat' dir='ltr'><strong>vinum.“</strong></span> <span class='ocrx_word' id='word_1_95' title='bbox 735 1009 929 1062; x_wconf 86' lang='lat' dir='ltr'><strong>Congrue</strong></span> <span class='ocrx_word' id='word_1_96' title='bbox 961 1025 1099 1050; x_wconf 85' lang='lat' dir='ltr'><strong>sermo</strong></span> <span class='ocrx_word' id='word_1_97' title='bbox 1118 1009 1159 1065; x_wconf 76' lang='grc'><strong>6)</strong></span> <span class='ocrx_word' id='word_1_98' title='bbox 1192 1010 1356 1051; x_wconf 82' lang='lat' dir='ltr'><strong>divinus</strong></span> <span class='ocrx_word' id='word_1_99' title='bbox 1378 1028 1507 1052; x_wconf 88' lang='lat' dir='ltr'><strong>unam</strong></span> 
     </span>
     <span class='ocr_line' id='line_1_13' title="bbox 83 1086 1508 1142; baseline 0.003 -16"><span class='ocrx_word' id='word_1_100' title='bbox 83 1087 341 1142; x_wconf 81' lang='lat' dir='ltr'><strong>eandemque</strong></span> <span class='ocrx_word' id='word_1_101' title='bbox 382 1091 486 1127; x_wconf 83' lang='lat' dir='ltr'><strong>rem‘</strong></span> <span class='ocrx_word' id='word_1_102' title='bbox 514 1102 595 1141; x_wconf 87' lang='lat' dir='ltr'><strong>pro</strong></span> <span class='ocrx_word' id='word_1_103' title='bbox 627 1087 822 1126; x_wconf 86' lang='lat' dir='ltr'><strong>locorum</strong></span> <span class='ocrx_word' id='word_1_104' title='bbox 858 1086 1056 1142; x_wconf 80' lang='lat' dir='ltr'><strong>qualitate</strong></span> <span class='ocrx_word' id='word_1_105' title='bbox 1088 1087 1261 1128; x_wconf 86' lang='lat' dir='ltr'><strong>diversis</strong></span> <span class='ocrx_word' id='word_1_106' title='bbox 1291 1089 1508 1130; x_wconf 79' lang='lat' dir='ltr'><strong>vocabulis</strong></span> 
     </span>
     <span class='ocr_line' id='line_1_14' title="bbox 82 1162 1507 1218; baseline 0.003 -15"><span class='ocrx_word' id='word_1_107' title='bbox 82 1174 309 1218; x_wconf 87' lang='lat' dir='ltr'><strong>nuncupat.</strong></span> <span class='ocrx_word' id='word_1_108' title='bbox 386 1162 569 1216; x_wconf 78' lang='lat' dir='ltr'><strong>Quando</strong></span> <span class='ocrx_word' id='word_1_109' title='bbox 608 1163 745 1204; x_wconf 85' lang='lat' dir='ltr'><strong>hostia</strong></span> <span class='ocrx_word' id='word_1_110' title='bbox 784 1164 966 1203; x_wconf 83' lang='lat' dir='ltr'><strong>offertur</strong></span> <span class='ocrx_word' id='word_1_111' title='bbox 1002 1163 1044 1203; x_wconf 86' lang='lat' dir='ltr'><strong>in</strong></span> <span class='ocrx_word' id='word_1_112' title='bbox 1081 1163 1197 1216; x_wconf 84' lang='lat' dir='ltr'><strong>lege,</strong></span> <span class='ocrx_word' id='word_1_113' title='bbox 1238 1176 1279 1205; x_wconf 89' lang='lat' dir='ltr'><strong>et</strong></span> <span class='ocrx_word' id='word_1_114' title='bbox 1316 1166 1507 1207; x_wconf 76' lang='lat' dir='ltr'><strong>vultin-</strong></span> 
     </span>
     <span class='ocr_line' id='line_1_15' title="bbox 84 1239 1504 1301; baseline 0.004 -22"><span class='ocrx_word' id='word_1_115' title='bbox 84 1239 304 1280; x_wconf 79' lang='lat' dir='ltr'><strong>tellectum</strong></span> <span class='ocrx_word' id='word_1_116' title='bbox 346 1240 591 1289; x_wconf 83' lang='lat' dir='ltr'><strong>ostendere,</strong></span> <span class='ocrx_word' id='word_1_117' title='bbox 633 1241 928 1295; x_wconf 86' lang='lat' dir='ltr'><strong>pectusculum</strong></span> <span class='ocrx_word' id='word_1_118' title='bbox 965 1240 1238 1296; x_wconf 83' lang='lat' dir='ltr'><strong>separationis</strong></span> <span class='ocrx_word' id='word_1_119' title='bbox 1267 1242 1421 1283; x_wconf 83' lang='lat' dir='ltr'><strong>affatur</strong></span> <span class='ocrx_word' id='word_1_120' title='bbox 1449 1244 1504 1301; x_wconf 86' lang='lat'>⁷).</span> 
     </span>
     <span class='ocr_line' id='line_1_16' title="bbox 85 1315 1504 1377; baseline 0.004 -21"><span class='ocrx_word' id='word_1_121' title='bbox 85 1315 268 1369; x_wconf 83' lang='lat' dir='ltr'><strong>Quando</strong></span> <span class='ocrx_word' id='word_1_122' title='bbox 297 1333 397 1357; x_wconf 86' lang='lat' dir='ltr'><strong>vero</strong></span> <span class='ocrx_word' id='word_1_123' title='bbox 429 1316 639 1357; x_wconf 77' lang='lat' dir='ltr'><strong>recumbit</strong></span> <span class='ocrx_word' id='word_1_124' title='bbox 668 1315 819 1372; x_wconf 84' lang='lat' dir='ltr'><strong>aliquis</strong></span> <span class='ocrx_word' id='word_1_125' title='bbox 851 1333 947 1356; x_wconf 92' lang='lat' dir='ltr'><strong>cum</strong></span> <span class='ocrx_word' id='word_1_126' title='bbox 968 1317 1082 1366; x_wconf 86' lang='lat' dir='ltr'><strong>Jesu‚</strong></span> <span class='ocrx_word' id='word_1_127' title='bbox 1116 1328 1157 1357; x_wconf 91' lang='lat' dir='ltr'><strong>et</strong></span> <span class='ocrx_word' id='word_1_128' title='bbox 1186 1334 1385 1359; x_wconf 86' lang='lat' dir='ltr'><strong>sensuum</strong></span> <span class='ocrx_word' id='word_1_129' title='bbox 1415 1319 1504 1377; x_wconf 88' lang='lat' dir='ltr'><strong>ejus</strong></span> 
     </span>
     <span class='ocr_line' id='line_1_17' title="bbox 82 1392 1506 1451; baseline 0.004 -19"><span class='ocrx_word' id='word_1_130' title='bbox 82 1392 381 1432; x_wconf 88' lang='lat' dir='ltr'><strong>communione</strong></span> <span class='ocrx_word' id='word_1_131' title='bbox 415 1392 670 1448; x_wconf 86' lang='lat' dir='ltr'><strong>perfruitur,</strong></span> <span class='ocrx_word' id='word_1_132' title='bbox 710 1409 797 1433; x_wconf 92' lang='lat' dir='ltr'><strong>non</strong></span> <span class='ocrx_word' id='word_1_133' title='bbox 827 1393 1142 1447; x_wconf 86' lang='lat' dir='ltr'><strong>pectusculum,</strong></span> <span class='ocrx_word' id='word_1_134' title='bbox 1177 1406 1224 1435; x_wconf 88' lang='lat' dir='ltr'><strong>ut</strong></span> <span class='ocrx_word' id='word_1_135' title='bbox 1253 1411 1401 1451; x_wconf 79' lang='lat' dir='ltr'><strong>supra,</strong></span> <span class='ocrx_word' id='word_1_136' title='bbox 1432 1399 1506 1438; x_wconf 89' lang='lat' dir='ltr'><strong>sed</strong></span> 
     </span>
     <span class='ocr_line' id='line_1_18' title="bbox 81 1468 1509 1530; baseline 0.004 -21"><span class='ocrx_word' id='word_1_137' title='bbox 81 1481 226 1524; x_wconf 85' lang='lat' dir='ltr'><strong>pectus</strong></span> <span class='ocrx_word' id='word_1_138' title='bbox 263 1468 568 1525; x_wconf 62' lang='lat' dir='ltr'><strong>alloquiturss).</strong></span> <span class='ocrx_word' id='word_1_139' title='bbox 614 1470 751 1510; x_wconf 87' lang='lat' dir='ltr'><strong>Porro</strong></span> <span class='ocrx_word' id='word_1_140' title='bbox 779 1485 874 1510; x_wconf 91' lang='lat' dir='ltr'><strong>cum</strong></span> <span class='ocrx_word' id='word_1_141' title='bbox 896 1485 1050 1524; x_wconf 84' lang='lat' dir='ltr'><strong>sponsa</strong></span> <span class='ocrx_word' id='word_1_142' title='bbox 1080 1470 1271 1526; x_wconf 89' lang='lat' dir='ltr'><strong>loquitur</strong></span> <span class='ocrx_word' id='word_1_143' title='bbox 1300 1474 1352 1514; x_wconf 83' lang='lat' dir='ltr'><strong>ad</strong></span> <span class='ocrx_word' id='word_1_144' title='bbox 1381 1491 1509 1530; x_wconf 90' lang='lat' dir='ltr'><strong>spon-</strong></span> 
     </span>
     <span class='ocr_line' id='line_1_19' title="bbox 81 1545 1508 1604; baseline 0.005 -19"><span class='ocrx_word' id='word_1_145' title='bbox 81 1562 194 1595; x_wconf 89' lang='lat' dir='ltr'><strong>sum,</strong></span> <span class='ocrx_word' id='word_1_146' title='bbox 236 1545 332 1601; x_wconf 86' lang='lat' dir='ltr'><strong>quia</strong></span> <span class='ocrx_word' id='word_1_147' title='bbox 371 1545 561 1601; x_wconf 83' lang='lat' dir='ltr'><strong>nuptiale</strong></span> <span class='ocrx_word' id='word_1_148' title='bbox 603 1563 770 1587; x_wconf 80' lang='lat' dir='ltr'><strong>carmen</strong></span> <span class='ocrx_word' id='word_1_149' title='bbox 809 1546 1043 1596; x_wconf 85' lang='lat' dir='ltr'><strong>inducitur,</strong></span> <span class='ocrx_word' id='word_1_150' title='bbox 1083 1564 1170 1588; x_wconf 91' lang='lat' dir='ltr'><strong>non</strong></span> <span class='ocrx_word' id='word_1_151' title='bbox 1200 1552 1508 1604; x_wconf 90' lang='lat' dir='ltr'><strong>pectusculum,</strong></span> 
     </span>
     <span class='ocr_line' id='line_1_20' title="bbox 81 1622 1507 1684; baseline 0.004 -22"><span class='ocrx_word' id='word_1_152' title='bbox 81 1635 127 1663; x_wconf 90' lang='lat' dir='ltr'><strong>ut</strong></span> <span class='ocrx_word' id='word_1_153' title='bbox 156 1623 200 1663; x_wconf 90' lang='lat' dir='ltr'><strong>in</strong></span> <span class='ocrx_word' id='word_1_154' title='bbox 232 1623 454 1672; x_wconf 81' lang='lat' dir='ltr'><strong>sacrificio,</strong></span> <span class='ocrx_word' id='word_1_155' title='bbox 484 1639 570 1663; x_wconf 90' lang='lat' dir='ltr'><strong>non</strong></span> <span class='ocrx_word' id='word_1_156' title='bbox 602 1635 763 1678; x_wconf 87' lang='lat' dir='ltr'><strong>pectus,</strong></span> <span class='ocrx_word' id='word_1_157' title='bbox 793 1634 840 1662; x_wconf 86' lang='lat' dir='ltr'><strong>ut</strong></span> <span class='ocrx_word' id='word_1_158' title='bbox 870 1622 914 1662; x_wconf 87' lang='lat' dir='ltr'><strong>in</strong></span> <span class='ocrx_word' id='word_1_159' title='bbox 931 1623 1094 1664; x_wconf 82' lang='lat' dir='ltr'><strong>Joanne</strong></span> <span class='ocrx_word' id='word_1_160' title='bbox 1120 1625 1344 1680; x_wconf 79' lang='lat' dir='ltr'><strong>discipule,</strong></span> <span class='ocrx_word' id='word_1_161' title='bbox 1376 1629 1449 1668; x_wconf 88' lang='lat' dir='ltr'><strong>sed</strong></span> <span class='ocrx_word' id='word_1_162' title='bbox 1466 1628 1507 1684; x_wconf 84' lang='lat'>⁹)</span> 
     </span>
     <span class='ocr_line' id='line_1_21' title="bbox 79 1698 1505 1759; baseline 0.003 -19"><span class='ocrx_word' id='word_1_163' title='bbox 79 1701 210 1740; x_wconf 79' lang='lat' dir='ltr'><strong>ubera</strong></span> <span class='ocrx_word' id='word_1_164' title='bbox 238 1699 452 1748; x_wconf 84' lang='lat' dir='ltr'><strong>nominat,</strong></span> <span class='ocrx_word' id='word_1_165' title='bbox 493 1699 657 1739; x_wconf 86' lang='lat' dir='ltr'><strong>dicens:</strong></span> <span class='ocrx_word' id='word_1_166' title='bbox 697 1698 832 1754; x_wconf 80' lang='lat' dir='ltr'><strong>„quia</strong></span> <span class='ocrx_word' id='word_1_167' title='bbox 856 1698 924 1753; x_wconf 83' lang='lat'>¹⁰)</span> <span class='ocrx_word' id='word_1_168' title='bbox 961 1700 1073 1740; x_wconf 81' lang='lat' dir='ltr'><strong>bona</strong></span> <span class='ocrx_word' id='word_1_169' title='bbox 1110 1701 1241 1741; x_wconf 81' lang='lat' dir='ltr'><strong>ubera</strong></span> <span class='ocrx_word' id='word_1_170' title='bbox 1279 1714 1350 1743; x_wconf 83' lang='lat' dir='ltr'><strong>tua</strong></span> <span class='ocrx_word' id='word_1_171' title='bbox 1378 1720 1505 1759; x_wconf 89' lang='lat' dir='ltr'><strong>super</strong></span> 
     </span>
     <span class='ocr_line' id='line_1_22' title="bbox 81 1774 1507 1834; baseline 0.005 -19"><span class='ocrx_word' id='word_1_172' title='bbox 81 1774 268 1817; x_wconf 68' lang='lat' dir='ltr'><strong>vinum]“</strong></span> <span class='ocrx_word' id='word_1_173' title='bbox 328 1775 607 1817; x_wconf 80' lang='lat' dir='ltr'><strong>Communica</strong></span> <span class='ocrx_word' id='word_1_174' title='bbox 645 1787 693 1815; x_wconf 90' lang='lat' dir='ltr'><strong>ut</strong></span> <span class='ocrx_word' id='word_1_175' title='bbox 730 1791 881 1831; x_wconf 88' lang='lat' dir='ltr'><strong>sponsa</strong></span> <span class='ocrx_word' id='word_1_176' title='bbox 920 1792 1016 1816; x_wconf 92' lang='lat' dir='ltr'><strong>cum</strong></span> <span class='ocrx_word' id='word_1_177' title='bbox 1045 1777 1231 1818; x_wconf 86' lang='lat' dir='ltr'><strong>sensibus</strong></span> <span class='ocrx_word' id='word_1_178' title='bbox 1261 1780 1427 1834; x_wconf 87' lang='lat' dir='ltr'><strong>sponsi,</strong></span> <span class='ocrx_word' id='word_1_179' title='bbox 1466 1794 1507 1823; x_wconf 88' lang='lat' dir='ltr'><strong>et</strong></span> 
     </span>
     <span class='ocr_line' id='line_1_23' title="bbox 82 1840 1506 1909; baseline 0.005 -17"><span class='ocrx_word' id='word_1_180' title='bbox 82 1840 198 1901; x_wconf 81' lang='lat' dir='ltr'><strong>scias,</strong></span> <span class='ocrx_word' id='word_1_181' title='bbox 231 1852 328 1908; x_wconf 82' lang='lat' dir='ltr'><strong>quia</strong></span> <span class='ocrx_word' id='word_1_182' title='bbox 358 1852 579 1903; x_wconf 76' lang='lat' dir='ltr'><strong>inebriant,</strong></span> <span class='ocrx_word' id='word_1_183' title='bbox 610 1865 734 1909; x_wconf 87' lang='lat' dir='ltr'><strong>atque</strong></span> <span class='ocrx_word' id='word_1_184' title='bbox 766 1852 993 1894; x_wconf 80' lang='lat' dir='ltr'><strong>laetificant</strong></span> <span class='ocrx_word' id='word_1_185' title='bbox 1022 1853 1260 1896; x_wconf 86' lang='lat' dir='ltr'><strong>istiusmodi</strong></span> <span class='ocrx_word' id='word_1_186' title='bbox 1291 1857 1506 1909; x_wconf 81' lang='lat' dir='ltr'><strong>cogitatus.</strong></span> 
     </span>
     <span class='ocr_line' id='line_1_24' title="bbox 86 1929 1508 1989; baseline 0.005 -21"><span class='ocrx_word' id='word_1_187' title='bbox 86 1929 322 1982; x_wconf 82' lang='lat' dir='ltr'><strong>Quomodo</strong></span> <span class='ocrx_word' id='word_1_188' title='bbox 367 1941 507 1969; x_wconf 87' lang='lat' dir='ltr'><strong>autem</strong></span> <span class='ocrx_word' id='word_1_189' title='bbox 547 1929 652 1970; x_wconf 81' lang='lat' dir='ltr'><strong>calix</strong></span> <span class='ocrx_word' id='word_1_190' title='bbox 687 1929 868 1970; x_wconf 84' lang='lat' dir='ltr'><strong>Domini</strong></span> <span class='ocrx_word' id='word_1_191' title='bbox 904 1929 1112 1972; x_wconf 82' lang='lat' dir='ltr'><strong>inebrians</strong></span> <span class='ocrx_word' id='word_1_192' title='bbox 1152 1949 1276 1987; x_wconf 85' lang='lat' dir='ltr'><strong>quam</strong></span> <span class='ocrx_word' id='word_1_193' title='bbox 1322 1934 1508 1989; x_wconf 86' lang='lat' dir='ltr'><strong>optimus</strong></span> 
     </span>
     <span class='ocr_line' id='line_1_25' title="bbox 86 2006 1509 2066; baseline 0.005 -20"><span class='ocrx_word' id='word_1_194' title='bbox 86 2018 160 2056; x_wconf 87' lang='lat' dir='ltr'><strong>est,</strong></span> <span class='ocrx_word' id='word_1_195' title='bbox 191 2006 250 2047; x_wconf 88' lang='lat' dir='ltr'><strong>sic</strong></span> <span class='ocrx_word' id='word_1_196' title='bbox 281 2008 411 2047; x_wconf 79' lang='lat' dir='ltr'><strong>ubera</strong></span> <span class='ocrx_word' id='word_1_197' title='bbox 441 2006 585 2063; x_wconf 89' lang='lat' dir='ltr'><strong>sponsi</strong></span> <span class='ocrx_word' id='word_1_198' title='bbox 619 2006 734 2047; x_wconf 89' lang='lat' dir='ltr'><strong>omni</strong></span> <span class='ocrx_word' id='word_1_199' title='bbox 764 2007 944 2048; x_wconf 85' lang='lat' dir='ltr'><strong>meliora</strong></span> <span class='ocrx_word' id='word_1_200' title='bbox 974 2020 1070 2049; x_wconf 91' lang='lat' dir='ltr'><strong>sunt</strong></span> <span class='ocrx_word' id='word_1_201' title='bbox 1099 2009 1210 2059; x_wconf 76' lang='lat' dir='ltr'><strong>vino,</strong></span> <span class='ocrx_word' id='word_1_202' title='bbox 1242 2010 1340 2066; x_wconf 80' lang='lat' dir='ltr'><strong>quia</strong></span> <span class='ocrx_word' id='word_1_203' title='bbox 1368 2013 1509 2061; x_wconf 84' lang='lat' dir='ltr'><strong>„bona</strong></span> 
     </span>
     <span class='ocr_line' id='line_1_26' title="bbox 83 2084 1508 2144; baseline 0.004 -20"><span class='ocrx_word' id='word_1_204' title='bbox 83 2085 212 2125; x_wconf 79' lang='lat' dir='ltr'><strong>ubera</strong></span> <span class='ocrx_word' id='word_1_205' title='bbox 242 2095 312 2124; x_wconf 86' lang='lat' dir='ltr'><strong>tua</strong></span> <span class='ocrx_word' id='word_1_206' title='bbox 343 2100 471 2140; x_wconf 87' lang='lat' dir='ltr'><strong>super</strong></span> <span class='ocrx_word' id='word_1_207' title='bbox 501 2084 689 2144; x_wconf 61' lang='lat' dir='ltr'><strong>vinumf}</strong></span> <span class='ocrx_word' id='word_1_208' title='bbox 739 2085 788 2125; x_wconf 90' lang='lat' dir='ltr'><strong>In</strong></span> <span class='ocrx_word' id='word_1_209' title='bbox 819 2085 968 2125; x_wconf 87' lang='lat' dir='ltr'><strong>mediis</strong></span> <span class='ocrx_word' id='word_1_210' title='bbox 997 2085 1194 2141; x_wconf 89' lang='lat' dir='ltr'><strong>precibus</strong></span> <span class='ocrx_word' id='word_1_211' title='bbox 1223 2088 1276 2127; x_wconf 83' lang='lat' dir='ltr'><strong>ad</strong></span> <span class='ocrx_word' id='word_1_212' title='bbox 1305 2105 1508 2143; x_wconf 88' lang='lat' dir='ltr'><strong>sponsum</strong></span> 
     </span>
    </p>
   </div>
   <div class='ocr_carea' id='block_1_3' title="bbox 85 2161 1509 2215">
    <p class='ocr_par' dir='ltr' id='par_1_3' title="bbox 85 2161 1509 2215">
     <span class='ocr_line' id='line_1_27' title="bbox 85 2161 1509 2215; baseline 0.004 -15"><span class='ocrx_word' id='word_1_213' title='bbox 85 2162 210 2202; x_wconf 80' lang='lat' dir='ltr'><strong>verba</strong></span> <span class='ocrx_word' id='word_1_214' title='bbox 240 2161 460 2201; x_wconf 77' lang='lat' dir='ltr'><strong>convertit.</strong></span> <span class='ocrx_word' id='word_1_215' title='bbox 521 2161 611 2210; x_wconf 85' lang='lat' dir='ltr'><strong>„Et</strong></span> <span class='ocrx_word' id='word_1_216' title='bbox 641 2161 708 2215; x_wconf 85' lang='lat'><strong>1¹)</strong></span> <span class='ocrx_word' id='word_1_217' title='bbox 750 2162 860 2201; x_wconf 86' lang='lat' dir='ltr'><strong>odor</strong></span> <span class='ocrx_word' id='word_1_218' title='bbox 899 2174 1211 2213; x_wconf 85' lang='lat' dir='ltr'><strong>unguentorum</strong></span> <span class='ocrx_word' id='word_1_219' title='bbox 1240 2175 1412 2205; x_wconf 89' lang='lat' dir='ltr'><strong>tuorum</strong></span> <span class='ocrx_word' id='word_1_220' title='bbox 1442 2182 1509 2206; x_wconf 91' lang='lat' dir='ltr'><strong>su-</strong></span> 
     </span>
    </p>
   </div>
   <div class='ocr_carea' id='block_1_4' title="bbox 199 2370 1503 2779">
    <p class='ocr_par' dir='ltr' id='par_1_4' title="bbox 202 2370 1091 2425">
     <span class='ocr_line' id='line_1_28' title="bbox 202 2370 1091 2425; baseline 0 -14"><span class='ocrx_word' id='word_1_221' title='bbox 202 2370 240 2425; x_wconf 93' lang='lat'>¹)</span> <span class='ocrx_word' id='word_1_222' title='bbox 275 2370 433 2411; x_wconf 83' lang='lat' dir='ltr'><strong>Cantic.</strong></span> <span class='ocrx_word' id='word_1_223' title='bbox 469 2371 504 2420; x_wconf 92' lang='lat' dir='ltr'><strong>I,</strong></span> <span class='ocrx_word' id='word_1_224' title='bbox 533 2370 570 2413; x_wconf 84' lang='lat'><strong>2.</strong></span> <span class='ocrx_word' id='word_1_225' title='bbox 692 2371 734 2425; x_wconf 87' lang='lat'><strong>²)</strong></span> <span class='ocrx_word' id='word_1_226' title='bbox 765 2372 915 2412; x_wconf 74' lang='lat' dir='ltr'><strong>Matth.</strong></span> <span class='ocrx_word' id='word_1_227' title='bbox 948 2373 1022 2422; x_wconf 89' lang='lat' dir='ltr'><strong>VI,</strong></span> <span class='ocrx_word' id='word_1_228' title='bbox 1053 2373 1091 2415; x_wconf 78' lang='grc'><strong>9.</strong></span> 
     </span>
    </p>

    <p class='ocr_par' dir='ltr' id='par_1_5' title="bbox 199 2440 1024 2493">
     <span class='ocr_line' id='line_1_29' title="bbox 199 2440 1024 2493; baseline 0.005 -14"><span class='ocrx_word' id='word_1_229' title='bbox 199 2440 242 2493; x_wconf 84' lang='grc'><strong>3)</strong></span> <span class='ocrx_word' id='word_1_230' title='bbox 273 2440 383 2480; x_wconf 87' lang='lat' dir='ltr'><strong>Edd.</strong></span> <span class='ocrx_word' id='word_1_231' title='bbox 412 2440 608 2480; x_wconf 83' lang='lat' dir='ltr'><strong>Merlini:</strong></span> <span class='ocrx_word' id='word_1_232' title='bbox 639 2457 750 2481; x_wconf 91' lang='lat' dir='ltr'><strong>nunc</strong></span> <span class='ocrx_word' id='word_1_233' title='bbox 782 2454 842 2482; x_wconf 89' lang='lat' dir='ltr'><strong>est</strong></span> <span class='ocrx_word' id='word_1_234' title='bbox 871 2442 913 2482; x_wconf 89' lang='lat' dir='ltr'><strong>in</strong></span> <span class='ocrx_word' id='word_1_235' title='bbox 947 2454 1024 2483; x_wconf 82' lang='lat' dir='ltr'><strong>etc.</strong></span> 
     </span>
    </p>

    <p class='ocr_par' dir='ltr' id='par_1_6' title="bbox 200 2508 1063 2565">
     <span class='ocr_line' id='line_1_30' title="bbox 200 2508 1063 2565; baseline 0.003 -16"><span class='ocrx_word' id='word_1_236' title='bbox 200 2511 242 2565; x_wconf 68' lang='grc'><strong>4)</strong></span> <span class='ocrx_word' id='word_1_237' title='bbox 277 2509 434 2550; x_wconf 83' lang='lat' dir='ltr'><strong>Cantic.</strong></span> <span class='ocrx_word' id='word_1_238' title='bbox 466 2510 500 2559; x_wconf 89' lang='lat' dir='ltr'><strong>I,</strong></span> <span class='ocrx_word' id='word_1_239' title='bbox 529 2508 568 2550; x_wconf 85' lang='lat'><strong>2.</strong></span> <span class='ocrx_word' id='word_1_240' title='bbox 691 2510 735 2564; x_wconf 84' lang='lat'>⁵)</span> <span class='ocrx_word' id='word_1_241' title='bbox 770 2512 928 2553; x_wconf 83' lang='lat' dir='ltr'><strong>Cantic.</strong></span> <span class='ocrx_word' id='word_1_242' title='bbox 960 2514 994 2561; x_wconf 85' lang='grc' dir='ltr'><strong>Ῑ,</strong></span> <span class='ocrx_word' id='word_1_243' title='bbox 1025 2513 1063 2555; x_wconf 79' lang='grc'><strong>2.</strong></span> 
     </span>
    </p>

    <p class='ocr_par' dir='ltr' id='par_1_7' title="bbox 203 2577 1318 2636">
     <span class='ocr_line' id='line_1_31' title="bbox 203 2577 1318 2636; baseline 0.004 -17"><span class='ocrx_word' id='word_1_244' title='bbox 203 2581 244 2636; x_wconf 76' lang='lat'><strong>6)</strong></span> <span class='ocrx_word' id='word_1_245' title='bbox 276 2580 385 2619; x_wconf 85' lang='lat' dir='ltr'><strong>Edd.</strong></span> <span class='ocrx_word' id='word_1_246' title='bbox 417 2577 613 2619; x_wconf 86' lang='lat' dir='ltr'><strong>Merlini:</strong></span> <span class='ocrx_word' id='word_1_247' title='bbox 646 2595 783 2621; x_wconf 88' lang='lat' dir='ltr'><strong>sermo</strong></span> <span class='ocrx_word' id='word_1_248' title='bbox 816 2583 979 2623; x_wconf 86' lang='lat' dir='ltr'><strong>divinus</strong></span> <span class='ocrx_word' id='word_1_249' title='bbox 1012 2584 1187 2624; x_wconf 80' lang='lat' dir='ltr'><strong>eandem</strong></span> <span class='ocrx_word' id='word_1_250' title='bbox 1216 2599 1318 2624; x_wconf 84' lang='lat' dir='ltr'><strong>rem.</strong></span> 
     </span>
    </p>

    <p class='ocr_par' dir='ltr' id='par_1_8' title="bbox 199 2648 1503 2779">
     <span class='ocr_line' id='line_1_32' title="bbox 200 2648 1502 2703; baseline 0.005 -15"><span class='ocrx_word' id='word_1_251' title='bbox 200 2650 241 2702; x_wconf 63' lang='grc' dir='ltr'><strong>Ἰ)</strong></span> <span class='ocrx_word' id='word_1_252' title='bbox 274 2649 411 2691; x_wconf 81' lang='lat' dir='ltr'><strong>Codd.</strong></span> <span class='ocrx_word' id='word_1_253' title='bbox 444 2648 775 2691; x_wconf 76' lang='lat' dir='ltr'><strong>Selihcurtianus</strong></span> <span class='ocrx_word' id='word_1_254' title='bbox 806 2665 847 2693; x_wconf 87' lang='lat' dir='ltr'><strong>et</strong></span> <span class='ocrx_word' id='word_1_255' title='bbox 874 2653 1126 2694; x_wconf 86' lang='lat' dir='ltr'><strong>Beccensis:</strong></span> <span class='ocrx_word' id='word_1_256' title='bbox 1160 2653 1410 2703; x_wconf 79' lang='lat' dir='ltr'><strong>„offertur.“</strong></span> <span class='ocrx_word' id='word_1_257' title='bbox 1453 2655 1502 2695; x_wconf 83' lang='lat' dir='ltr'><strong>R.</strong></span> 
     </span>
     <span class='ocr_line' id='line_1_33' title="bbox 199 2718 1503 2779; baseline 0.003 -19"><span class='ocrx_word' id='word_1_258' title='bbox 199 2719 242 2775; x_wconf 89' lang='grc'><strong>8)</strong></span> <span class='ocrx_word' id='word_1_259' title='bbox 275 2719 412 2760; x_wconf 90' lang='lat' dir='ltr'><strong>Codd.</strong></span> <span class='ocrx_word' id='word_1_260' title='bbox 440 2718 772 2760; x_wconf 81' lang='lat' dir='ltr'><strong>selincurtianus</strong></span> <span class='ocrx_word' id='word_1_261' title='bbox 803 2733 844 2762; x_wconf 89' lang='lat' dir='ltr'><strong>et</strong></span> <span class='ocrx_word' id='word_1_262' title='bbox 860 2721 1109 2763; x_wconf 87' lang='lat' dir='ltr'><strong>Beccensis:</strong></span> <span class='ocrx_word' id='word_1_263' title='bbox 1141 2723 1423 2779; x_wconf 82' lang='lat' dir='ltr'><strong>„eloquitur.“</strong></span> <span class='ocrx_word' id='word_1_264' title='bbox 1455 2724 1503 2763; x_wconf 91' lang='lat' dir='ltr'><strong>R.</strong></span> 
     </span>
    </p>
   </div>
   <div class='ocr_carea' id='block_1_5' title="bbox 179 2787 1114 2915">
    <p class='ocr_par' dir='ltr' id='par_1_9' title="bbox 179 2787 1114 2915">
     <span class='ocr_line' id='line_1_34' title="bbox 201 2787 1114 2845; baseline 0.007 -17"><span class='ocrx_word' id='word_1_265' title='bbox 201 2790 242 2845; x_wconf 81' lang='grc'><strong>9)</strong></span> <span class='ocrx_word' id='word_1_266' title='bbox 278 2790 358 2831; x_wconf 78' lang='lat' dir='ltr'><strong>Ed.</strong></span> <span class='ocrx_word' id='word_1_267' title='bbox 389 2787 524 2830; x_wconf 80' lang='lat' dir='ltr'><strong>Ruaei</strong></span> <span class='ocrx_word' id='word_1_268' title='bbox 555 2788 666 2830; x_wconf 81' lang='lat' dir='ltr'><strong>sola:</strong></span> <span class='ocrx_word' id='word_1_269' title='bbox 697 2790 772 2831; x_wconf 85' lang='lat' dir='ltr'><strong>sed</strong></span> <span class='ocrx_word' id='word_1_270' title='bbox 800 2802 848 2831; x_wconf 85' lang='lat' dir='ltr'><strong>ut</strong></span> <span class='ocrx_word' id='word_1_271' title='bbox 875 2792 1006 2833; x_wconf 82' lang='lat' dir='ltr'><strong>ubera</strong></span> <span class='ocrx_word' id='word_1_272' title='bbox 1037 2805 1114 2834; x_wconf 85' lang='lat' dir='ltr'><strong>etc.</strong></span> 
     </span>
     <span class='ocr_line' id='line_1_35' title="bbox 179 2857 1090 2915; baseline 0.004 -15"><span class='ocrx_word' id='word_1_273' title='bbox 179 2860 249 2914; x_wconf 87' lang='lat'>¹⁰)</span> <span class='ocrx_word' id='word_1_274' title='bbox 280 2859 438 2901; x_wconf 83' lang='lat' dir='ltr'><strong>Cantic.</strong></span> <span class='ocrx_word' id='word_1_275' title='bbox 471 2859 505 2908; x_wconf 93' lang='lat' dir='ltr'><strong>I,</strong></span> <span class='ocrx_word' id='word_1_276' title='bbox 535 2857 574 2901; x_wconf 86' lang='lat'><strong>2.</strong></span> <span class='ocrx_word' id='word_1_277' title='bbox 697 2859 766 2915; x_wconf 89' lang='lat'>¹¹)</span> <span class='ocrx_word' id='word_1_278' title='bbox 798 2860 957 2903; x_wconf 82' lang='lat' dir='ltr'><strong>Camic.</strong></span> <span class='ocrx_word' id='word_1_279' title='bbox 988 2863 1022 2912; x_wconf 92' lang='lat' dir='ltr'><strong>I,</strong></span> <span class='ocrx_word' id='word_1_280' title='bbox 1052 2862 1090 2906; x_wconf 88' lang='lat'><strong>3.</strong></span> 
     </span>
    </p>
   </div>
   <div class='ocr_carea' id='block_1_6' title="bbox 1087 2938 1178 2982">
    <p class='ocr_par' dir='ltr' id='par_1_10' title="bbox 1087 2938 1178 2982">
     <span class='ocr_line' id='line_1_36' title="bbox 1087 2938 1178 2982; baseline -0.011 0"><span class='ocrx_word' id='word_1_281' title='bbox 1087 2938 1178 2982; x_wconf 75' lang='lat'><strong>16*</strong></span> 
     </span>
    </p>
   </div>
  </div>
 </body>
</html>
