1759 3134
606 170 805 211 nomm
833 169 952 209 XIII.
1412 171 1492 217 163

67 293 230 324 tantum
267 283 438 335 agitatus
481 292 541 322 est
578 280 696 322 furiis
726 295 846 320 verus
879 291 920 319 et
950 295 1180 335 corporeus
1211 281 1397 333 Pharao,
1437 296 1483 325 ut

69 361 250 402 diceret:
281 374 410 410 „mea
435 358 474 413 ¹)
506 369 601 399 sunt
630 356 814 406 flumina,
846 367 887 397 et
918 372 994 408 ego
1026 357 1107 397 feci
1139 365 1227 400 ea.“
1285 359 1381 400 Hoc
1412 376 1484 401 au-

69 450 155 478 tem
192 448 286 477 ante
325 436 482 475 lectum
521 446 582 476 est
620 434 661 474 in
700 433 948 489 prophetia,
987 449 1092 488 quae
1131 445 1192 474 est
1222 436 1416 478 adversus
1438 436 1482 492 ²)

69 515 342 555 Pharaonem.
389 513 537 567 Neque
566 526 750 566 unquam
779 509 1014 565 principem
1044 509 1181 560 illum,
1212 512 1256 551 id
1286 524 1359 562 est,
1392 530 1484 555 cor-

68 606 247 646 poreum
261 589 523 629 Pharaonem
539 589 764 629 draconem
779 597 1073 642 nuncupasset,
1098 587 1262 628 dicens:
1285 606 1411 638 „cece
1427 592 1484 645 ³),

68 683 145 719 ego
176 682 302 721 super
329 666 591 719 Pharaonem
622 665 871 714 draconem,
913 664 985 719 qui
1013 665 1131 705 sedet
1163 663 1204 704 in
1234 665 1376 705 medio
1406 668 1485 707 flu-

67 744 228 783 minum
259 741 462 799 Aegypti,
492 741 564 796 qui
594 741 718 781 dicit:
749 757 842 781 mea
872 752 967 781 sunt
997 741 1188 791 flumina,
1220 753 1262 782 et
1292 758 1369 795 ego
1401 744 1484 785 feci

67 825 156 861 ea.“
213 821 372 860 Verum
403 819 484 859 hoc
513 818 556 859 in
587 819 684 859 loco
716 818 892 874 proprio
923 830 1181 869 reservetur,
1220 821 1336 875 quod
1374 838 1485 863 nunc

66 897 224 938 idcirco
257 895 544 946 assumsimus,
580 908 628 936 ut
655 911 733 951 per
760 894 981 935 notionem
1012 896 1325 951 Scripturarum
1355 899 1487 940 mani·

67 953 211 1015 festius
246 974 366 1014 fieret
409 973 477 1024 id,
521 973 636 1028 quod
683 972 904 1012 videbatur
947 973 1176 1014 occultum.
1250 975 1487 1017 Adversum

67 1052 141 1092 hos
180 1050 393 1107 principes
430 1062 492 1091 est
530 1049 652 1090 nobis
694 1064 844 1105 pugna.
915 1048 970 1090 Et
1007 1050 1120 1091 beati
1159 1052 1366 1107 apostoli,
1413 1053 1485 1110 qui

22 1174 24 1176 ,
66 1128 181 1170 missi
209 1129 374 1169 fuerant
403 1127 456 1168 ad
484 1126 826 1183 praedicandum,
859 1127 1026 1182 quando
1057 1129 1108 1168 ab
1147 1128 1232 1179 his,
1272 1130 1343 1185 qui
1369 1109 1485 1171 ⁸fines

65 1205 252 1258 gentium
281 1205 567 1261 possederant,
596 1203 788 1244 homines
819 1205 1094 1255 abducebant,
1127 1204 1397 1260 patiebantur
1426 1207 1487 1248 in-

66 1282 204 1323 sidias.
277 1281 408 1323 Verbi
452 1281 580 1334 gratia
627 1281 788 1321 dictum
832 1279 905 1321 sit:
950 1280 1123 1333 ingressi
1166 1294 1263 1323 sunt
1301 1284 1486 1339 apostoli

68 1360 251 1416 Tyrum,
289 1370 532 1415 persecutus
571 1369 633 1399 est
672 1374 744 1398 eos
783 1356 980 1412 princeps
1018 1357 1141 1414 Tyri:
1164 1360 1489 1410 ,adscenderunt

68 1436 360 1486 Antiochiam,
396 1435 656 1491 impugnavit
694 1450 766 1474 eos
806 1432 1003 1488 princeps
1042 1434 1159 1486 regni
1197 1436 1362 1493 Syriae:
1411 1437 1488 1478 iste

67 1524 177 1563 erat,
207 1512 278 1568 qui
307 1512 494 1552 bellabat
522 1511 718 1552 adversus
749 1526 845 1560 eos,
875 1526 962 1550 non
993 1526 1152 1561 omnes,
1183 1511 1255 1568 qui
1285 1515 1489 1568 putaban-

67 1601 155 1641 tur,
194 1601 243 1630 ut
269 1590 398 1630 Judas
428 1588 637 1645 proditor.
699 1587 935 1642 Quomodo
967 1586 1080 1628 enim
1109 1587 1184 1628 ille
1218 1605 1304 1630 non
1333 1589 1488 1646 princi-

66 1666 220 1723 paliter
248 1667 456 1722 putandus
486 1677 549 1706 est
577 1664 816 1721 prodidisse
836 1665 1112 1715 Salvatorem,
1141 1665 1200 1705 sic
1231 1666 1358 1707 etiam
1387 1683 1490 1722 apo-

66 1743 187 1784 stolis
225 1743 442 1793 omnibus,
481 1742 553 1798 qui
592 1741 932 1797 persecutionem
970 1741 1079 1796 passi
1115 1752 1231 1791 sunt,
1271 1741 1377 1784 alius
1408 1743 1489 1783 fuit

68 1819 266 1876 princeps
307 1818 624 1875 persecutionis,
697 1817 915 1873 Scriptum
958 1829 1019 1858 est
1063 1818 1222 1874 quippe
1266 1819 1318 1859 de
1356 1820 1488 1861 Juda:

69 1908 152 1947 „et
175 1896 219 1952 ⁴²)
255 1907 354 1952 post
391 1896 628 1936 buccellam
668 1894 860 1935 introivit
895 1894 940 1934 in
969 1894 1092 1935 illum
1122 1895 1334 1936 Satanas.“
1391 1898 1490 1938 Non

70 1972 276 2014 est‘enim
304 1971 426 2013 nobis
456 1987 595 2027 pugna
625 1971 820 2012 adversus
852 1988 1019 2012 carnem
1042 1984 1084 2012 et
1104 1973 1358 2026 sanguinem,
1390 1973 1491 2014 licet

70 2049 291 2090 videantur
332 2065 382 2090 ex
431 2065 553 2090 carne
599 2060 642 2090 et
677 2048 901 2102 sanguine,
946 2048 1019 2105 qui
1056 2065 1133 2090 nos
1170 2061 1491 2105 persequuntur.

70 2128 169 2168 Non
203 2142 276 2167 eos
313 2126 550 2177 oderimus,
592 2126 691 2183 quin
729 2127 873 2182 potius
910 2125 1155 2179 diligamus,
1194 2126 1295 2167 licet
1331 2126 1492 2167 inimici

71 2203 193 2244 nobis
223 2202 354 2244 velint
393 2219 662 2259 permanere,
703 2203 976 2245 misereamur
1012 2220 1182 2254 eorum,
1222 2203 1493 2244 daemonium

72 2280 248 2331 habent,
285 2280 503 2337 patiuntur
539 2281 755 2323 insaniam.
812 2283 911 2323 Non
947 2292 1034 2322 tam
1076 2281 1118 2321 hi
1147 2293 1244 2322 sunt
1272 2282 1492 2322 adversum

74 2372 174 2406 nos,
212 2356 283 2412 qui
311 2374 389 2398 nos
418 2369 749 2414 persequuntur,
788 2375 913 2414 quam
941 2357 1029 2409 illi,
1074 2358 1146 2414 qui
1187 2359 1316 2400 corda
1345 2374 1494 2400 eorum

75 2433 355 2489 repleverunt.
414 2436 570 2476 Verum
598 2435 776 2476 Domini
807 2437 1082 2491 deprecemur
1112 2435 1324 2486 auxilium,
1354 2447 1402 2475 ut
1430 2435 1493 2475 in-

75 2511 222 2551 firmos
259 2511 438 2552 habeant
477 2525 649 2554 conatus
690 2512 796 2553 tanti
836 2512 1060 2553 adversarii
1094 2524 1237 2552 contra
1268 2513 1492 2552 humanam

76 2587 259 2627 animam
300 2586 565 2639 dimicantes,
606 2601 647 2630 et
684 2589 891 2631 dicamus:
934 2589 1048 2640 „nisi
1077 2590 1119 2645 ⁵)
1159 2589 1255 2644 quia
1284 2589 1493 2629 Dominus

196 2756 236 2811 ¹)
268 2755 418 2796 Ezech.
449 2754 608 2805 XXIX,
638 2755 677 2800 3.
795 2759 840 2816 ²)
869 2758 977 2801 Edd.
1010 2757 1204 2800 Merlini:
1233 2758 1463 2798 adversum.

193 2826 237 2879 3)
269 2825 419 2866 Ezech.
451 2825 611 2875 XXIX,
641 2824 680 2869 3.
801 2827 842 2884 4)
871 2827 950 2870 Ev.
979 2829 1129 2869 Joann.
1159 2828 1281 2877 XIII,
1317 2826 1383 2869 27.

197 2894 237 2949 ⁵)
268 2895 421 2937 Psalm.
455 2895 648 2947 CXXIV,
681 2896 717 2940 1.
748 2896 788 2940 2.
819 2896 855 2942 3.

1072 2974 1163 3016 11*
