<?xml version="1.0" encoding="UTF-8"?>
<!DOCTYPE html PUBLIC "-//W3C//DTD XHTML 1.0 Transitional//EN"
    "http://www.w3.org/TR/xhtml1/DTD/xhtml1-transitional.dtd">
<html xmlns="http://www.w3.org/1999/xhtml" xml:lang="en" lang="en">
 <head>
  <title>
</title>
<meta http-equiv="Content-Type" content="text/html;charset=utf-8" />
  <meta name='ocr-system' content='tesseract 3.04.00' />
  <meta name='ocr-capabilities' content='ocr_page ocr_carea ocr_par ocr_line ocrx_word'/>
</head>
<body>
  <div class='ocr_page' id='page_1' title='image "./operaomniaquaegr14orig/operaomniaquaegr14orig_0450.png"; bbox 0 0 1759 3134; ppageno 0'>
   <div class='ocr_carea' id='block_1_1' title="bbox 230 150 1362 196">
    <p class='ocr_par' dir='ltr' id='par_1_1' title="bbox 230 150 1362 196">
     <span class='ocr_line' id='line_1_1' title="bbox 230 150 1362 196; baseline -0.003 -2"><span class='ocrx_word' id='word_1_1' title='bbox 230 152 310 196; x_wconf 68' lang='lat'><strong>434</strong></span> <span class='ocrx_word' id='word_1_2' title='bbox 521 151 741 192; x_wconf 69' lang='lat' dir='ltr'><strong>Omni-:xis</strong></span> <span class='ocrx_word' id='word_1_3' title='bbox 771 164 815 191; x_wconf 69' lang='lat' dir='ltr'><strong>ix</strong></span> <span class='ocrx_word' id='word_1_4' title='bbox 849 150 1029 192; x_wconf 52' lang='lat' dir='ltr'><strong>Came.</strong></span> <span class='ocrx_word' id='word_1_5' title='bbox 1062 150 1362 192; x_wconf 64' lang='lat' dir='ltr'><strong>CAxricomm</strong></span> 
     </span>
    </p>
   </div>
   <div class='ocr_carea' id='block_1_2' title="bbox 234 263 1679 2413">
    <p class='ocr_par' dir='ltr' id='par_1_2' title="bbox 234 263 1679 2413">
     <span class='ocr_line' id='line_1_2' title="bbox 238 263 1665 320; baseline 0 -15"><span class='ocrx_word' id='word_1_6' title='bbox 238 280 419 320; x_wconf 88' lang='lat' dir='ltr'><strong>namque</strong></span> <span class='ocrx_word' id='word_1_7' title='bbox 452 281 549 304; x_wconf 81' lang='lat' dir='ltr'><strong>eum</strong></span> <span class='ocrx_word' id='word_1_8' title='bbox 578 280 719 304; x_wconf 84' lang='lat' dir='ltr'><strong>sensus</strong></span> <span class='ocrx_word' id='word_1_9' title='bbox 759 263 1081 313; x_wconf 79' lang='lat' dir='ltr'><strong>irrationabilis,</strong></span> <span class='ocrx_word' id='word_1_10' title='bbox 1127 276 1168 304; x_wconf 85' lang='lat' dir='ltr'><strong>et</strong></span> <span class='ocrx_word' id='word_1_11' title='bbox 1212 264 1371 303; x_wconf 88' lang='lat' dir='ltr'><strong>alienus</strong></span> <span class='ocrx_word' id='word_1_12' title='bbox 1412 279 1434 303; x_wconf 85' lang='lat' dir='ltr'><strong>a</strong></span> <span class='ocrx_word' id='word_1_13' title='bbox 1465 264 1665 319; x_wconf 83' lang='lat' dir='ltr'><strong>sapientia</strong></span> 
     </span>
     <span class='ocr_line' id='line_1_3' title="bbox 234 340 1665 391; baseline -0.002 -8"><span class='ocrx_word' id='word_1_14' title='bbox 234 342 342 391; x_wconf 85' lang='lat' dir='ltr'><strong>Dei,</strong></span> <span class='ocrx_word' id='word_1_15' title='bbox 390 352 430 382; x_wconf 90' lang='lat' dir='ltr'><strong>et</strong></span> <span class='ocrx_word' id='word_1_16' title='bbox 472 341 599 382; x_wconf 86' lang='lat' dir='ltr'><strong>faciet</strong></span> <span class='ocrx_word' id='word_1_17' title='bbox 643 358 739 381; x_wconf 86' lang='lat' dir='ltr'><strong>eum</strong></span> <span class='ocrx_word' id='word_1_18' title='bbox 786 341 1065 381; x_wconf 83' lang='lat' dir='ltr'><strong>immundum.</strong></span> <span class='ocrx_word' id='word_1_19' title='bbox 1125 340 1233 380; x_wconf 83' lang='lat' dir='ltr'><strong>Vide</strong></span> <span class='ocrx_word' id='word_1_20' title='bbox 1274 352 1437 390; x_wconf 86' lang='lat' dir='ltr'><strong>autem,</strong></span> <span class='ocrx_word' id='word_1_21' title='bbox 1483 341 1516 381; x_wconf 88' lang='lat' dir='ltr'><strong>si</strong></span> <span class='ocrx_word' id='word_1_22' title='bbox 1555 342 1665 381; x_wconf 85' lang='lat' dir='ltr'><strong>sorte</strong></span> 
     </span>
     <span class='ocr_line' id='line_1_4' title="bbox 235 417 1668 474; baseline -0.001 -15"><span class='ocrx_word' id='word_1_23' title='bbox 235 420 369 460; x_wconf 78' lang='lat' dir='ltr'><strong>filium</strong></span> <span class='ocrx_word' id='word_1_24' title='bbox 388 418 473 459; x_wconf 86' lang='lat' dir='ltr'><strong>Dei</strong></span> <span class='ocrx_word' id='word_1_25' title='bbox 504 419 544 459; x_wconf 86' lang='lat' dir='ltr'><strong>in</strong></span> <span class='ocrx_word' id='word_1_26' title='bbox 578 436 700 460; x_wconf 78' lang='lat' dir='ltr'><strong>carne</strong></span> <span class='ocrx_word' id='word_1_27' title='bbox 731 431 890 472; x_wconf 86' lang='lat' dir='ltr'><strong>guttam</strong></span> <span class='ocrx_word' id='word_1_28' title='bbox 922 418 1096 467; x_wconf 83' lang='lat' dir='ltr'><strong>dictum,</strong></span> <span class='ocrx_word' id='word_1_29' title='bbox 1130 429 1170 457; x_wconf 90' lang='lat' dir='ltr'><strong>et</strong></span> <span class='ocrx_word' id='word_1_30' title='bbox 1201 417 1317 473; x_wconf 84' lang='lat' dir='ltr'><strong>quasi</strong></span> <span class='ocrx_word' id='word_1_31' title='bbox 1345 419 1472 458; x_wconf 86' lang='lat' dir='ltr'><strong>breve</strong></span> <span class='ocrx_word' id='word_1_32' title='bbox 1505 418 1668 474; x_wconf 85' lang='lat' dir='ltr'><strong>aliquid</strong></span> 
     </span>
     <span class='ocr_line' id='line_1_5' title="bbox 235 494 1668 551; baseline 0 -15"><span class='ocrx_word' id='word_1_33' title='bbox 235 509 278 537; x_wconf 84' lang='lat' dir='ltr'><strong>et</strong></span> <span class='ocrx_word' id='word_1_34' title='bbox 321 496 515 548; x_wconf 83' lang='lat' dir='ltr'><strong>exiguum</strong></span> <span class='ocrx_word' id='word_1_35' title='bbox 554 497 818 537; x_wconf 88' lang='lat' dir='ltr'><strong>nominatum</strong></span> <span class='ocrx_word' id='word_1_36' title='bbox 859 511 1080 551; x_wconf 88' lang='lat' dir='ltr'><strong>possumus</strong></span> <span class='ocrx_word' id='word_1_37' title='bbox 1120 495 1333 550; x_wconf 82' lang='lat' dir='ltr'><strong>accipere,</strong></span> <span class='ocrx_word' id='word_1_38' title='bbox 1374 494 1481 536; x_wconf 86' lang='lat' dir='ltr'><strong>sicut</strong></span> <span class='ocrx_word' id='word_1_39' title='bbox 1514 507 1554 535; x_wconf 87' lang='lat' dir='ltr'><strong>et</strong></span> <span class='ocrx_word' id='word_1_40' title='bbox 1582 495 1668 536; x_wconf 84' lang='lat' dir='ltr'><strong>Da—</strong></span> 
     </span>
     <span class='ocr_line' id='line_1_6' title="bbox 235 572 1668 629; baseline 0.001 -17"><span class='ocrx_word' id='word_1_41' title='bbox 235 573 379 628; x_wconf 87' lang='lat' dir='ltr'><strong>niel¹)</strong></span> <span class='ocrx_word' id='word_1_42' title='bbox 412 573 463 613; x_wconf 90' lang='lat' dir='ltr'><strong>de</strong></span> <span class='ocrx_word' id='word_1_43' title='bbox 495 589 546 613; x_wconf 88' lang='lat' dir='ltr'><strong>eo</strong></span> <span class='ocrx_word' id='word_1_44' title='bbox 580 574 702 615; x_wconf 84' lang='lat' dir='ltr'><strong>dicit:</strong></span> <span class='ocrx_word' id='word_1_45' title='bbox 753 573 938 629; x_wconf 78' lang='lat' dir='ltr'><strong>lapidem</strong></span> <span class='ocrx_word' id='word_1_46' title='bbox 988 588 1166 628; x_wconf 85' lang='lat' dir='ltr'><strong>parvum</strong></span> <span class='ocrx_word' id='word_1_47' title='bbox 1206 573 1258 612; x_wconf 91' lang='lat' dir='ltr'><strong>de</strong></span> <span class='ocrx_word' id='word_1_48' title='bbox 1298 585 1442 613; x_wconf 82' lang='lat' dir='ltr'><strong>monte</strong></span> <span class='ocrx_word' id='word_1_49' title='bbox 1485 572 1668 613; x_wconf 83' lang='lat' dir='ltr'><strong>excisum</strong></span> 
     </span>
     <span class='ocr_line' id='line_1_7' title="bbox 236 650 1666 705; baseline 0 -15"><span class='ocrx_word' id='word_1_50' title='bbox 236 650 324 691; x_wconf 89' lang='lat' dir='ltr'><strong>sine</strong></span> <span class='ocrx_word' id='word_1_51' title='bbox 363 650 577 701; x_wconf 84' lang='lat' dir='ltr'><strong>manibus,</strong></span> <span class='ocrx_word' id='word_1_52' title='bbox 630 652 727 704; x_wconf 65' lang='lat' dir='ltr'><strong>ct2)</strong></span> <span class='ocrx_word' id='word_1_53' title='bbox 758 652 917 691; x_wconf 83' lang='lat' dir='ltr'><strong>sactum</strong></span> <span class='ocrx_word' id='word_1_54' title='bbox 959 662 1057 705; x_wconf 91' lang='lat' dir='ltr'><strong>post</strong></span> <span class='ocrx_word' id='word_1_55' title='bbox 1097 650 1199 690; x_wconf 85' lang='lat' dir='ltr'><strong>haec</strong></span> <span class='ocrx_word' id='word_1_56' title='bbox 1237 662 1426 690; x_wconf 85' lang='lat' dir='ltr'><strong>montem</strong></span> <span class='ocrx_word' id='word_1_57' title='bbox 1457 667 1666 702; x_wconf 86' lang='lat' dir='ltr'><strong>magnum.</strong></span> 
     </span>
     <span class='ocr_line' id='line_1_8' title="bbox 238 728 1667 783; baseline 0.001 -15"><span class='ocrx_word' id='word_1_58' title='bbox 238 729 319 768; x_wconf 88' lang='lat' dir='ltr'><strong>Vel</strong></span> <span class='ocrx_word' id='word_1_59' title='bbox 358 729 466 769; x_wconf 86' lang='lat' dir='ltr'><strong>sicut</strong></span> <span class='ocrx_word' id='word_1_60' title='bbox 505 729 546 768; x_wconf 88' lang='lat' dir='ltr'><strong>in</strong></span> <span class='ocrx_word' id='word_1_61' title='bbox 588 729 738 769; x_wconf 90' lang='lat' dir='ltr'><strong>libello</strong></span> <span class='ocrx_word' id='word_1_62' title='bbox 780 728 1007 768; x_wconf 84' lang='lat' dir='ltr'>duodecim</span> <span class='ocrx_word' id='word_1_63' title='bbox 1047 728 1352 783; x_wconf 89' lang='lat' dir='ltr'><strong>prophetarum</strong></span> <span class='ocrx_word' id='word_1_64' title='bbox 1391 728 1667 769; x_wconf 81' lang='lat' dir='ltr'><strong>nihilominus</strong></span> 
     </span>
     <span class='ocr_line' id='line_1_9' title="bbox 240 805 1670 862; baseline 0 -16"><span class='ocrx_word' id='word_1_65' title='bbox 240 817 354 858; x_wconf 86' lang='lat' dir='ltr'><strong>gutta</strong></span> <span class='ocrx_word' id='word_1_66' title='bbox 382 806 554 862; x_wconf 87' lang='lat' dir='ltr'><strong>quidem</strong></span> <span class='ocrx_word' id='word_1_67' title='bbox 575 807 714 847; x_wconf 85' lang='lat' dir='ltr'><strong>futura</strong></span> <span class='ocrx_word' id='word_1_68' title='bbox 741 805 908 856; x_wconf 85' lang='lat' dir='ltr'><strong>dicitur,</strong></span> <span class='ocrx_word' id='word_1_69' title='bbox 941 822 1046 861; x_wconf 88' lang='lat' dir='ltr'><strong>quae</strong></span> <span class='ocrx_word' id='word_1_70' title='bbox 1074 818 1296 859; x_wconf 83' lang='lat' dir='ltr'>congreget</span> <span class='ocrx_word' id='word_1_71' title='bbox 1322 806 1545 862; x_wconf 89' lang='lat' dir='ltr'><strong>populum.</strong></span> <span class='ocrx_word' id='word_1_72' title='bbox 1595 805 1670 846; x_wconf 85' lang='lat' dir='ltr'><strong>Est</strong></span> 
     </span>
     <span class='ocr_line' id='line_1_10' title="bbox 240 883 1671 940; baseline 0 -17"><span class='ocrx_word' id='word_1_73' title='bbox 240 899 338 936; x_wconf 81' lang='lat' dir='ltr'><strong>ergo</strong></span> <span class='ocrx_word' id='word_1_74' title='bbox 372 895 413 923; x_wconf 84' lang='lat' dir='ltr'><strong>et</strong></span> <span class='ocrx_word' id='word_1_75' title='bbox 442 884 486 924; x_wconf 92' lang='lat' dir='ltr'><strong>in</strong></span> <span class='ocrx_word' id='word_1_76' title='bbox 516 883 735 939; x_wconf 89' lang='lat' dir='ltr'><strong>prophetis</strong></span> <span class='ocrx_word' id='word_1_77' title='bbox 766 883 823 924; x_wconf 89' lang='lat' dir='ltr'><strong>ita</strong></span> <span class='ocrx_word' id='word_1_78' title='bbox 853 884 1078 940; x_wconf 89' lang='lat' dir='ltr'><strong>scriptum:</strong></span> <span class='ocrx_word' id='word_1_79' title='bbox 1129 895 1207 933; x_wconf 84' lang='lat' dir='ltr'><strong>„et</strong></span> <span class='ocrx_word' id='word_1_80' title='bbox 1246 883 1324 924; x_wconf 89' lang='lat' dir='ltr'><strong>erit</strong></span> <span class='ocrx_word' id='word_1_81' title='bbox 1371 900 1419 923; x_wconf 80' lang='lat' dir='ltr'><strong>ex</strong></span> <span class='ocrx_word' id='word_1_82' title='bbox 1450 894 1564 935; x_wconf 86' lang='lat' dir='ltr'><strong>gutta</strong></span> <span class='ocrx_word' id='word_1_83' title='bbox 1594 899 1671 938; x_wconf 93' lang='lat' dir='ltr'><strong>po-</strong></span> 
     </span>
     <span class='ocr_line' id='line_1_11' title="bbox 239 960 1670 1018; baseline 0 -18"><span class='ocrx_word' id='word_1_84' title='bbox 239 960 332 1016; x_wconf 89' lang='lat' dir='ltr'><strong>puli</strong></span> <span class='ocrx_word' id='word_1_85' title='bbox 372 960 494 1018; x_wconf 88' lang='lat' dir='ltr'><strong>hujus</strong></span> <span class='ocrx_word' id='word_1_86' title='bbox 534 974 806 1014; x_wconf 83' lang='lat' dir='ltr'><strong>congregatus</strong></span> <span class='ocrx_word' id='word_1_87' title='bbox 848 961 1224 1016; x_wconf 79' lang='lat' dir='ltr'><strong>congregabitur3)</strong></span> <span class='ocrx_word' id='word_1_88' title='bbox 1269 961 1417 1001; x_wconf 78' lang='lat' dir='ltr'><strong>Jacob.</strong></span> <span class='ocrx_word' id='word_1_89' title='bbox 1477 961 1670 1001; x_wconf 82' lang='lat' dir='ltr'><strong>Decebat</strong></span> 
     </span>
     <span class='ocr_line' id='line_1_12' title="bbox 242 1037 1669 1093; baseline 0 -15"><span class='ocrx_word' id='word_1_90' title='bbox 242 1037 353 1078; x_wconf 84' lang='lat' dir='ltr'><strong>enim</strong></span> <span class='ocrx_word' id='word_1_91' title='bbox 385 1054 495 1087; x_wconf 88' lang='lat' dir='ltr'><strong>eum,</strong></span> <span class='ocrx_word' id='word_1_92' title='bbox 528 1038 600 1093; x_wconf 87' lang='lat' dir='ltr'><strong>qui</strong></span> <span class='ocrx_word' id='word_1_93' title='bbox 633 1038 826 1079; x_wconf 78' lang='lat' dir='ltr'><strong>veniebat</strong></span> <span class='ocrx_word' id='word_1_94' title='bbox 857 1054 1108 1090; x_wconf 83' lang='lat' dir='ltr'><strong>congregare</strong></span> <span class='ocrx_word' id='word_1_95' title='bbox 1138 1055 1226 1078; x_wconf 90' lang='lat' dir='ltr'><strong>non</strong></span> <span class='ocrx_word' id='word_1_96' title='bbox 1257 1038 1396 1078; x_wconf 89' lang='lat' dir='ltr'><strong>solum</strong></span> <span class='ocrx_word' id='word_1_97' title='bbox 1417 1039 1565 1088; x_wconf 80' lang='lat' dir='ltr'>Jacob,</span> <span class='ocrx_word' id='word_1_98' title='bbox 1596 1039 1669 1079; x_wconf 91' lang='lat' dir='ltr'><strong>sed</strong></span> 
     </span>
     <span class='ocr_line' id='line_1_13' title="bbox 242 1114 1669 1171; baseline 0.001 -16"><span class='ocrx_word' id='word_1_99' title='bbox 242 1128 282 1156; x_wconf 87' lang='lat' dir='ltr'><strong>et</strong></span> <span class='ocrx_word' id='word_1_100' title='bbox 315 1131 459 1155; x_wconf 86' lang='lat' dir='ltr'><strong>omnes</strong></span> <span class='ocrx_word' id='word_1_101' title='bbox 490 1127 653 1167; x_wconf 82' lang='lat' dir='ltr'><strong>gentes,</strong></span> <span class='ocrx_word' id='word_1_102' title='bbox 686 1132 813 1171; x_wconf 83' lang='lat' dir='ltr'><strong>quac,</strong></span> <span class='ocrx_word' id='word_1_103' title='bbox 851 1115 959 1156; x_wconf 89' lang='lat' dir='ltr'><strong>sicut</strong></span> <span class='ocrx_word' id='word_1_104' title='bbox 988 1116 1200 1171; x_wconf 85' lang='lat' dir='ltr'><strong>propheta</strong></span> <span class='ocrx_word' id='word_1_105' title='bbox 1231 1115 1332 1155; x_wconf 89' lang='lat' dir='ltr'><strong>dicit</strong></span> <span class='ocrx_word' id='word_1_106' title='bbox 1352 1114 1419 1170; x_wconf 78' lang='lat'><strong>⁴),</strong></span> <span class='ocrx_word' id='word_1_107' title='bbox 1452 1128 1669 1170; x_wconf 85' lang='lat' dir='ltr'><strong>reputatae</strong></span> 
     </span>
     <span class='ocr_line' id='line_1_14' title="bbox 242 1192 1672 1248; baseline 0 -15"><span class='ocrx_word' id='word_1_108' title='bbox 242 1204 338 1233; x_wconf 89' lang='lat' dir='ltr'><strong>sunt</strong></span> <span class='ocrx_word' id='word_1_109' title='bbox 368 1205 569 1248; x_wconf 80' lang='lat' dir='ltr'><strong>tanquam</strong></span> <span class='ocrx_word' id='word_1_110' title='bbox 599 1203 715 1244; x_wconf 84' lang='lat' dir='ltr'><strong>gutta</strong></span> <span class='ocrx_word' id='word_1_111' title='bbox 747 1208 795 1232; x_wconf 81' lang='lat' dir='ltr'><strong>ex</strong></span> <span class='ocrx_word' id='word_1_112' title='bbox 824 1192 969 1241; x_wconf 76' lang='lat' dir='ltr'><strong>situla,</strong></span> <span class='ocrx_word' id='word_1_113' title='bbox 1012 1192 1319 1233; x_wconf 81' lang='lat' dir='ltr'><strong>exinanientem</strong></span> <span class='ocrx_word' id='word_1_114' title='bbox 1358 1208 1401 1233; x_wconf 90' lang='lat' dir='ltr'><strong>se</strong></span> <span class='ocrx_word' id='word_1_115' title='bbox 1444 1192 1672 1234; x_wconf 75' lang='lat' dir='ltr'><strong>divinitatis</strong></span> 
     </span>
     <span class='ocr_line' id='line_1_15' title="bbox 242 1269 1674 1325; baseline -0.001 -14"><span class='ocrx_word' id='word_1_116' title='bbox 242 1271 406 1320; x_wconf 86' lang='lat' dir='ltr'><strong>forma,</strong></span> <span class='ocrx_word' id='word_1_117' title='bbox 448 1270 562 1311; x_wconf 82' lang='lat' dir='ltr'><strong>effici</strong></span> <span class='ocrx_word' id='word_1_118' title='bbox 592 1269 732 1325; x_wconf 87' lang='lat' dir='ltr'><strong>ipsum</strong></span> <span class='ocrx_word' id='word_1_119' title='bbox 771 1281 818 1310; x_wconf 88' lang='lat' dir='ltr'><strong>ut</strong></span> <span class='ocrx_word' id='word_1_120' title='bbox 858 1282 1040 1323; x_wconf 85' lang='lat' dir='ltr'><strong>guttam,</strong></span> <span class='ocrx_word' id='word_1_121' title='bbox 1087 1281 1128 1310; x_wconf 87' lang='lat' dir='ltr'><strong>et</strong></span> <span class='ocrx_word' id='word_1_122' title='bbox 1157 1270 1214 1310; x_wconf 89' lang='lat' dir='ltr'><strong>sic</strong></span> <span class='ocrx_word' id='word_1_123' title='bbox 1245 1269 1388 1317; x_wconf 75' lang='lat' dir='ltr'><strong>venire</strong></span> <span class='ocrx_word' id='word_1_124' title='bbox 1418 1270 1468 1310; x_wconf 88' lang='lat' dir='ltr'><strong>ad</strong></span> <span class='ocrx_word' id='word_1_125' title='bbox 1501 1286 1674 1323; x_wconf 80' lang='lat' dir='ltr'>congre-</span> 
     </span>
     <span class='ocr_line' id='line_1_16' title="bbox 243 1347 1676 1404; baseline 0.001 -16"><span class='ocrx_word' id='word_1_126' title='bbox 243 1349 420 1400; x_wconf 79' lang='lat' dir='ltr'>gandam</span> <span class='ocrx_word' id='word_1_127' title='bbox 452 1359 611 1400; x_wconf 84' lang='lat' dir='ltr'><strong>guttam</strong></span> <span class='ocrx_word' id='word_1_128' title='bbox 649 1347 856 1399; x_wconf 83' lang='lat' dir='ltr'><strong>gentium,</strong></span> <span class='ocrx_word' id='word_1_129' title='bbox 911 1358 952 1388; x_wconf 89' lang='lat' dir='ltr'><strong>et</strong></span> <span class='ocrx_word' id='word_1_130' title='bbox 983 1359 1141 1401; x_wconf 82' lang='lat' dir='ltr'><strong>guttam</strong></span> <span class='ocrx_word' id='word_1_131' title='bbox 1171 1347 1447 1388; x_wconf 86' lang='lat' dir='ltr'><strong>nihilominus</strong></span> <span class='ocrx_word' id='word_1_132' title='bbox 1478 1348 1676 1404; x_wconf 85' lang='lat' dir='ltr'><strong>reliquia-</strong></span> 
     </span>
     <span class='ocr_line' id='line_1_17' title="bbox 243 1424 1678 1481; baseline 0 -15"><span class='ocrx_word' id='word_1_133' title='bbox 243 1442 335 1466; x_wconf 86' lang='lat' dir='ltr'><strong>rum</strong></span> <span class='ocrx_word' id='word_1_134' title='bbox 369 1426 517 1466; x_wconf 86' lang='lat' dir='ltr'>Jacob.</span> <span class='ocrx_word' id='word_1_135' title='bbox 579 1425 665 1466; x_wconf 85' lang='lat' dir='ltr'><strong>Sed</strong></span> <span class='ocrx_word' id='word_1_136' title='bbox 705 1436 746 1465; x_wconf 89' lang='lat' dir='ltr'><strong>et</strong></span> <span class='ocrx_word' id='word_1_137' title='bbox 785 1425 828 1465; x_wconf 89' lang='lat' dir='ltr'><strong>in</strong></span> <span class='ocrx_word' id='word_1_138' title='bbox 869 1424 1186 1481; x_wconf 86' lang='lat' dir='ltr'><strong>quadragesimo</strong></span> <span class='ocrx_word' id='word_1_139' title='bbox 1229 1436 1377 1480; x_wconf 86' lang='lat' dir='ltr'><strong>quarto</strong></span> <span class='ocrx_word' id='word_1_140' title='bbox 1417 1425 1582 1481; x_wconf 86' lang='lat' dir='ltr'><strong>psalmo</strong></span> <span class='ocrx_word' id='word_1_141' title='bbox 1614 1426 1678 1466; x_wconf 86' lang='lat' dir='ltr'><strong>di·</strong></span> 
     </span>
     <span class='ocr_line' id='line_1_18' title="bbox 247 1501 1676 1557; baseline 0.001 -14"><span class='ocrx_word' id='word_1_142' title='bbox 247 1503 356 1544; x_wconf 86' lang='lat' dir='ltr'><strong>citur</strong></span> <span class='ocrx_word' id='word_1_143' title='bbox 394 1504 447 1543; x_wconf 83' lang='lat' dir='ltr'><strong>ad</strong></span> <span class='ocrx_word' id='word_1_144' title='bbox 493 1503 718 1551; x_wconf 80' lang='lat' dir='ltr'><strong>dilectum,</strong></span> <span class='ocrx_word' id='word_1_145' title='bbox 764 1502 831 1543; x_wconf 88' lang='lat' dir='ltr'><strong>cui</strong></span> <span class='ocrx_word' id='word_1_146' title='bbox 880 1501 1007 1542; x_wconf 89' lang='lat' dir='ltr'><strong>etiam</strong></span> <span class='ocrx_word' id='word_1_147' title='bbox 1045 1502 1134 1557; x_wconf 89' lang='lat' dir='ltr'><strong>ipse</strong></span> <span class='ocrx_word' id='word_1_148' title='bbox 1174 1502 1360 1557; x_wconf 86' lang='lat' dir='ltr'><strong>psalmus</strong></span> <span class='ocrx_word' id='word_1_149' title='bbox 1405 1503 1676 1544; x_wconf 79' lang='lat' dir='ltr'>adscribitur:</span> 
     </span>
     <span class='ocr_line' id='line_1_19' title="bbox 245 1579 1679 1638; baseline 0.001 -18"><span class='ocrx_word' id='word_1_150' title='bbox 245 1581 504 1638; x_wconf 73' lang='lat' dir='ltr'><strong>,‚myrrha³)</strong></span> <span class='ocrx_word' id='word_1_151' title='bbox 539 1592 580 1620; x_wconf 88' lang='lat' dir='ltr'><strong>et</strong></span> <span class='ocrx_word' id='word_1_152' title='bbox 610 1591 724 1631; x_wconf 86' lang='lat' dir='ltr'><strong>gutta</strong></span> <span class='ocrx_word' id='word_1_153' title='bbox 756 1591 796 1619; x_wconf 90' lang='lat' dir='ltr'><strong>et</strong></span> <span class='ocrx_word' id='word_1_154' title='bbox 836 1579 943 1620; x_wconf 86' lang='lat' dir='ltr'><strong>casia</strong></span> <span class='ocrx_word' id='word_1_155' title='bbox 982 1596 1004 1620; x_wconf 87' lang='lat' dir='ltr'><strong>a</strong></span> <span class='ocrx_word' id='word_1_156' title='bbox 1045 1580 1305 1620; x_wconf 74' lang='lat' dir='ltr'><strong>vestimentis</strong></span> <span class='ocrx_word' id='word_1_157' title='bbox 1342 1579 1472 1620; x_wconf 86' lang='lat' dir='ltr'><strong>tuis.“</strong></span> <span class='ocrx_word' id='word_1_158' title='bbox 1534 1582 1570 1621; x_wconf 82' lang='lat' dir='ltr'><strong>A</strong></span> <span class='ocrx_word' id='word_1_159' title='bbox 1610 1598 1679 1622; x_wconf 77' lang='lat' dir='ltr'><strong>ve·</strong></span> 
     </span>
     <span class='ocr_line' id='line_1_20' title="bbox 245 1656 1676 1713; baseline 0.001 -15"><span class='ocrx_word' id='word_1_160' title='bbox 245 1657 452 1698; x_wconf 86' lang='lat' dir='ltr'><strong>stimentis</strong></span> <span class='ocrx_word' id='word_1_161' title='bbox 493 1673 590 1709; x_wconf 86' lang='lat' dir='ltr'><strong>ergo</strong></span> <span class='ocrx_word' id='word_1_162' title='bbox 630 1656 750 1697; x_wconf 85' lang='lat' dir='ltr'><strong>verbi</strong></span> <span class='ocrx_word' id='word_1_163' title='bbox 787 1657 898 1707; x_wconf 86' lang='lat' dir='ltr'><strong>Dei,</strong></span> <span class='ocrx_word' id='word_1_164' title='bbox 938 1673 1042 1713; x_wconf 88' lang='lat' dir='ltr'><strong>quae</strong></span> <span class='ocrx_word' id='word_1_165' title='bbox 1084 1668 1144 1697; x_wconf 86' lang='lat' dir='ltr'><strong>est</strong></span> <span class='ocrx_word' id='word_1_166' title='bbox 1191 1657 1383 1697; x_wconf 85' lang='lat' dir='ltr'><strong>doctrina</strong></span> <span class='ocrx_word' id='word_1_167' title='bbox 1434 1657 1676 1712; x_wconf 79' lang='lat' dir='ltr'><strong>sapientiae,</strong></span> 
     </span>
     <span class='ocr_line' id='line_1_21' title="bbox 247 1734 1675 1793; baseline 0.001 -17"><span class='ocrx_word' id='word_1_168' title='bbox 247 1735 446 1791; x_wconf 77' lang='lat' dir='ltr'><strong>procedit</strong></span> <span class='ocrx_word' id='word_1_169' title='bbox 475 1735 656 1793; x_wconf 71' lang='lat' dir='ltr'><strong>myrrha,</strong></span> <span class='ocrx_word' id='word_1_170' title='bbox 687 1734 837 1775; x_wconf 91' lang='lat' dir='ltr'><strong>mortis</strong></span> <span class='ocrx_word' id='word_1_171' title='bbox 853 1734 896 1790; x_wconf 74' lang='grc'><strong>6)</strong></span> <span class='ocrx_word' id='word_1_172' title='bbox 926 1734 1133 1775; x_wconf 86' lang='lat' dir='ltr'><strong>indicium</strong></span> <span class='ocrx_word' id='word_1_173' title='bbox 1165 1735 1363 1775; x_wconf 79' lang='lat' dir='ltr'><strong>duntaxat</strong></span> <span class='ocrx_word' id='word_1_174' title='bbox 1391 1751 1471 1790; x_wconf 88' lang='lat' dir='ltr'><strong>pro</strong></span> <span class='ocrx_word' id='word_1_175' title='bbox 1491 1735 1675 1777; x_wconf 86' lang='lat' dir='ltr'><strong>humano</strong></span> 
     </span>
     <span class='ocr_line' id='line_1_22' title="bbox 246 1811 1677 1868; baseline 0.001 -15"><span class='ocrx_word' id='word_1_176' title='bbox 246 1829 397 1866; x_wconf 81' lang='lat' dir='ltr'><strong>genere</strong></span> <span class='ocrx_word' id='word_1_177' title='bbox 429 1824 660 1868; x_wconf 77' lang='lat' dir='ltr'><strong>susceptae.</strong></span> <span class='ocrx_word' id='word_1_178' title='bbox 722 1812 875 1862; x_wconf 83' lang='lat' dir='ltr'><strong>Gutta,</strong></span> <span class='ocrx_word' id='word_1_179' title='bbox 912 1824 959 1853; x_wconf 89' lang='lat' dir='ltr'><strong>ut</strong></span> <span class='ocrx_word' id='word_1_180' title='bbox 989 1828 1115 1868; x_wconf 89' lang='lat' dir='ltr'><strong>supra</strong></span> <span class='ocrx_word' id='word_1_181' title='bbox 1146 1811 1345 1861; x_wconf 78' lang='lat' dir='ltr'><strong>diximus,</strong></span> <span class='ocrx_word' id='word_1_182' title='bbox 1379 1812 1585 1854; x_wconf 78' lang='lat' dir='ltr'><strong>exinanita</strong></span> <span class='ocrx_word' id='word_1_183' title='bbox 1615 1814 1677 1854; x_wconf 81' lang='lat' dir='ltr'><strong>di·</strong></span> 
     </span>
     <span class='ocr_line' id='line_1_23' title="bbox 245 1889 1678 1945; baseline 0.001 -15"><span class='ocrx_word' id='word_1_184' title='bbox 245 1891 430 1932; x_wconf 81' lang='lat' dir='ltr'><strong>vinitatis</strong></span> <span class='ocrx_word' id='word_1_185' title='bbox 459 1891 621 1940; x_wconf 86' lang='lat' dir='ltr'><strong>forma,</strong></span> <span class='ocrx_word' id='word_1_186' title='bbox 662 1889 824 1930; x_wconf 84' lang='lat' dir='ltr'><strong>servilis</strong></span> <span class='ocrx_word' id='word_1_187' title='bbox 864 1890 1028 1930; x_wconf 88' lang='lat' dir='ltr'><strong>formae</strong></span> <span class='ocrx_word' id='word_1_188' title='bbox 1068 1900 1260 1944; x_wconf 82' lang='lat' dir='ltr'><strong>suscepta</strong></span> <span class='ocrx_word' id='word_1_189' title='bbox 1299 1889 1496 1945; x_wconf 80' lang='lat' dir='ltr'><strong>dignatio.</strong></span> <span class='ocrx_word' id='word_1_190' title='bbox 1559 1891 1678 1933; x_wconf 80' lang='lat' dir='ltr'><strong>Casia</strong></span> 
     </span>
     <span class='ocr_line' id='line_1_24' title="bbox 248 1966 1677 2025; baseline 0.001 -16"><span class='ocrx_word' id='word_1_191' title='bbox 248 1985 439 2025; x_wconf 85' lang='lat' dir='ltr'><strong>quoque,</strong></span> <span class='ocrx_word' id='word_1_192' title='bbox 485 1968 687 2025; x_wconf 87' lang='lat' dir='ltr'><strong>quoniam</strong></span> <span class='ocrx_word' id='word_1_193' title='bbox 725 1968 770 2008; x_wconf 86' lang='lat' dir='ltr'><strong>id</strong></span> <span class='ocrx_word' id='word_1_194' title='bbox 809 1984 935 2020; x_wconf 84' lang='lat' dir='ltr'><strong>genus</strong></span> <span class='ocrx_word' id='word_1_195' title='bbox 980 1967 1134 2007; x_wconf 83' lang='lat' dir='ltr'><strong>herbae</strong></span> <span class='ocrx_word' id='word_1_196' title='bbox 1182 1966 1298 2022; x_wconf 85' lang='lat' dir='ltr'><strong>aquis</strong></span> <span class='ocrx_word' id='word_1_197' title='bbox 1347 1967 1677 2010; x_wconf 82' lang='lat' dir='ltr'><strong>indesinentibus</strong></span> 
     </span>
     <span class='ocr_line' id='line_1_25' title="bbox 247 2044 1678 2098; baseline 0.001 -12"><span class='ocrx_word' id='word_1_198' title='bbox 247 2046 400 2087; x_wconf 89' lang='lat' dir='ltr'><strong>nutriri</strong></span> <span class='ocrx_word' id='word_1_199' title='bbox 431 2046 586 2087; x_wconf 85' lang='lat' dir='ltr'><strong>dicitur</strong></span> <span class='ocrx_word' id='word_1_200' title='bbox 617 2059 658 2087; x_wconf 88' lang='lat' dir='ltr'><strong>et</strong></span> <span class='ocrx_word' id='word_1_201' title='bbox 690 2045 940 2095; x_wconf 86' lang='lat' dir='ltr'><strong>coalescere,</strong></span> <span class='ocrx_word' id='word_1_202' title='bbox 975 2044 1286 2085; x_wconf 87' lang='lat' dir='ltr'><strong>redemtionem</strong></span> <span class='ocrx_word' id='word_1_203' title='bbox 1317 2045 1488 2086; x_wconf 87' lang='lat' dir='ltr'><strong>humani</strong></span> <span class='ocrx_word' id='word_1_204' title='bbox 1517 2047 1678 2098; x_wconf 82' lang='lat' dir='ltr'><strong>generis</strong></span> 
     </span>
     <span class='ocr_line' id='line_1_26' title="bbox 247 2122 1676 2179; baseline 0.001 -16"><span class='ocrx_word' id='word_1_205' title='bbox 247 2139 325 2178; x_wconf 80' lang='lat' dir='ltr'><strong>per</strong></span> <span class='ocrx_word' id='word_1_206' title='bbox 355 2140 480 2179; x_wconf 86' lang='lat' dir='ltr'><strong>aquas</strong></span> <span class='ocrx_word' id='word_1_207' title='bbox 510 2124 710 2179; x_wconf 83' lang='lat' dir='ltr'><strong>baptismi</strong></span> <span class='ocrx_word' id='word_1_208' title='bbox 751 2123 910 2164; x_wconf 86' lang='lat' dir='ltr'><strong>indicat</strong></span> <span class='ocrx_word' id='word_1_209' title='bbox 949 2125 1100 2164; x_wconf 84' lang='lat' dir='ltr'><strong>datam.</strong></span> <span class='ocrx_word' id='word_1_210' title='bbox 1161 2122 1233 2164; x_wconf 89' lang='lat' dir='ltr'><strong>Sic</strong></span> <span class='ocrx_word' id='word_1_211' title='bbox 1272 2138 1369 2175; x_wconf 89' lang='lat' dir='ltr'><strong>ergo</strong></span> <span class='ocrx_word' id='word_1_212' title='bbox 1413 2123 1676 2175; x_wconf 85' lang='lat' dir='ltr'><strong>alligaturam</strong></span> 
     </span>
     <span class='ocr_line' id='line_1_27' title="bbox 248 2199 1676 2256; baseline 0.001 -16"><span class='ocrx_word' id='word_1_213' title='bbox 248 2212 387 2252; x_wconf 86' lang='lat' dir='ltr'><strong>guttae</strong></span> <span class='ocrx_word' id='word_1_214' title='bbox 418 2202 650 2242; x_wconf 84' lang='lat' dir='ltr'><strong>fraternum</strong></span> <span class='ocrx_word' id='word_1_215' title='bbox 680 2217 803 2242; x_wconf 89' lang='lat' dir='ltr'><strong>suum</strong></span> <span class='ocrx_word' id='word_1_216' title='bbox 841 2217 996 2256; x_wconf 86' lang='lat' dir='ltr'><strong>sponsa</strong></span> <span class='ocrx_word' id='word_1_217' title='bbox 1033 2212 1230 2255; x_wconf 85' lang='lat' dir='ltr'><strong>tanquam</strong></span> <span class='ocrx_word' id='word_1_218' title='bbox 1268 2199 1449 2255; x_wconf 87' lang='lat' dir='ltr'><strong>nuptiali</strong></span> <span class='ocrx_word' id='word_1_219' title='bbox 1491 2201 1676 2242; x_wconf 78' lang='lat' dir='ltr'><strong>dramate</strong></span> 
     </span>
     <span class='ocr_line' id='line_1_28' title="bbox 250 2278 1677 2334; baseline 0.001 -17"><span class='ocrx_word' id='word_1_220' title='bbox 250 2278 428 2334; x_wconf 85' lang='lat' dir='ltr'><strong>loquens</strong></span> <span class='ocrx_word' id='word_1_221' title='bbox 458 2278 569 2319; x_wconf 87' lang='lat' dir='ltr'><strong>inter</strong></span> <span class='ocrx_word' id='word_1_222' title='bbox 597 2279 788 2319; x_wconf 87' lang='lat' dir='ltr'><strong>medium</strong></span> <span class='ocrx_word' id='word_1_223' title='bbox 816 2280 995 2318; x_wconf 89' lang='lat' dir='ltr'><strong>uberum</strong></span> <span class='ocrx_word' id='word_1_224' title='bbox 1034 2293 1208 2319; x_wconf 85' lang='lat' dir='ltr'><strong>suorum</strong></span> <span class='ocrx_word' id='word_1_225' title='bbox 1249 2290 1585 2319; x_wconf 88' lang='lat' dir='ltr'><strong>commorantem</strong></span> <span class='ocrx_word' id='word_1_226' title='bbox 1617 2280 1677 2319; x_wconf 89' lang='lat' dir='ltr'><strong>di-</strong></span> 
     </span>
     <span class='ocr_line' id='line_1_29' title="bbox 250 2354 1675 2413; baseline 0.002 -19"><span class='ocrx_word' id='word_1_227' title='bbox 250 2355 330 2395; x_wconf 72' lang='lat' dir='ltr'><strong>cit:</strong></span> <span class='ocrx_word' id='word_1_228' title='bbox 374 2357 525 2406; x_wconf 90' lang='lat' dir='ltr'><strong>ubera,</strong></span> <span class='ocrx_word' id='word_1_229' title='bbox 566 2367 614 2396; x_wconf 90' lang='lat' dir='ltr'><strong>ut</strong></span> <span class='ocrx_word' id='word_1_230' title='bbox 653 2355 844 2411; x_wconf 89' lang='lat' dir='ltr'><strong>superius</strong></span> <span class='ocrx_word' id='word_1_231' title='bbox 883 2355 965 2413; x_wconf 81' lang='lat' dir='ltr'><strong>jam</strong></span> <span class='ocrx_word' id='word_1_232' title='bbox 1008 2354 1209 2404; x_wconf 76' lang='lat' dir='ltr'><strong>diximus,</strong></span> <span class='ocrx_word' id='word_1_233' title='bbox 1261 2354 1496 2410; x_wconf 88' lang='lat' dir='ltr'><strong>principale</strong></span> <span class='ocrx_word' id='word_1_234' title='bbox 1537 2356 1675 2398; x_wconf 87' lang='lat' dir='ltr'><strong>cordis</strong></span> 
     </span>
    </p>
   </div>
   <div class='ocr_carea' id='block_1_3' title="bbox 252 2432 1674 2489">
    <p class='ocr_par' dir='ltr' id='par_1_3' title="bbox 252 2432 1674 2489">
     <span class='ocr_line' id='line_1_30' title="bbox 252 2432 1674 2489; baseline 0.001 -16"><span class='ocrx_word' id='word_1_235' title='bbox 252 2433 435 2483; x_wconf 78' lang='lat' dir='ltr'><strong>adverte,</strong></span> <span class='ocrx_word' id='word_1_236' title='bbox 469 2433 511 2473; x_wconf 88' lang='lat' dir='ltr'><strong>in</strong></span> <span class='ocrx_word' id='word_1_237' title='bbox 543 2450 627 2489; x_wconf 89' lang='lat' dir='ltr'><strong>quo</strong></span> <span class='ocrx_word' id='word_1_238' title='bbox 661 2433 835 2474; x_wconf 88' lang='lat' dir='ltr'><strong>ecclesia</strong></span> <span class='ocrx_word' id='word_1_239' title='bbox 868 2432 1095 2481; x_wconf 84' lang='lat' dir='ltr'><strong>Christum,</strong></span> <span class='ocrx_word' id='word_1_240' title='bbox 1126 2433 1193 2472; x_wconf 74' lang='lat' dir='ltr'><strong>vel</strong></span> <span class='ocrx_word' id='word_1_241' title='bbox 1225 2432 1360 2473; x_wconf 85' lang='lat' dir='ltr'><strong>anima</strong></span> <span class='ocrx_word' id='word_1_242' title='bbox 1392 2434 1565 2474; x_wconf 78' lang='lat' dir='ltr'><strong>verbum</strong></span> <span class='ocrx_word' id='word_1_243' title='bbox 1592 2433 1674 2474; x_wconf 86' lang='lat' dir='ltr'><strong>Dei</strong></span> 
     </span>
    </p>
   </div>
   <div class='ocr_carea' id='block_1_4' title="bbox 368 2616 1674 2883">
    <p class='ocr_par' dir='ltr' id='par_1_4' title="bbox 373 2616 757 2669">
     <span class='ocr_line' id='line_1_31' title="bbox 373 2616 757 2669; baseline -0.005 -11"><span class='ocrx_word' id='word_1_244' title='bbox 373 2616 412 2669; x_wconf 91' lang='lat'><strong>¹)</strong></span> <span class='ocrx_word' id='word_1_245' title='bbox 446 2616 531 2657; x_wconf 87' lang='lat' dir='ltr'><strong>Cfr.</strong></span> <span class='ocrx_word' id='word_1_246' title='bbox 564 2616 674 2656; x_wconf 85' lang='lat' dir='ltr'><strong>Dan.</strong></span> <span class='ocrx_word' id='word_1_247' title='bbox 704 2616 757 2656; x_wconf 82' lang='lat' dir='ltr'><strong>ll.</strong></span> 
     </span>
    </p>

    <p class='ocr_par' dir='ltr' id='par_1_5' title="bbox 368 2685 1674 2810">
     <span class='ocr_line' id='line_1_32' title="bbox 368 2685 1674 2741; baseline -0.001 -15"><span class='ocrx_word' id='word_1_248' title='bbox 368 2687 410 2740; x_wconf 81' lang='lat'><strong>2)</strong></span> <span class='ocrx_word' id='word_1_249' title='bbox 441 2685 551 2726; x_wconf 84' lang='lat' dir='ltr'><strong>Edd.</strong></span> <span class='ocrx_word' id='word_1_250' title='bbox 583 2687 644 2727; x_wconf 88' lang='lat' dir='ltr'><strong>M.</strong></span> <span class='ocrx_word' id='word_1_251' title='bbox 677 2697 747 2736; x_wconf 84' lang='lat' dir='ltr'><strong>„et</strong></span> <span class='ocrx_word' id='word_1_252' title='bbox 769 2698 865 2741; x_wconf 88' lang='lat' dir='ltr'><strong>post</strong></span> <span class='ocrx_word' id='word_1_253' title='bbox 886 2687 965 2726; x_wconf 87' lang='lat' dir='ltr'><strong>hoc</strong></span> <span class='ocrx_word' id='word_1_254' title='bbox 994 2696 1184 2726; x_wconf 79' lang='lat' dir='ltr'><strong>montem</strong></span> <span class='ocrx_word' id='word_1_255' title='bbox 1209 2702 1416 2738; x_wconf 81' lang='lat' dir='ltr'><strong>magnum.</strong></span> <span class='ocrx_word' id='word_1_256' title='bbox 1461 2687 1567 2726; x_wconf 77' lang='lat' dir='ltr'><strong>Vel“</strong></span> <span class='ocrx_word' id='word_1_257' title='bbox 1599 2698 1674 2726; x_wconf 76' lang='lat' dir='ltr'><strong>etc.</strong></span> 
     </span>
     <span class='ocr_line' id='line_1_33' title="bbox 369 2756 1040 2810; baseline 0 -13"><span class='ocrx_word' id='word_1_258' title='bbox 369 2756 411 2809; x_wconf 76' lang='grc'><strong>3)</strong></span> <span class='ocrx_word' id='word_1_259' title='bbox 444 2757 555 2797; x_wconf 82' lang='lat' dir='ltr'><strong>Edd.</strong></span> <span class='ocrx_word' id='word_1_260' title='bbox 585 2757 647 2797; x_wconf 84' lang='lat' dir='ltr'><strong>M.</strong></span> <span class='ocrx_word' id='word_1_261' title='bbox 679 2763 1040 2810; x_wconf 86' lang='lat' dir='ltr'><strong>„congregatur.“</strong></span> 
     </span>
    </p>

    <p class='ocr_par' dir='ltr' id='par_1_6' title="bbox 368 2827 1493 2883">
     <span class='ocr_line' id='line_1_34' title="bbox 368 2827 1493 2883; baseline -0.002 -14"><span class='ocrx_word' id='word_1_262' title='bbox 368 2828 410 2881; x_wconf 67' lang='grc'><strong>4)</strong></span> <span class='ocrx_word' id='word_1_263' title='bbox 443 2828 530 2869; x_wconf 84' lang='lat' dir='ltr'><strong>Cfr.</strong></span> <span class='ocrx_word' id='word_1_264' title='bbox 563 2827 687 2869; x_wconf 84' lang='lat' dir='ltr'><strong>Jesai.</strong></span> <span class='ocrx_word' id='word_1_265' title='bbox 723 2829 812 2879; x_wconf 89' lang='lat' dir='ltr'><strong>XL,</strong></span> <span class='ocrx_word' id='word_1_266' title='bbox 847 2828 914 2872; x_wconf 81' lang='grc'><strong>15.</strong></span> <span class='ocrx_word' id='word_1_267' title='bbox 1035 2828 1078 2883; x_wconf 77' lang='lat'><strong>⁵)</strong></span> <span class='ocrx_word' id='word_1_268' title='bbox 1110 2827 1266 2872; x_wconf 80' lang='lat' dir='ltr'><strong>Psalm.</strong></span> <span class='ocrx_word' id='word_1_269' title='bbox 1296 2828 1423 2876; x_wconf 77' lang='lat' dir='ltr'>XLV,</span> <span class='ocrx_word' id='word_1_270' title='bbox 1454 2828 1493 2872; x_wconf 71' lang='lat' dir='ltr'><strong>S,</strong></span> 
     </span>
    </p>
   </div>
   <div class='ocr_carea' id='block_1_5' title="bbox 369 2897 1589 2954">
    <p class='ocr_par' dir='ltr' id='par_1_7' title="bbox 369 2897 1589 2954">
     <span class='ocr_line' id='line_1_35' title="bbox 369 2897 1589 2954; baseline 0.002 -17"><span class='ocrx_word' id='word_1_271' title='bbox 369 2897 411 2951; x_wconf 82' lang='lat'><strong>⁶)</strong></span> <span class='ocrx_word' id='word_1_272' title='bbox 442 2897 549 2940; x_wconf 86' lang='lat' dir='ltr'><strong>Edd.</strong></span> <span class='ocrx_word' id='word_1_273' title='bbox 583 2899 641 2939; x_wconf 72' lang='grc' dir='ltr'><strong>Μ.</strong></span> <span class='ocrx_word' id='word_1_274' title='bbox 673 2898 850 2953; x_wconf 72' lang='lat' dir='ltr'><strong>„mortis</strong></span> <span class='ocrx_word' id='word_1_275' title='bbox 883 2900 1076 2940; x_wconf 58' lang='lat' dir='ltr'><strong>duntaxat</strong></span> <span class='ocrx_word' id='word_1_276' title='bbox 1110 2897 1337 2949; x_wconf 87' lang='lat' dir='ltr'><strong>indicium,</strong></span> <span class='ocrx_word' id='word_1_277' title='bbox 1368 2906 1483 2954; x_wconf 85' lang='lat' dir='ltr'><strong>pro“</strong></span> <span class='ocrx_word' id='word_1_278' title='bbox 1515 2911 1589 2939; x_wconf 83' lang='lat' dir='ltr'><strong>etc.</strong></span> 
     </span>
    </p>
   </div>
  </div>
 </body>
</html>
