1759 3134
238 137 320 182 114
645 134 865 175 Omessms
895 145 941 174 m
968 131 1262 174 Ezecmnuzm

239 253 365 293 {icant
402 246 616 290 meretrici
655 248 842 288 domum.
903 244 1181 297 congregatio
1214 243 1326 284 enim
1359 244 1550 284 omnium
1579 260 1665 284 ma-

241 330 452 382 lignorum
487 327 661 382 lupanar
691 336 762 365 est.
811 325 897 365 Sed
930 322 1029 379 quid
1061 321 1162 361 dicit
1188 320 1435 377 Scriptura?
1480 321 1664 377 „Fili¹),

241 422 293 447 ne
331 405 522 446 intendas
561 403 603 443 in
633 402 786 442 malam
824 401 1069 450 muliercm;
1114 399 1199 439 mel
1247 398 1359 438 enim
1398 398 1573 438 distillat
1612 400 1663 439 de

241 482 361 523 labiis
401 480 591 521 mulieris
630 479 906 520 meretricis.“
965 478 1089 518 Unde
1133 476 1170 516 ei
1207 476 1293 516 mel
1327 475 1533 516 distillat?
1588 475 1668 516 Di-

237 559 367 601 stillat
407 559 518 600 enim
560 558 645 597 mel
685 558 735 597 dc
776 556 893 596 labiis
936 554 1124 595 mulieris
1165 552 1410 593 meretricis.
1480 554 1665 605 Ingressa

241 649 302 679 est
330 638 382 678 ad
413 637 578 684 Mosen,
609 636 659 675 ad
692 634 854 683 Isaiam,
887 634 938 673 ad
960 631 1202 680 Jeremiam,
1236 643 1276 671 et
1308 632 1359 670 de
1390 630 1664 685 scripturis2)

240 732 389 756 eorum
419 714 498 754 sibi
528 712 656 753 mella
689 712 873 763 collegit.
932 710 1048 750 Vade
1081 710 1130 748 ad
1162 708 1394 750 haereticos
1430 709 1664 763 loquentes,

238 794 340 833 hacc
372 791 474 832 dicit
507 791 673 839 Moses,
710 789 809 829 haec
841 787 987 837 Isaias,
1020 788 1120 827 haec
1149 786 1379 835 Jeremias,
1412 797 1453 825 et
1485 785 1661 834 videbis,

241 870 460 925 quomodo
493 867 544 907 de
576 865 697 906 labiis
729 883 874 906 corun»
906 881 992 905 non
1023 865 1152 905 fluant
1183 864 1324 914 mella,
1356 864 1430 904 sed
1461 862 1665 903 distillent

241 945 559 1002 decerpentium
599 944 650 984 dc
693 943 907 998 scripturis
961 944 1086 983 verba
1130 941 1390 998 paucissima.
1466 941 1521 981 Et
1566 940 1664 980 ideo

239 1026 326 1066 mel
356 1024 529 1065 distillat
561 1022 612 1062 de
645 1021 764 1061 labiis
794 1019 983 1061 mulieris
1013 1020 1256 1060 meretricis.
1317 1020 1366 1060 In
1397 1018 1532 1074 capite
1565 1033 1662 1070 ergo

242 1101 377 1143 omnis
407 1101 498 1141 viae
529 1098 720 1140 aedificat
749 1098 936 1153 lupanar.
995 1098 1124 1147 Esto,
1164 1097 1428 1138 intellectum
1463 1095 1515 1136 sit
1547 1096 1665 1150 lupa-

238 1197 335 1229 nar,
382 1179 708 1232 interpretemur
748 1186 789 1214 et
826 1176 991 1224 basem,
1037 1190 1161 1229 quam
1198 1174 1240 1214 in
1282 1175 1476 1213 omnibus
1514 1172 1664 1228 plateis

240 1254 383 1313 posuit
423 1252 621 1294 meretrix
659 1251 908 1292 Jerusalem.
984 1251 1202 1306 Scriptum
1244 1262 1304 1291 est
1343 1250 1387 1290 in
1426 1250 1509 1290 alio
1551 1250 1664 1299 loco,

241 1333 460 1390 quomodo
500 1330 544 1370 in
579 1329 732 1385 plateis
771 1330 990 1370 manifeste
1027 1328 1206 1368 advocat
1234 1339 1548 1383 praetereuntes
1577 1343 1666 1367 me-

239 1412 387 1453 retrix:
428 1408 541 1449 varie
574 1407 731 1463 quippe
772 1418 995 1461 peccatum
1025 1421 1103 1446 nos
1135 1406 1186 1445 ad
1216 1421 1258 1445 se
1289 1406 1452 1446 trahere
1484 1405 1665 1454 festinat,
1722 1456 1730 1459 -

240 1489 325 1530 sive
357 1503 434 1543 per
464 1485 675 1534 haeresin,
716 1484 801 1524 sive
836 1499 913 1539 per
942 1482 1142 1534 gentilem
1174 1483 1549 1524 conversationem.
1608 1482 1664 1522 Et

238 1583 316 1622 per
352 1563 541 1605 haeresin
579 1563 772 1618 quidem,
819 1561 985 1616 quando
1026 1559 1219 1600 aedificat
1248 1558 1424 1614 lupanar
1453 1560 1496 1600 in
1528 1559 1664 1615 capite

241 1642 377 1684 omnis
408 1641 521 1680 viae:
561 1656 639 1694 per
669 1637 867 1690 gentilem
898 1649 1037 1677 autem
1070 1635 1456 1686 conversationem,
1494 1638 1662 1692 quando

237 1723 380 1762 basem
421 1716 545 1774 ponit
583 1715 625 1755 in
668 1713 862 1754 omnibus
901 1712 1065 1768 plateis.
1134 1712 1272 1762 „Lata
1293 1712 1333 1765 ³)
1374 1723 1434 1751 est
1472 1711 1586 1752 enim
1624 1724 1665 1752 et

237 1810 384 1855 patens
414 1795 494 1844 via,
525 1809 629 1849 quae
657 1791 773 1832 ducit
805 1791 856 1831 ad
886 1789 1216 1846 perditionem.“
1277 1788 1384 1830 Cum
1415 1804 1528 1841 ergo,
1559 1805 1666 1844 quae

238 1875 355 1923 dicit,
386 1884 427 1914 et
455 1871 499 1912 in
531 1869 681 1926 quibus
713 1869 928 1909 audientes
959 1867 1165 1908 instruere
1183 1867 1225 1922 4)
1261 1878 1448 1915 conatur,
1481 1867 1532 1906 de
1552 1865 1665 1908 Scri·

235 1951 370 2010 pturis
400 1948 556 1997 asserit,
587 1946 780 1987 aedificat
810 1946 984 2000 lupanar
1013 1944 1056 1984 in
1081 1944 1216 1999 capite
1238 1943 1374 1984 omnis
1401 1943 1503 1983 viae.
1555 1943 1662 1985 Cum

237 2045 337 2070 vero
380 2024 552 2067 moralis
583 2024 702 2064 locus
732 2021 860 2063 fuerit
891 2021 1139 2070 dissolutus,
1182 2032 1222 2061 et
1261 2019 1474 2060 luxuriosa
1501 2019 1662 2075 praeci-

236 2106 354 2162 piens
391 2103 592 2144 lascivum
623 2099 771 2140 fecerit
801 2099 1060 2147 auditorem,
1105 2097 1207 2153 quid
1238 2097 1354 2138 aliud
1384 2096 1505 2147 fecit,
1536 2114 1659 2152 quam

238 2185 381 2224 basem
410 2179 554 2237 posuit
584 2178 626 2218 in
661 2176 777 2217 omni
809 2175 902 2217 via?

349 2258 387 2302 3.
439 2258 571 2308 „Non
596 2255 636 2311 5)
682 2265 741 2294 est
771 2254 878 2293 facta
909 2264 955 2292 ut
984 2250 1183 2292 meretrix
1214 2267 1466 2303 congregans
1496 2268 1656 2292 merce-

237 2340 349 2379 des,“
416 2335 644 2375 Videamus
681 2329 948 2371 meretricem
983 2329 1198 2369 mercedes
1237 2340 1577 2381 congregantem,
1618 2341 1658 2369 et

235 2416 358 2456 aliam
399 2422 537 2454 rursus
577 2426 663 2450 non
705 2418 1035 2460 congregantem.
1095 2407 1163 2446 De
1193 2406 1268 2446 hac
1301 2405 1414 2446 enim
1445 2405 1659 2462 quaeritur

235 2491 350 2548 quasi
388 2491 438 2530 de
478 2485 698 2529 meretrice
736 2500 821 2524 non
864 2495 1138 2535 congregante
1176 2483 1405 2524 mercedes.
1475 2483 1584 2524 Cum
1609 2482 1651 2538 ⁶)

356 2659 394 2708 ¹)
425 2657 552 2697 Prov,
583 2655 634 2703 V,
665 2654 701 2696 2.
734 2653 773 2697 3.
895 2653 937 2708 2)
968 2651 1078 2692 Edd.
1109 2651 1303 2693 'Merliniz
1336 2652 1511 2708 scriptis.

347 2729 389 2783 ³)
417 2727 568 2768 Matth.
599 2725 694 2774 VII,
726 2723 789 2767 13.
912 2721 954 2778 ⁴)
985 2721 1093 2763 Edd.
1126 2721 1319 2763 Merlini:
1353 2721 1581 2763 instituere.

347 2798 388 2852 ⁵)
421 2796 506 2838 Cfr.
537 2795 689 2836 Ezech.
719 2794 835 2843 XVI,
866 2793 932 2837 31.

343 2869 385 2925 ⁶)
417 2867 597 2909 Catenae
636 2865 735 2906 Mss.
782 2861 980 2921 ,,[Ιόρνη
1026 2865 1119 2907 ἐστὶ
1158 2862 1423 2921 συνάγουσα
1462 2860 1646 2920 μισθώ-
