1759 3134
667 135 808 176 Limen
838 135 869 175 Ι,
1400 138 1480 183 331

65 250 187 293 lineis
217 248 438 306 explicare,
466 258 567 289 tunc
594 245 679 304 jam
710 247 853 289 oscula
879 245 1011 302 ipsius
1040 249 1186 306 sponsi
1216 249 1302 302 sui,
1331 250 1376 292 id
1407 263 1482 302 est,

63 327 183 371 verbi
224 326 309 370 Dei
334 327 374 383 ¹)
420 326 649 393 suscepisse
692 341 735 366 se
785 323 938 366 credat.
1012 325 1116 368 Ideo
1156 339 1298 370 autem
1337 327 1482 370 oscula

63 403 283 461 pluraliter
317 403 484 461 posuit,
520 415 569 445 ut
599 402 905 456 intelligamus,
942 401 1268 461 uniuscujusque
1312 404 1482 447 obscuri

65 499 205 525 sensus
232 480 588 523 illuminationem
619 480 810 523 osculum
842 496 929 523 esse
946 480 1066 521 verbi
1089 481 1190 531 Dei,
1219 483 1272 523 ad
1302 482 1484 526 animam

63 561 294 616 perfectam
325 558 524 601 delatum.
583 560 639 601 Et
667 559 898 601 secundum
926 558 1009 599 hoc
1038 559 1150 600 forte
1181 558 1348 601 dicebat
1386 576 1488 617 pro-

65 636 232 693 phetica
262 648 305 678 et
331 639 520 694 perfecta
548 653 686 679 mens:
718 653 802 688 „os
829 637 873 693 2)
902 652 1048 678 meum
1076 637 1235 693 aperui,
1267 649 1309 678 et
1339 639 1488 681 attraxi

66 713 302 769 spiritumf‘
363 714 423 757 Os
453 727 593 758 autem
621 713 765 772 sponsi
794 713 1069 768 intelligimus
1088 714 1132 771 3)
1164 714 1365 757 virtutem
1387 715 1488 766 Dei,

65 808 145 847 qua
174 791 388 834 illuminat
415 805 625 843 mentem,
668 803 709 834 et
743 792 859 834 velut
889 809 1083 843 sermone
1115 794 1300 850 quodam
1334 793 1488 836 amoris

63 870 116 910 ad
156 885 247 911 eam
283 871 418 921 facto,
456 870 491 912 si
528 881 669 912 tamen
707 886 855 927 capere
895 882 1107 912 mereatur
1144 881 1284 911 tantae
1319 870 1488 913 virtutis

61 946 359 1004 praesentiam,
397 947 610 1002 incognita
650 964 840 1005 quaeque
882 947 962 990 sibi
985 947 1028 1004 ⁴)
1069 958 1111 989 et
1150 949 1328 990 obscura
1356 948 1490 991 mani-

63 1026 209 1076 festat,
241 1036 282 1066 et
310 1025 393 1066 hoc
424 1037 486 1067 est
513 1026 664 1077 verius,
694 1025 970 1084 propiusque,
1002 1037 1044 1067 et
1071 1026 1253 1068 sanctius
1281 1026 1490 1078 osculum,

66 1103 184 1158 quod
210 1118 234 1144 a
263 1118 419 1158 sponso
450 1102 536 1144 Dei
565 1104 696 1145 verbo
727 1102 889 1159 porrigi
929 1102 1083 1145 dicitur
1118 1119 1322 1160 sponsae,
1358 1119 1492 1161 purae

67 1179 229 1221 scilicet
270 1180 452 1232 animae,
491 1192 534 1222 et
571 1181 799 1237 perfectae.
859 1179 989 1240 Cujus
1026 1181 1089 1223 rei
1121 1180 1257 1233 imago
1291 1192 1353 1223 est
1380 1181 1492 1224 illud

69 1257 276 1308 osculum,
307 1259 424 1314 quod
452 1257 498 1300 in
529 1257 704 1300 ecclesia
731 1259 809 1299 sub
835 1269 1030 1315 tempore
1054 1258 1352 1317 mysteriorum
1368 1259 1495 1302 nobis

70 1335 251 1377 invicem
281 1336 438 1377 damus.
499 1335 681 1390 Quoties
702 1335 745 1392 ⁵)
777 1351 874 1389 ergo
906 1335 949 1377 in
980 1336 1108 1377 corde
1138 1348 1285 1378 nostro
1316 1337 1494 1394 aliquid,

69 1414 184 1470 quod
214 1413 267 1454 de
298 1412 448 1455 divinis
480 1412 745 1466 dogmatibus
775 1413 1047 1470 sensibusque
1078 1413 1305 1470 quaeritur,
1335 1415 1493 1471 absque

69 1490 351 1534 monitoribus
381 1490 643 1543 invenimus,
674 1491 800 1533 toties
831 1491 976 1534 oscula
1004 1490 1128 1534 nobis
1159 1492 1255 1534 data
1285 1507 1373 1534 esse
1403 1492 1496 1549 αθ)

72 1586 228 1627 sponso
258 1568 344 1611 Dei
372 1570 504 1610 verbo
537 1570 765 1612 credamus.
825 1569 913 1612 Ubi
941 1587 1044 1612 vero
1069 1582 1313 1627 quaerentes
1332 1570 1496 1628 aliquid

76 1650 129 1690 de
159 1647 310 1690 divinis
339 1647 552 1699 sensibus,
592 1647 781 1690 invenire
811 1664 899 1690 non
928 1664 1173 1705 possumus,
1210 1661 1311 1690 tunc
1340 1649 1499 1691 affectu

75 1726 197 1784 hujus
228 1725 429 1768 orationis
460 1737 642 1767 assumto
673 1737 865 1783 petamus
896 1743 918 1767 a
939 1727 1035 1768 Deo
1066 1727 1351 1769 visitationem
1378 1727 1499 1769 verbi

79 1804 189 1862 ejus,
229 1816 271 1845 et
307 1803 513 1845 dicamus:
560 1804 811 1855 „osculetur
836 1804 878 1861 ⁷)
907 1820 977 1848 me
1007 1806 1058 1846 ab
1089 1805 1237 1847 osculo
1270 1805 1354 1848 oris
1383 1805 1459 1848 sui.
1472 1810 1498 1830 “

80 1882 171 1927 Scit
208 1893 347 1925 autem
387 1893 508 1938 pater
544 1881 871 1942 uniuscujusque
909 1882 1072 1925 animae
1112 1882 1410 1941 capacitatem,
1458 1894 1500 1925 et

198 2131 239 2187 ¹)
269 2131 403 2172 Deest
432 2127 587 2180 „Dei“
619 2126 663 2171 in
695 2130 789 2172 edd.
819 2131 881 2171 M.

199 2201 243 2257 ²)
271 2201 426 2243 Psalm.
460 2199 614 2251 CXIX,
647 2199 740 2245 131.
772 2201 1013 2258 (CXVIII.)

196 2272 240 2327 ³)
271 2271 384 2312 Edd.
413 2270 608 2313 Merlini:
637 2271 920 2327 intelligamus
948 2272 1147 2314 virtutem
1177 2270 1280 2314 dici:
1314 2287 1395 2329 qua
1425 2282 1505 2312 etc.

198 2342 242 2397 ⁴)
271 2342 405 2383 Deest
432 2342 583 2394 „sibi“
611 2342 658 2385 in
689 2344 784 2386 edd.
816 2344 878 2387 Μ.

202 2412 243 2468 ⁵)
276 2412 478 2465 Origenes
508 2415 622 2470 apud
648 2415 933 2473 Procopium:
962 2413 1140 2465 Ὁσάκις
1170 2417 1226 2460 δέ
1250 2433 1291 2459 τι
1323 2415 1507 2469 ζητοῦν-

84 2501 153 2534 τες
181 2488 313 2529 θεῖον
342 2481 497 2543 δόγμα
528 2484 955 2543 καταλαμβάνομεν,
986 2489 1386 2545 καταπεφιλῆσθαι
1416 2481 1508 2528 ἀπὸ

85 2560 166 2602 τοῦ
188 2552 414 2613 στόματος
434 2559 514 2599 τοῦ
546 2561 751 2615 νυμφίου
782 2562 1070 2615 νομίσωμεν·
1103 2558 1154 2602 ἓν
1184 2554 1275 2613 ὅσῳ
1306 2555 1357 2599 δὲ
1386 2554 1508 2599 ἀπο-

88 2629 285 2688 ροῦμεν,
322 2622 630 2684 ὑπολάβωμεν
658 2626 899 2685 εὐχόμενοι
927 2631 1076 2685 λέγειν
1112 2625 1189 2672 τό·
1229 2623 1508 2686 „wel-norim»

87 2714 145 2755 με
176 2694 266 2740 ἀπὸ
300 2694 572 2753 φιλημάτων
601 2696 826 2757 στόματος
855 2699 1050 2744 αὐτοῦ.“
1109 2701 1161 2742 R.

206 2767 249 2823 ⁶)
278 2766 387 2807 Edd.
418 2766 612 2809 Merlini:
651 2786 674 2810 a
707 2786 863 2827 sponso
895 2770 1012 2814 verbi
1041 2771 1126 2815 Dei
1158 2770 1394 2814 credamus:
1435 2766 1508 2810 ubi

88 2841 191 2868 vero
224 2823 441 2865 credentes
472 2822 633 2880 aliquid
662 2837 739 2868 etc.

210 2894 254 2951 7)
289 2891 447 2937 Cantic.
478 2893 513 2948 I,
541 2893 580 2942 2.
