1759 3134
203 160 286 203 430
460 160 678 201 Onmmus
710 172 752 199 m
786 157 1021 198 CAN-‘mcum
1055 158 1356 198 Csxxriconutu

203 273 395 324 interest,
438 284 580 313 utrum
620 271 661 312 in
704 271 876 312 Cantiro
919 271 1189 312 Canticorum
1230 285 1381 326 sponsa
1422 283 1623 325 perungat

202 363 414 404 unguento
447 366 672 406 sponsum,
719 365 768 389 au
799 349 841 389 in
884 348 1100 400 evangelio
1145 348 1351 404 discipula
1381 348 1623 399 magistrum

203 441 243 468 et
277 429 409 469 Maria
441 427 677 478 Christum,
719 443 909 483 sperans,
940 438 987 467 ut
1020 426 1219 476 diximus,
1250 426 1388 466 redire
1420 426 1471 466 ad
1502 441 1544 466 se
1577 441 1623 464 ex

203 506 283 546 hoc
322 518 535 559 unguento
577 505 753 545 odorem
794 504 910 546 verbi
963 516 1001 545 et
1050 503 1317 555 fragrantiam
1358 502 1532 544 Christi:
1579 514 1625 542 ut

204 599 254 623 eo
286 584 377 638 ipso
413 584 544 624 dicat:
584 583 776 633 „Christi
796 585 834 637 ¹)
865 585 1002 624 bonus
1044 583 1153 622 odor
1181 598 1322 622 sumus
1353 580 1513 622 Deo?“
1572 580 1625 621 Et

204 660 402 716 quoniam
434 661 610 716 plenum
651 661 733 701 fide
775 660 854 701 fuit
893 661 1003 701 istud
1044 671 1323 712 unguentum,
1373 671 1411 699 et
1449 659 1624 714 pretiosi

205 739 380 779 affectus
400 739 462 795 ²),
505 740 560 779 ob
590 739 671 779 hoc
704 750 743 778 et
773 739 892 779 Jesus
922 737 1211 779 testimonium
1243 736 1430 777 reddidit
1461 737 1518 787 ei,
1567 738 1628 777 ‹li-

208 832 324 857 cens:
359 817 607 873 ,‚b0num³)
639 833 745 872 opus
777 828 948 872 operata
980 828 1039 857 est
1067 816 1109 856 in
1141 821 1251 856 rne.“
1306 814 1378 857 Sic
1411 831 1507 868 ergo
1539 832 1629 856 rur-

204 910 270 934 sus
319 893 363 934 in
412 894 587 935 Cantico
638 894 907 936 Canticorum
958 906 1056 950 post
1102 893 1310 949 aliquanta
1360 893 1631 949 amplectitur

208 971 450 1013 emissiones
490 988 689 1028 sponsae,
740 972 847 1013 sicut
897 972 963 1013 hic
1012 989 1117 1028 opus
1158 971 1340 1013 Mariae:
1387 971 1442 1012 ait
1492 971 1627 1013 enim:

208 1050 480 1099 „emissiones
497 1050 538 1101 ⁴)
568 1062 663 1091 tuae
694 1051 908 1105 paradisus
950 1066 1044 1090 cum
1084 1051 1223 1089 fructu
1263 1066 1516 1105 pomorum:
1563 1067 1628 1109 cy—

206 1145 305 1183 prus
339 1144 435 1168 cum
464 1127 615 1168 nardis.
662 1127 826 1168 Nardus
844 1127 884 1183 ⁵)
918 1138 958 1167 et
989 1132 1178 1168 crocu5.“
1223 1128 1508 1182 Amplectitur
1530 1144 1627 1180 ergo

209 1217 249 1245 et
267 1206 308 1259 6)
339 1204 382 1246 in
412 1204 476 1245 his
510 1204 753 1246 emissiones
784 1221 831 1244 ac
861 1220 1036 1245 munera
1067 1220 1255 1260 sponsae.
1304 1205 1629 1247 observavimus

208 1299 328 1333 sane,
362 1283 477 1339 quod
506 1282 550 1324 in
580 1282 642 1323 his
661 1282 723 1338 ⁷),
756 1299 860 1339 quae
890 1299 1000 1323 nunc
1030 1282 1378 1332 memoravimus,
1410 1283 1634 1338 pluraliter

208 1360 347 1416 primo
366 1362 430 1416 3),
476 1362 751 1416 postmodum
781 1360 1047 1413 singulariter
1074 1361 1252 1401 nardum
1282 1360 1438 1417 posuit.
1501 1360 1633 1415 Quod

208 1451 312 1494 puto
352 1439 583 1479 secundum
624 1438 741 1479 illam
782 1437 989 1479 rationem
1032 1437 1211 1488 dictum,
1259 1438 1354 1494 quia
1392 1440 1632 1492 negotiator

208 1516 325 1568 regni
358 1517 577 1557 coelorum
609 1516 753 1572 plures
783 1516 922 1572 primo
952 1515 1192 1568 margaritas
1218 1516 1467 1568 negotiatur,
1500 1534 1630 1574 usque

208 1610 292 1649 quo
325 1595 377 1635 ad
407 1611 532 1635 unam
563 1593 779 1650 perveniat
809 1594 1049 1649 pretiosam.
1109 1593 1165 1634 Et
1195 1594 1326 1644 forte,
1359 1595 1474 1650 quod
1506 1594 1629 1635 dixit:

208 1671 492 1722 „emissiones
510 1672 552 1727 9)
583 1683 678 1712 tuae
717 1671 931 1727 paradisus
974 1688 1070 1712 cum
1100 1670 1305 1712 fructibus
1344 1679 1632 1727 pomorum:“

209 1750 304 1790 illos
336 1749 494 1790 indicat
523 1751 684 1791 fructus
717 1767 813 1790 cum
844 1749 985 1790 nardis
1014 1748 1233 1805 plurimis,
1281 1765 1384 1806 quos
1416 1750 1631 1792 afferimus

209 1843 258 1868 ex
294 1827 628 1868 institutionibus
679 1840 719 1868 et
769 1827 960 1868 doctrina
1010 1827 1271 1883 prophetica.
1338 1828 1400 1868 Ex
1443 1829 1633 1870 doctrina

209 1921 309 1946 vero
341 1905 470 1961 ipsius
501 1905 680 1946 Domini
710 1905 845 1946 nostri
875 1906 976 1946 Jesu
1008 1905 1163 1948 Christi
1195 1904 1437 1947 emissiones
1466 1918 1632 1947 nostrae

209 1995 251 2023 et
291 1999 467 2024 munera
505 1999 592 2024 non
632 1983 776 2039 plures
813 1983 969 2025 habent
1005 1984 1182 2033 nardos,
1236 1984 1310 2024 sed
1347 1999 1484 2025 unam.
1546 1985 1632 2026 Sed

212 2076 322 2101 nunc
346 2061 566 2102 redeamus
591 2061 643 2102 ad
670 2077 774 2111 eam,
807 2077 911 2118 quae
941 2061 1064 2102 dicit:
1095 2062 1274 2111 „nardus
1294 2062 1362 2118 ¹⁰)
1393 2077 1486 2103 mea
1517 2061 1632 2103 dedit

329 2286 368 2341 ¹)
400 2287 443 2327 II
463 2285 560 2327 Cor.
593 2287 648 2335 ll,
681 2286 745 2328 15.
777 2309 829 2318 --·
859 2287 992 2326 Deest
1022 2282 1246 2336 ‚,Christi“
1277 2283 1317 2323 in
1351 2284 1445 2324 edd.
1479 2286 1538 2327 Μ.

329 2357 370 2410 2)
403 2357 504 2398 ὒΙεε,
523 2357 766 2406 „affeetus.“
798 2354 914 2397 Editi
935 2359 992 2410 (v.
1013 2372 1045 2396 c.
1065 2356 1158 2396 edd.
1178 2355 1258 2409 M.)
1274 2371 1281 2395 :
1299 2355 1550 2405 ‚‚esfectus.“
1580 2357 1630 2398 R.

327 2426 370 2481 ³)
401 2426 552 2469 Matth.
583 2426 740 2476 XXVI,
774 2425 838 2469 10.
873 2425 971 2470 coll.
1003 2426 1135 2467 Marc.
1166 2425 1282 2475 XIV,
1314 2423 1351 2467 6.

328 2496 370 2550 ⁴²)
404 2496 489 2538 Cfr.
527 2496 684 2539 Cantic.
716 2496 788 2546 IV,
822 2495 886 2540 13.
919 2496 982 2539 14.
1016 2519 1066 2526 —
1097 2495 1207 2536 Edd.
1239 2494 1301 2537 M.
1333 2526 1357 2545 ‚‚
1373 2507 1627 2538 constanter:
1668 2549 1674 2554 .

212 2583 397 2625 cyperus.

331 2639 372 2689 ⁵)
406 2638 504 2679 Mss.
538 2650 584 2679 ut
613 2654 689 2679 nos
720 2637 762 2678 in
791 2648 919 2678 textu.
971 2636 1087 2677 Editi
1109 2636 1165 2692 (e.
1195 2652 1225 2676 c.
1246 2637 1340 2679 edd.
1357 2637 1469 2694 M.):
1499 2639 1630 2689 „Nar-

212 2695 288 2735 dus
320 2710 416 2735 cum
448 2695 630 2737 crocis.“
687 2695 738 2736 R.

329 2763 375 2820 ⁶)
405 2765 538 2806 Deest
572 2771 683 2815 „et“
715 2764 757 2805 in
789 2764 884 2804 edd.
915 2764 975 2805 Μ.
1097 2761 1138 2818 7)
1169 2762 1279 2803 Edd.
1309 2763 1371 2805 M.
1402 2762 1535 2813 ‚‚iis.“

331 2835 373 2891 8)
404 2835 514 2878 Edd.
544 2836 605 2877 M.
639 2836 854 2891 „primaf‘
975 2834 1015 2890 9)
1050 2833 1208 2875 Cantic.
1239 2835 1312 2884 IV,
1345 2832 1408 2877 13.

305 2904 371 2957 ¹⁰)
405 2905 565 2946 Cantic.
597 2907 629 2955 I,
662 2906 726 2948 1⁸2.
1455 2916 1457 2918 ’
