1759 3134
688 158 885 199 HommA
914 155 964 195 V.
1474 156 1525 198 75

117 267 318 321 significat
346 269 389 309 in
420 284 470 309 eo
505 269 625 318 loco,
655 268 696 308 in
728 283 811 324 quo
845 282 992 307 eorum
1021 277 1190 321 peccata
1219 265 1417 322 replicat,
1456 267 1528 322 qui

119 355 216 399 post
244 345 373 386 fidem
402 345 444 386 in
473 347 615 387 Deum
644 355 934 401 peccaverunt.

233 421 271 464 4.
319 423 433 464 Haec
463 434 639 478 propter
667 432 847 477 quatuor
874 419 1058 460 ultiones
1087 419 1300 474 pessimas,
1332 436 1436 475 quae
1466 420 1528 460 in-

120 499 327 539 ducuntur
364 516 490 554 super
518 499 763 540 Jerusalem.
822 497 876 538 Et
906 512 1050 537 omnes
1081 495 1274 551 quidem,
1320 497 1392 552 qui
1423 497 1529 537 didi-

123 575 250 615 cimus
288 576 447 617 divinas
484 576 727 631 scripturas,
768 574 855 615 sive
892 575 1022 622 bene,
1062 571 1148 612 sive
1192 573 1301 613 male
1330 573 1529 623 vivamus,

119 651 353 692 Jerusalem
382 669 533 693 sumus.
592 652 639 693 Si
665 651 774 691 male
805 650 1004 699 vivimus,
1036 649 1110 689 illa
1137 649 1393 699 Jerusalem,
1425 667 1528 705 quae

120 729 368 770 cruciatibus
412 730 605 785 punitur,
650 740 692 770 et
735 728 909 768 sustinet
953 738 1132 782 quatuor
1176 727 1359 767 ultiones
1388 726 1446 780 ¹):
1494 728 1526 767 si

117 806 238 856 bene,
269 806 342 846 illa
369 807 616 856 Jerusalem,
647 821 752 862 quae
782 805 823 845 in
852 804 937 844 Dei
966 803 1060 844 sinu
1087 802 1324 858 requiescit.
1382 803 1438 843 Et
1468 815 1529 843 est

116 898 261 935 magna
292 883 496 933 distantia,
526 894 573 922 ut
602 883 644 923 in
673 882 835 938 reliqua
864 893 986 931 terra,
1016 881 1073 921 sic
1105 891 1146 920 et
1175 880 1217 920 in
1247 880 1337 935 ipsa
1363 880 1530 920 Jerusa-

116 959 212 1000 lem.
274 960 430 1002 Omnes
462 960 595 1010 enim,
634 960 705 1015 qui
740 959 783 1000 in
822 957 996 999 ecclesia
1026 969 1269 1013 peccatores
1299 969 1413 1007 sunt,
1456 956 1528 1012 qui

115 1052 353 1077 sermonem
383 1038 467 1078 Dei
496 1048 784 1090 gustaverunt,
824 1047 864 1076 et
899 1034 1260 1087 transgrediuntur
1284 1050 1404 1084 eum,
1440 1050 1529 1074 me-

113 1125 257 1154 rentur
285 1114 512 1170 supplicia,
552 1131 698 1155 verum
732 1130 812 1170 pro
851 1113 982 1153 modo
1013 1113 1217 1165 graduum
1244 1111 1528 1167 unusquisque

113 1191 391 1246 torquebitur.
449 1190 660 1248 BIajorem
688 1207 871 1246 poenasn
899 1191 1046 1238 habet,
1077 1188 1151 1244 qui
1181 1187 1380 1228 ecclesiae
1409 1204 1529 1243 prae-

115 1266 242 1317 sidet,
284 1279 324 1308 et
354 1267 573 1322 delinquit.
633 1269 699 1307 An
727 1284 812 1307 non
842 1266 970 1319 magis
999 1263 1332 1306 misericordiam
1359 1280 1529 1319 promc-

116 1356 231 1384 retur
259 1346 312 1384 ad
343 1344 701 1399 comparationem
741 1344 878 1384 fidelis
910 1341 1260 1384 catechumenus?
1314 1342 1413 1382 Non
1440 1357 1529 1381 ma—

113 1420 172 1472 gis
210 1421 331 1461 venia
370 1421 516 1472 dignus
557 1431 617 1460 est
657 1420 809 1469 laicus,
854 1420 888 1460 si
926 1421 978 1460 ad
1009 1420 1234 1459 diaconum
1264 1417 1530 1458 conferatur?

112 1497 168 1537 Et
190 1497 232 1553 2)
270 1514 434 1537 rursum
474 1497 787 1551 comparatione
827 1495 1082 1554 presbyteri,
1123 1494 1324 1535 diaconus
1363 1493 1528 1534 veniam

112 1574 207 1629 plus
244 1574 458 1616 meretur?
517 1573 637 1628 Quae
675 1585 814 1614 autem
853 1584 1102 1628 sequantur,
1145 1588 1214 1612 me
1252 1583 1416 1612 tacente
1458 1588 1529 1612 co-

113 1650 319 1702 gnoscitis.
380 1651 543 1692 Idcirco
583 1650 815 1691 formidans
844 1649 1050 1706 judicium
1079 1648 1188 1698 Dei,
1230 1659 1273 1688 et
1301 1660 1395 1688 ante
1428 1665 1528 1689 ocu-

112 1727 176 1767 los
216 1727 320 1767 mihi
358 1744 600 1783 proponens
636 1727 760 1767 illum
798 1726 945 1783 judicii
985 1725 1201 1774 ordinem,
1241 1725 1313 1780 qui
1343 1725 1386 1764 in
1416 1725 1529 1766 Scri-

111 1803 245 1858 pturis
277 1804 537 1853 continetur,
576 1805 781 1843 recordor
812 1802 913 1843 dicti
943 1802 1078 1842 illius:
1118 1802 1320 1856 „pondus
1346 1802 1387 1857 ³)
1417 1802 1526 1841 ultra

110 1891 151 1919 te
183 1896 235 1920 ne
266 1881 420 1921 leves.“
478 1881 565 1922 Sed
596 1892 636 1920 et
663 1880 792 1920 illud:
824 1879 943 1929 „noli
964 1880 1005 1936 ⁴)
1037 1895 1237 1934 quaerere
1267 1877 1359 1918 fieri
1387 1877 1526 1936 judex,

112 1973 162 1996 ne
201 1973 287 1997 non
326 1957 461 1997 valeas
499 1957 661 1997 auferre
700 1957 981 2012 iniquitates.“
1041 1956 1159 2010 Quid
1196 1955 1300 1995 mihi
1338 1956 1525 2010 prodest,

112 2033 209 2089 quia
237 2033 356 2089 prior
386 2035 512 2074 sedeo
543 2034 586 2075 in
616 2034 808 2074 cathedra
838 2033 1079 2089 resupinus,
1119 2033 1329 2072 honorem
1357 2030 1526 2087 majoris

111 2110 286 2166 accipio,
317 2127 394 2151 nec
423 2128 594 2166 possum
624 2112 778 2152 habere
800 2111 998 2163 dignitate
1020 2125 1115 2149 mea
1140 2125 1269 2164 opera
1296 2107 1528 2160 condigna?

111 2190 263 2229 Nonne
293 2187 443 2244 majori
469 2205 607 2244 poena
637 2189 878 2239 cruciabor,
923 2187 1020 2244 quia
1048 2188 1187 2227 honor
1214 2185 1314 2244 justi
1341 2185 1446 2225 mihi
1475 2187 1527 2226 ab

113 2266 306 2306 omnihus
344 2266 553 2316 defertur,
594 2282 689 2306 cum
727 2277 926 2322 peccator
966 2264 1072 2306 sim?
1128 2263 1417 2304 Necessarium
1447 2261 1528 2301 suit

112 2342 349 2395 diligentius
378 2354 672 2384 retractantem
703 2360 768 2393 ca,
807 2360 912 2399 quae
943 2344 995 2384 de
1027 2353 1208 2398 quatuor
1235 2352 1370 2380 terrae
1397 2338 1527 2379 ultio-

112 2419 232 2460 nibus
264 2419 525 2470 dicebantur,
560 2420 603 2460 id
634 2422 810 2471 addere,
842 2421 956 2477 quod
986 2419 1221 2461 Jerusalem
1251 2417 1407 2474 quippe
1441 2427 1526 2456 erat

113 2496 153 2536 in
184 2496 296 2536 tribu
325 2496 564 2556 Beniamin:
604 2510 644 2539 et
680 2499 916 2539 sacerdotes
954 2497 1128 2553 templi,
1174 2506 1214 2536 et
1242 2495 1416 2544 levitae,
1456 2492 1527 2548 qui

232 2665 268 2718 ¹)
300 2663 407 2703 Edd.
438 2665 498 2705 M.
528 2681 771 2721 perperam:
803 2667 1044 2716 „ultioncsz
1074 2665 1160 2706 sive
1191 2664 1264 2704 illa
1295 2669 1401 2703 etc.“

229 2734 270 2784 2)
302 2734 433 2772 Deest
464 2734 585 2783 „Et“
616 2735 657 2775 in
691 2737 754 2777 cd.
786 2737 930 2777 Ruaei.

230 2805 271 2858 3)
308 2804 392 2844 Csr.
425 2804 522 2859 Sap.
554 2804 683 2847 Sirac.
713 2807 808 2856 VH,
840 2807 904 2849 15.
937 2803 1261 2861 (Ecclesiastic.)

232 2874 272 2929 4)
306 2876 402 2929 5η).
437 2874 563 2916 Sirac.
595 2876 689 2924 VH,
720 2874 757 2917 6.
790 2875 1109 2930 (Ecclesiastic.)
