<?xml version="1.0" encoding="UTF-8"?>
<!DOCTYPE html PUBLIC "-//W3C//DTD XHTML 1.0 Transitional//EN"
    "http://www.w3.org/TR/xhtml1/DTD/xhtml1-transitional.dtd">
<html xmlns="http://www.w3.org/1999/xhtml" xml:lang="en" lang="en">
 <head>
  <title>
</title>
<meta http-equiv="Content-Type" content="text/html;charset=utf-8" />
  <meta name='ocr-system' content='tesseract 3.04.00' />
  <meta name='ocr-capabilities' content='ocr_page ocr_carea ocr_par ocr_line ocrx_word'/>
</head>
<body>
  <div class='ocr_page' id='page_1' title='image "./operaomniaquaegr14orig/operaomniaquaegr14orig_0369.png"; bbox 0 0 1759 3134; ppageno 0'>
   <div class='ocr_carea' id='block_1_1' title="bbox 706 124 1518 168">
    <p class='ocr_par' dir='ltr' id='par_1_1' title="bbox 706 124 1518 168">
     <span class='ocr_line' id='line_1_1' title="bbox 706 124 1518 168; baseline 0.002 -3"><span class='ocrx_word' id='word_1_1' title='bbox 706 125 845 166; x_wconf 74' lang='lat' dir='ltr'><strong>Ltmm</strong></span> <span class='ocrx_word' id='word_1_2' title='bbox 877 125 908 165; x_wconf 91' lang='grc' dir='ltr'><strong>Ι.</strong></span> <span class='ocrx_word' id='word_1_3' title='bbox 1436 124 1518 168; x_wconf 86' lang='grc'><strong>353</strong></span> 
     </span>
    </p>
   </div>
   <div class='ocr_carea' id='block_1_2' title="bbox 100 234 1522 2307">
    <p class='ocr_par' dir='ltr' id='par_1_2' title="bbox 100 234 1522 1765">
     <span class='ocr_line' id='line_1_2' title="bbox 109 234 1519 293; baseline -0.001 -15"><span class='ocrx_word' id='word_1_4' title='bbox 109 254 213 293; x_wconf 81' lang='lat' dir='ltr'><strong>quae</strong></span> <span class='ocrx_word' id='word_1_5' title='bbox 244 239 295 278; x_wconf 91' lang='lat' dir='ltr'><strong>de</strong></span> <span class='ocrx_word' id='word_1_6' title='bbox 328 254 374 279; x_wconf 89' lang='lat' dir='ltr'><strong>ea</strong></span> <span class='ocrx_word' id='word_1_7' title='bbox 402 238 687 293; x_wconf 79' lang='lat' dir='ltr'><strong>plenitudine,</strong></span> <span class='ocrx_word' id='word_1_8' title='bbox 730 255 778 278; x_wconf 82' lang='lat' dir='ltr'><strong>ex</strong></span> <span class='ocrx_word' id='word_1_9' title='bbox 816 253 895 293; x_wconf 87' lang='lat' dir='ltr'><strong>qua</strong></span> <span class='ocrx_word' id='word_1_10' title='bbox 925 251 967 277; x_wconf 91' lang='lat' dir='ltr'><strong>se</strong></span> <span class='ocrx_word' id='word_1_11' title='bbox 998 236 1071 276; x_wconf 89' lang='lat' dir='ltr'><strong>ille</strong></span> <span class='ocrx_word' id='word_1_12' title='bbox 1103 234 1349 286; x_wconf 80' lang='lat' dir='ltr'><strong>exinanivit,</strong></span> <span class='ocrx_word' id='word_1_13' title='bbox 1390 248 1429 276; x_wconf 86' lang='lat' dir='ltr'><strong>et</strong></span> <span class='ocrx_word' id='word_1_14' title='bbox 1459 237 1519 277; x_wconf 85' lang='lat' dir='ltr'><strong>fa-</strong></span> 
     </span>
     <span class='ocr_line' id='line_1_3' title="bbox 109 312 1518 369; baseline -0.002 -13"><span class='ocrx_word' id='word_1_15' title='bbox 109 326 224 356; x_wconf 86' lang='lat' dir='ltr'><strong>ctum</strong></span> <span class='ocrx_word' id='word_1_16' title='bbox 255 328 315 356; x_wconf 91' lang='lat' dir='ltr'><strong>est</strong></span> <span class='ocrx_word' id='word_1_17' title='bbox 343 327 600 368; x_wconf 84' lang='lat' dir='ltr'><strong>unguentum</strong></span> <span class='ocrx_word' id='word_1_18' title='bbox 631 314 885 356; x_wconf 81' lang='lat' dir='ltr'><strong>exinanitum</strong></span> <span class='ocrx_word' id='word_1_19' title='bbox 914 329 1070 354; x_wconf 89' lang='lat' dir='ltr'><strong>nomen</strong></span> <span class='ocrx_word' id='word_1_20' title='bbox 1101 312 1209 369; x_wconf 78' lang='lat' dir='ltr'><strong>ejus,</strong></span> <span class='ocrx_word' id='word_1_21' title='bbox 1238 312 1518 368; x_wconf 81' lang='lat' dir='ltr'>percipientes</span> 
     </span>
     <span class='ocr_line' id='line_1_4' title="bbox 107 391 1519 448; baseline -0.003 -15"><span class='ocrx_word' id='word_1_22' title='bbox 107 392 271 434; x_wconf 84' lang='lat' dir='ltr'><strong>dicunt:</strong></span> <span class='ocrx_word' id='word_1_23' title='bbox 303 403 438 448; x_wconf 85' lang='lat' dir='ltr'><strong>„post</strong></span> <span class='ocrx_word' id='word_1_24' title='bbox 462 392 499 447; x_wconf 90' lang='lat'><strong>¹)</strong></span> <span class='ocrx_word' id='word_1_25' title='bbox 530 404 571 433; x_wconf 88' lang='lat' dir='ltr'><strong>te</strong></span> <span class='ocrx_word' id='word_1_26' title='bbox 602 392 645 432; x_wconf 89' lang='lat' dir='ltr'><strong>in</strong></span> <span class='ocrx_word' id='word_1_27' title='bbox 677 391 854 432; x_wconf 87' lang='lat' dir='ltr'><strong>odorem</strong></span> <span class='ocrx_word' id='word_1_28' title='bbox 883 401 1195 443; x_wconf 83' lang='lat' dir='ltr'><strong>unguentorum</strong></span> <span class='ocrx_word' id='word_1_29' title='bbox 1225 402 1397 430; x_wconf 87' lang='lat' dir='ltr'><strong>tuorum</strong></span> <span class='ocrx_word' id='word_1_30' title='bbox 1428 407 1519 430; x_wconf 88' lang='lat' dir='ltr'><strong>cur-</strong></span> 
     </span>
     <span class='ocr_line' id='line_1_5' title="bbox 108 466 1521 523; baseline -0.001 -14"><span class='ocrx_word' id='word_1_31' title='bbox 108 476 287 512; x_wconf 86' lang='lat' dir='ltr'><strong>remus.“</strong></span> <span class='ocrx_word' id='word_1_32' title='bbox 332 469 422 510; x_wconf 77' lang='lat' dir='ltr'><strong>Nisi</strong></span> <span class='ocrx_word' id='word_1_33' title='bbox 454 469 565 510; x_wconf 90' lang='lat' dir='ltr'><strong>enim</strong></span> <span class='ocrx_word' id='word_1_34' title='bbox 597 468 842 510; x_wconf 82' lang='lat' dir='ltr'><strong>exinanisset</strong></span> <span class='ocrx_word' id='word_1_35' title='bbox 870 478 1143 521; x_wconf 87' lang='lat' dir='ltr'><strong>unguentum,</strong></span> <span class='ocrx_word' id='word_1_36' title='bbox 1173 466 1254 507; x_wconf 86' lang='lat' dir='ltr'><strong>hoc</strong></span> <span class='ocrx_word' id='word_1_37' title='bbox 1281 479 1354 517; x_wconf 89' lang='lat' dir='ltr'><strong>est,</strong></span> <span class='ocrx_word' id='word_1_38' title='bbox 1384 468 1521 523; x_wconf 86' lang='lat' dir='ltr'><strong>pleni-</strong></span> 
     </span>
     <span class='ocr_line' id='line_1_6' title="bbox 105 545 1519 602; baseline -0.002 -15"><span class='ocrx_word' id='word_1_39' title='bbox 105 547 294 588; x_wconf 87' lang='lat' dir='ltr'><strong>tudinem</strong></span> <span class='ocrx_word' id='word_1_40' title='bbox 333 546 463 588; x_wconf 84' lang='lat' dir='ltr'><strong>divini</strong></span> <span class='ocrx_word' id='word_1_41' title='bbox 493 547 692 602; x_wconf 83' lang='lat' dir='ltr'><strong>Spiritus,</strong></span> <span class='ocrx_word' id='word_1_42' title='bbox 733 558 774 587; x_wconf 91' lang='lat' dir='ltr'><strong>et</strong></span> <span class='ocrx_word' id='word_1_43' title='bbox 809 545 1068 586; x_wconf 78' lang='lat' dir='ltr'><strong>humiliasset</strong></span> <span class='ocrx_word' id='word_1_44' title='bbox 1106 561 1148 585; x_wconf 91' lang='lat' dir='ltr'><strong>se</strong></span> <span class='ocrx_word' id='word_1_45' title='bbox 1186 561 1317 600; x_wconf 89' lang='lat' dir='ltr'><strong>usque</strong></span> <span class='ocrx_word' id='word_1_46' title='bbox 1351 545 1402 585; x_wconf 83' lang='lat' dir='ltr'><strong>ad</strong></span> <span class='ocrx_word' id='word_1_47' title='bbox 1433 546 1519 585; x_wconf 86' lang='lat' dir='ltr'><strong>for-</strong></span> 
     </span>
     <span class='ocr_line' id='line_1_7' title="bbox 105 621 1520 680; baseline -0.002 -15"><span class='ocrx_word' id='word_1_48' title='bbox 105 640 215 665; x_wconf 85' lang='lat' dir='ltr'><strong>mam</strong></span> <span class='ocrx_word' id='word_1_49' title='bbox 253 623 383 674; x_wconf 84' lang='lat' dir='ltr'><strong>servi,</strong></span> <span class='ocrx_word' id='word_1_50' title='bbox 423 640 570 680; x_wconf 78' lang='lat' dir='ltr'><strong>capere</strong></span> <span class='ocrx_word' id='word_1_51' title='bbox 611 640 706 665; x_wconf 90' lang='lat' dir='ltr'><strong>eum</strong></span> <span class='ocrx_word' id='word_1_52' title='bbox 745 624 890 664; x_wconf 88' lang='lat' dir='ltr'><strong>nullus</strong></span> <span class='ocrx_word' id='word_1_53' title='bbox 931 624 974 664; x_wconf 89' lang='lat' dir='ltr'><strong>in</strong></span> <span class='ocrx_word' id='word_1_54' title='bbox 1015 623 1088 664; x_wconf 83' lang='lat' dir='ltr'><strong>illa</strong></span> <span class='ocrx_word' id='word_1_55' title='bbox 1128 621 1355 663; x_wconf 87' lang='lat' dir='ltr'><strong>divinitatis</strong></span> <span class='ocrx_word' id='word_1_56' title='bbox 1385 621 1520 677; x_wconf 86' lang='lat' dir='ltr'><strong>pleni-</strong></span> 
     </span>
     <span class='ocr_line' id='line_1_8' title="bbox 104 700 1520 756; baseline -0.001 -15"><span class='ocrx_word' id='word_1_57' title='bbox 104 700 247 741; x_wconf 82' lang='lat' dir='ltr'><strong>tudine</strong></span> <span class='ocrx_word' id='word_1_58' title='bbox 277 700 506 756; x_wconf 87' lang='lat' dir='ltr'><strong>potuisset,</strong></span> <span class='ocrx_word' id='word_1_59' title='bbox 534 700 614 742; x_wconf 90' lang='lat' dir='ltr'><strong>nisi</strong></span> <span class='ocrx_word' id='word_1_60' title='bbox 643 700 733 742; x_wconf 85' lang='lat' dir='ltr'><strong>sola</strong></span> <span class='ocrx_word' id='word_1_61' title='bbox 762 700 948 741; x_wconf 83' lang='lat' dir='ltr'><strong>fortassis</strong></span> <span class='ocrx_word' id='word_1_62' title='bbox 978 716 1152 756; x_wconf 83' lang='lat' dir='ltr'><strong>sponsa,</strong></span> <span class='ocrx_word' id='word_1_63' title='bbox 1182 715 1261 756; x_wconf 89' lang='lat' dir='ltr'><strong>pro</strong></span> <span class='ocrx_word' id='word_1_64' title='bbox 1295 715 1370 750; x_wconf 83' lang='lat' dir='ltr'><strong>cO,</strong></span> <span class='ocrx_word' id='word_1_65' title='bbox 1402 700 1520 756; x_wconf 91' lang='lat' dir='ltr'><strong>quod</strong></span> 
     </span>
     <span class='ocr_line' id='line_1_9' title="bbox 103 776 1521 835; baseline 0.002 -18"><span class='ocrx_word' id='word_1_66' title='bbox 103 777 270 818; x_wconf 83' lang='lat' dir='ltr'><strong>videtur</strong></span> <span class='ocrx_word' id='word_1_67' title='bbox 307 777 513 829; x_wconf 85' lang='lat' dir='ltr'><strong>indicare,</strong></span> <span class='ocrx_word' id='word_1_68' title='bbox 556 777 652 835; x_wconf 85' lang='lat' dir='ltr'><strong>quia</strong></span> <span class='ocrx_word' id='word_1_69' title='bbox 687 789 946 831; x_wconf 86' lang='lat' dir='ltr'><strong>unguentum</strong></span> <span class='ocrx_word' id='word_1_70' title='bbox 987 777 1099 819; x_wconf 88' lang='lat' dir='ltr'><strong>istud</strong></span> <span class='ocrx_word' id='word_1_71' title='bbox 1141 776 1397 820; x_wconf 80' lang='lat' dir='ltr'><strong>exinanitum</strong></span> <span class='ocrx_word' id='word_1_72' title='bbox 1432 795 1521 820; x_wconf 89' lang='lat' dir='ltr'><strong>non</strong></span> 
     </span>
     <span class='ocr_line' id='line_1_10' title="bbox 101 853 1521 905; baseline 0.001 -10"><span class='ocrx_word' id='word_1_73' title='bbox 101 853 204 905; x_wconf 87' lang='lat' dir='ltr'><strong>sibi,</strong></span> <span class='ocrx_word' id='word_1_74' title='bbox 247 855 320 896; x_wconf 85' lang='lat' dir='ltr'><strong>sed</strong></span> <span class='ocrx_word' id='word_1_75' title='bbox 359 855 681 897; x_wconf 83' lang='lat' dir='ltr'><strong>adolescentulis</strong></span> <span class='ocrx_word' id='word_1_76' title='bbox 721 854 960 897; x_wconf 86' lang='lat' dir='ltr'><strong>dilectionis</strong></span> <span class='ocrx_word' id='word_1_77' title='bbox 999 854 1164 896; x_wconf 89' lang='lat' dir='ltr'><strong>dederit</strong></span> <span class='ocrx_word' id='word_1_78' title='bbox 1200 871 1375 899; x_wconf 85' lang='lat' dir='ltr'><strong>causam.</strong></span> <span class='ocrx_word' id='word_1_79' title='bbox 1451 855 1521 898; x_wconf 90' lang='lat' dir='ltr'><strong>Sic</strong></span> 
     </span>
     <span class='ocr_line' id='line_1_11' title="bbox 103 931 1522 989; baseline 0.001 -17"><span class='ocrx_word' id='word_1_80' title='bbox 103 931 216 972; x_wconf 88' lang='lat' dir='ltr'><strong>enim</strong></span> <span class='ocrx_word' id='word_1_81' title='bbox 247 931 362 973; x_wconf 91' lang='lat' dir='ltr'><strong>dicit:</strong></span> <span class='ocrx_word' id='word_1_82' title='bbox 402 933 745 988; x_wconf 78' lang='lat' dir='ltr'><strong>„unguentum²)</strong></span> <span class='ocrx_word' id='word_1_83' title='bbox 777 932 1032 974; x_wconf 82' lang='lat' dir='ltr'><strong>exinanitum</strong></span> <span class='ocrx_word' id='word_1_84' title='bbox 1061 949 1218 973; x_wconf 90' lang='lat' dir='ltr'><strong>nomen</strong></span> <span class='ocrx_word' id='word_1_85' title='bbox 1249 945 1390 974; x_wconf 87' lang='lat' dir='ltr'><strong>tuum:</strong></span> <span class='ocrx_word' id='word_1_86' title='bbox 1421 949 1522 989; x_wconf 81' lang='lat' dir='ltr'><strong>pro-</strong></span> 
     </span>
     <span class='ocr_line' id='line_1_12' title="bbox 102 1009 1522 1066; baseline 0 -15"><span class='ocrx_word' id='word_1_87' title='bbox 102 1021 249 1066; x_wconf 86' lang='lat' dir='ltr'><strong>pterea</strong></span> <span class='ocrx_word' id='word_1_88' title='bbox 280 1010 619 1051; x_wconf 80' lang='lat' dir='ltr'><strong>adolescentulae</strong></span> <span class='ocrx_word' id='word_1_89' title='bbox 650 1009 886 1052; x_wconf 86' lang='lat' dir='ltr'><strong>dilexerunt</strong></span> <span class='ocrx_word' id='word_1_90' title='bbox 915 1017 998 1054; x_wconf 79' lang='lat' dir='ltr'><strong>te.“</strong></span> <span class='ocrx_word' id='word_1_91' title='bbox 1057 1012 1120 1051; x_wconf 87' lang='lat' dir='ltr'><strong>Ac</strong></span> <span class='ocrx_word' id='word_1_92' title='bbox 1150 1009 1184 1051; x_wconf 89' lang='lat' dir='ltr'><strong>si</strong></span> <span class='ocrx_word' id='word_1_93' title='bbox 1205 1010 1386 1051; x_wconf 87' lang='lat' dir='ltr'><strong>diceret:</strong></span> <span class='ocrx_word' id='word_1_94' title='bbox 1419 1011 1522 1051; x_wconf 87' lang='lat' dir='ltr'><strong>ado-</strong></span> 
     </span>
     <span class='ocr_line' id='line_1_13' title="bbox 102 1086 1522 1145; baseline 0.001 -17"><span class='ocrx_word' id='word_1_95' title='bbox 102 1086 358 1128; x_wconf 87' lang='lat' dir='ltr'><strong>lescentulae</strong></span> <span class='ocrx_word' id='word_1_96' title='bbox 389 1087 562 1145; x_wconf 87' lang='lat' dir='ltr'><strong>quidem</strong></span> <span class='ocrx_word' id='word_1_97' title='bbox 589 1099 816 1144; x_wconf 85' lang='lat' dir='ltr'><strong>propterea</strong></span> <span class='ocrx_word' id='word_1_98' title='bbox 834 1087 1072 1128; x_wconf 87' lang='lat' dir='ltr'><strong>dilexerunt</strong></span> <span class='ocrx_word' id='word_1_99' title='bbox 1091 1098 1145 1137; x_wconf 90' lang='lat' dir='ltr'><strong>te,</strong></span> <span class='ocrx_word' id='word_1_100' title='bbox 1179 1086 1274 1143; x_wconf 90' lang='lat' dir='ltr'><strong>quia</strong></span> <span class='ocrx_word' id='word_1_101' title='bbox 1304 1087 1522 1129; x_wconf 84' lang='lat' dir='ltr'><strong>exinanisti</strong></span> 
     </span>
     <span class='ocr_line' id='line_1_14' title="bbox 100 1164 1518 1218; baseline 0.001 -13"><span class='ocrx_word' id='word_1_102' title='bbox 100 1175 144 1205; x_wconf 82' lang='lat' dir='ltr'><strong>te</strong></span> <span class='ocrx_word' id='word_1_103' title='bbox 183 1165 234 1205; x_wconf 91' lang='lat' dir='ltr'><strong>de</strong></span> <span class='ocrx_word' id='word_1_104' title='bbox 272 1166 410 1207; x_wconf 83' lang='lat' dir='ltr'><strong>forma</strong></span> <span class='ocrx_word' id='word_1_105' title='bbox 444 1164 553 1215; x_wconf 89' lang='lat' dir='ltr'><strong>Dei,</strong></span> <span class='ocrx_word' id='word_1_106' title='bbox 595 1176 636 1206; x_wconf 90' lang='lat' dir='ltr'><strong>et</strong></span> <span class='ocrx_word' id='word_1_107' title='bbox 673 1166 830 1206; x_wconf 86' lang='lat' dir='ltr'><strong>factum</strong></span> <span class='ocrx_word' id='word_1_108' title='bbox 867 1177 927 1206; x_wconf 88' lang='lat' dir='ltr'><strong>est</strong></span> <span class='ocrx_word' id='word_1_109' title='bbox 964 1176 1225 1218; x_wconf 80' lang='lat' dir='ltr'><strong>unguentum</strong></span> <span class='ocrx_word' id='word_1_110' title='bbox 1264 1165 1518 1207; x_wconf 84' lang='lat' dir='ltr'><strong>exinanitum</strong></span> 
     </span>
     <span class='ocr_line' id='line_1_15' title="bbox 100 1242 1519 1299; baseline 0.001 -17"><span class='ocrx_word' id='word_1_111' title='bbox 100 1257 258 1283; x_wconf 87' lang='lat' dir='ltr'><strong>nomen</strong></span> <span class='ocrx_word' id='word_1_112' title='bbox 286 1254 420 1286; x_wconf 87' lang='lat' dir='ltr'><strong>tuum.</strong></span> <span class='ocrx_word' id='word_1_113' title='bbox 478 1242 568 1296; x_wconf 88' lang='lat' dir='ltr'><strong>Ego</strong></span> <span class='ocrx_word' id='word_1_114' title='bbox 590 1242 632 1299; x_wconf 80' lang='lat'><strong>3)</strong></span> <span class='ocrx_word' id='word_1_115' title='bbox 662 1254 802 1284; x_wconf 78' lang='lat' dir='ltr'><strong>autem</strong></span> <span class='ocrx_word' id='word_1_116' title='bbox 830 1259 919 1284; x_wconf 90' lang='lat' dir='ltr'><strong>non</strong></span> <span class='ocrx_word' id='word_1_117' title='bbox 948 1259 1027 1299; x_wconf 90' lang='lat' dir='ltr'><strong>pro</strong></span> <span class='ocrx_word' id='word_1_118' title='bbox 1061 1242 1269 1284; x_wconf 86' lang='lat' dir='ltr'><strong>exinanito</strong></span> <span class='ocrx_word' id='word_1_119' title='bbox 1293 1255 1519 1298; x_wconf 86' lang='lat' dir='ltr'><strong>unguento,</strong></span> 
     </span>
     <span class='ocr_line' id='line_1_16' title="bbox 102 1319 1518 1377; baseline 0.001 -17"><span class='ocrx_word' id='word_1_120' title='bbox 102 1320 176 1360; x_wconf 87' lang='lat' dir='ltr'><strong>sed</strong></span> <span class='ocrx_word' id='word_1_121' title='bbox 213 1336 291 1377; x_wconf 89' lang='lat' dir='ltr'><strong>pro</strong></span> <span class='ocrx_word' id='word_1_122' title='bbox 335 1319 424 1376; x_wconf 87' lang='lat' dir='ltr'><strong>ipsa</strong></span> <span class='ocrx_word' id='word_1_123' title='bbox 463 1331 772 1373; x_wconf 84' lang='lat' dir='ltr'><strong>unguentorum</strong></span> <span class='ocrx_word' id='word_1_124' title='bbox 814 1319 1079 1376; x_wconf 86' lang='lat' dir='ltr'><strong>plenitudine</strong></span> <span class='ocrx_word' id='word_1_125' title='bbox 1125 1320 1252 1361; x_wconf 85' lang='lat' dir='ltr'><strong>dilexi</strong></span> <span class='ocrx_word' id='word_1_126' title='bbox 1296 1333 1350 1363; x_wconf 88' lang='lat' dir='ltr'><strong>te.</strong></span> <span class='ocrx_word' id='word_1_127' title='bbox 1423 1321 1518 1362; x_wconf 91' lang='lat' dir='ltr'><strong>Hoc</strong></span> 
     </span>
     <span class='ocr_line' id='line_1_17' title="bbox 104 1396 1518 1452; baseline 0.001 -14"><span class='ocrx_word' id='word_1_128' title='bbox 104 1397 216 1438; x_wconf 86' lang='lat' dir='ltr'><strong>enim</strong></span> <span class='ocrx_word' id='word_1_129' title='bbox 246 1397 403 1438; x_wconf 87' lang='lat' dir='ltr'><strong>indicat</strong></span> <span class='ocrx_word' id='word_1_130' title='bbox 432 1397 475 1437; x_wconf 90' lang='lat' dir='ltr'><strong>in</strong></span> <span class='ocrx_word' id='word_1_131' title='bbox 506 1413 557 1438; x_wconf 92' lang='lat' dir='ltr'><strong>eo</strong></span> <span class='ocrx_word' id='word_1_132' title='bbox 590 1397 702 1448; x_wconf 90' lang='lat' dir='ltr'><strong>loco,</strong></span> <span class='ocrx_word' id='word_1_133' title='bbox 731 1396 805 1437; x_wconf 88' lang='lat' dir='ltr'><strong>uhi</strong></span> <span class='ocrx_word' id='word_1_134' title='bbox 828 1396 948 1438; x_wconf 87' lang='lat' dir='ltr'><strong>dicit:</strong></span> <span class='ocrx_word' id='word_1_135' title='bbox 981 1396 1174 1451; x_wconf 72' lang='lat' dir='ltr'><strong>‚,0dor⁴)</strong></span> <span class='ocrx_word' id='word_1_136' title='bbox 1209 1410 1518 1452; x_wconf 85' lang='lat' dir='ltr'><strong>unguentorum</strong></span> 
     </span>
     <span class='ocr_line' id='line_1_18' title="bbox 100 1474 1521 1532; baseline 0.002 -17"><span class='ocrx_word' id='word_1_137' title='bbox 100 1486 271 1515; x_wconf 88' lang='lat' dir='ltr'><strong>tuorum</strong></span> <span class='ocrx_word' id='word_1_138' title='bbox 308 1490 434 1531; x_wconf 85' lang='lat' dir='ltr'><strong>super</strong></span> <span class='ocrx_word' id='word_1_139' title='bbox 473 1474 614 1516; x_wconf 84' lang='lat' dir='ltr'><strong>omnia</strong></span> <span class='ocrx_word' id='word_1_140' title='bbox 654 1480 889 1515; x_wconf 84' lang='lat' dir='ltr'><strong>aromata.“</strong></span> <span class='ocrx_word' id='word_1_141' title='bbox 951 1474 1083 1528; x_wconf 82' lang='lat' dir='ltr'><strong>Quod</strong></span> <span class='ocrx_word' id='word_1_142' title='bbox 1122 1491 1222 1517; x_wconf 85' lang='lat' dir='ltr'><strong>vero</strong></span> <span class='ocrx_word' id='word_1_143' title='bbox 1266 1476 1392 1517; x_wconf 89' lang='lat' dir='ltr'><strong>etiam</strong></span> <span class='ocrx_word' id='word_1_144' title='bbox 1431 1476 1521 1532; x_wconf 87' lang='lat' dir='ltr'><strong>ipsa</strong></span> 
     </span>
     <span class='ocr_line' id='line_1_19' title="bbox 100 1551 1518 1608; baseline 0.002 -16"><span class='ocrx_word' id='word_1_145' title='bbox 100 1568 196 1593; x_wconf 87' lang='lat' dir='ltr'><strong>cum</strong></span> <span class='ocrx_word' id='word_1_146' title='bbox 235 1551 561 1593; x_wconf 87' lang='lat' dir='ltr'><strong>adolescentulis</strong></span> <span class='ocrx_word' id='word_1_147' title='bbox 599 1564 699 1608; x_wconf 89' lang='lat' dir='ltr'><strong>post</strong></span> <span class='ocrx_word' id='word_1_148' title='bbox 736 1552 874 1608; x_wconf 89' lang='lat' dir='ltr'><strong>ipsum</strong></span> <span class='ocrx_word' id='word_1_149' title='bbox 915 1568 959 1592; x_wconf 90' lang='lat' dir='ltr'><strong>se</strong></span> <span class='ocrx_word' id='word_1_150' title='bbox 1001 1569 1213 1594; x_wconf 81' lang='lat' dir='ltr'><strong>cursuram</strong></span> <span class='ocrx_word' id='word_1_151' title='bbox 1251 1554 1374 1605; x_wconf 84' lang='lat' dir='ltr'><strong>dicit,</strong></span> <span class='ocrx_word' id='word_1_152' title='bbox 1414 1555 1518 1596; x_wconf 87' lang='lat' dir='ltr'><strong>hanc</strong></span> 
     </span>
     <span class='ocr_line' id='line_1_20' title="bbox 100 1629 1519 1686; baseline 0.001 -15"><span class='ocrx_word' id='word_1_153' title='bbox 100 1630 166 1671; x_wconf 83' lang='lat' dir='ltr'><strong>aio</strong></span> <span class='ocrx_word' id='word_1_154' title='bbox 208 1647 294 1671; x_wconf 89' lang='lat' dir='ltr'><strong>esse</strong></span> <span class='ocrx_word' id='word_1_155' title='bbox 333 1646 520 1680; x_wconf 82' lang='lat' dir='ltr'><strong>causam,</strong></span> <span class='ocrx_word' id='word_1_156' title='bbox 565 1630 681 1685; x_wconf 89' lang='lat' dir='ltr'><strong>quod</strong></span> <span class='ocrx_word' id='word_1_157' title='bbox 723 1629 902 1686; x_wconf 87' lang='lat' dir='ltr'><strong>perfecti</strong></span> <span class='ocrx_word' id='word_1_158' title='bbox 942 1629 1097 1686; x_wconf 84' lang='lat' dir='ltr'><strong>quique</strong></span> <span class='ocrx_word' id='word_1_159' title='bbox 1143 1631 1283 1672; x_wconf 84' lang='lat' dir='ltr'><strong>omnia</strong></span> <span class='ocrx_word' id='word_1_160' title='bbox 1324 1632 1519 1673; x_wconf 87' lang='lat' dir='ltr'><strong>omnibus</strong></span> 
     </span>
     <span class='ocr_line' id='line_1_21' title="bbox 100 1706 1518 1765; baseline 0.001 -16"><span class='ocrx_word' id='word_1_161' title='bbox 100 1707 224 1759; x_wconf 85' lang='lat' dir='ltr'><strong>fiant,</strong></span> <span class='ocrx_word' id='word_1_162' title='bbox 258 1720 304 1749; x_wconf 92' lang='lat' dir='ltr'><strong>ut</strong></span> <span class='ocrx_word' id='word_1_163' title='bbox 334 1724 479 1749; x_wconf 88' lang='lat' dir='ltr'><strong>omnes</strong></span> <span class='ocrx_word' id='word_1_164' title='bbox 509 1707 793 1757; x_wconf 82' lang='lat' dir='ltr'><strong>lucrifaciant,</strong></span> <span class='ocrx_word' id='word_1_165' title='bbox 831 1706 940 1747; x_wconf 88' lang='lat' dir='ltr'><strong>sicut</strong></span> <span class='ocrx_word' id='word_1_166' title='bbox 968 1706 1051 1765; x_wconf 83' lang='lat' dir='ltr'><strong>jam</strong></span> <span class='ocrx_word' id='word_1_167' title='bbox 1083 1724 1206 1764; x_wconf 84' lang='lat' dir='ltr'><strong>supra</strong></span> <span class='ocrx_word' id='word_1_168' title='bbox 1239 1709 1518 1765; x_wconf 86' lang='lat' dir='ltr'><strong>exposuimus.</strong></span> 
     </span>
    </p>

    <p class='ocr_par' dir='ltr' id='par_1_3' title="bbox 102 1782 1521 2307">
     <span class='ocr_line' id='line_1_22' title="bbox 215 1782 1518 1841; baseline 0.002 -14"><span class='ocrx_word' id='word_1_169' title='bbox 215 1784 490 1836; x_wconf 82' lang='lat' dir='ltr'><strong>„Introduxit</strong></span> <span class='ocrx_word' id='word_1_170' title='bbox 513 1784 554 1841; x_wconf 88' lang='lat'><strong>⁵)</strong></span> <span class='ocrx_word' id='word_1_171' title='bbox 592 1800 662 1825; x_wconf 91' lang='lat' dir='ltr'><strong>me</strong></span> <span class='ocrx_word' id='word_1_172' title='bbox 700 1799 771 1825; x_wconf 82' lang='lat' dir='ltr'><strong>rex</strong></span> <span class='ocrx_word' id='word_1_173' title='bbox 810 1782 853 1824; x_wconf 89' lang='lat' dir='ltr'><strong>in</strong></span> <span class='ocrx_word' id='word_1_174' title='bbox 885 1783 1126 1826; x_wconf 90' lang='lat' dir='ltr'><strong>cubiculum</strong></span> <span class='ocrx_word' id='word_1_175' title='bbox 1158 1803 1300 1828; x_wconf 88' lang='lat' dir='ltr'><strong>suum:</strong></span> <span class='ocrx_word' id='word_1_176' title='bbox 1340 1787 1518 1829; x_wconf 84' lang='lat' dir='ltr'><strong>exsulte-</strong></span> 
     </span>
     <span class='ocr_line' id='line_1_23' title="bbox 102 1861 1517 1921; baseline 0.001 -17"><span class='ocrx_word' id='word_1_177' title='bbox 102 1879 194 1904; x_wconf 89' lang='lat' dir='ltr'><strong>mus</strong></span> <span class='ocrx_word' id='word_1_178' title='bbox 236 1874 277 1904; x_wconf 88' lang='lat' dir='ltr'><strong>et</strong></span> <span class='ocrx_word' id='word_1_179' title='bbox 313 1862 593 1921; x_wconf 81' lang='lat' dir='ltr'><strong>jocundemur</strong></span> <span class='ocrx_word' id='word_1_180' title='bbox 633 1861 676 1902; x_wconf 89' lang='lat' dir='ltr'><strong>in</strong></span> <span class='ocrx_word' id='word_1_181' title='bbox 714 1867 798 1903; x_wconf 85' lang='lat' dir='ltr'><strong>te.“</strong></span> <span class='ocrx_word' id='word_1_182' title='bbox 859 1861 967 1904; x_wconf 90' lang='lat' dir='ltr'><strong>Cum</strong></span> <span class='ocrx_word' id='word_1_183' title='bbox 1002 1861 1226 1905; x_wconf 88' lang='lat' dir='ltr'><strong>indicasset</strong></span> <span class='ocrx_word' id='word_1_184' title='bbox 1253 1880 1409 1920; x_wconf 90' lang='lat' dir='ltr'><strong>sponso</strong></span> <span class='ocrx_word' id='word_1_185' title='bbox 1440 1881 1517 1905; x_wconf 89' lang='lat' dir='ltr'><strong>suo</strong></span> 
     </span>
     <span class='ocr_line' id='line_1_24' title="bbox 103 1938 1520 1998; baseline 0.001 -16"><span class='ocrx_word' id='word_1_186' title='bbox 103 1957 277 1997; x_wconf 84' lang='lat' dir='ltr'><strong>sponsa,</strong></span> <span class='ocrx_word' id='word_1_187' title='bbox 318 1941 434 1997; x_wconf 88' lang='lat' dir='ltr'><strong>quod</strong></span> <span class='ocrx_word' id='word_1_188' title='bbox 475 1939 813 1982; x_wconf 88' lang='lat' dir='ltr'><strong>adolescentulae</strong></span> <span class='ocrx_word' id='word_1_189' title='bbox 853 1940 986 1981; x_wconf 91' lang='lat' dir='ltr'><strong>odore</strong></span> <span class='ocrx_word' id='word_1_190' title='bbox 1018 1938 1104 1997; x_wconf 84' lang='lat' dir='ltr'><strong>ejus</strong></span> <span class='ocrx_word' id='word_1_191' title='bbox 1130 1941 1172 1997; x_wconf 72' lang='grc' dir='ltr'><strong>θ)</strong></span> <span class='ocrx_word' id='word_1_192' title='bbox 1205 1953 1348 1998; x_wconf 80' lang='lat' dir='ltr'><strong>captae</strong></span> <span class='ocrx_word' id='word_1_193' title='bbox 1380 1958 1520 1983; x_wconf 85' lang='lat' dir='ltr'><strong>curre-</strong></span> 
     </span>
     <span class='ocr_line' id='line_1_25' title="bbox 102 2016 1519 2075; baseline 0.001 -16"><span class='ocrx_word' id='word_1_194' title='bbox 102 2030 195 2059; x_wconf 85' lang='lat' dir='ltr'><strong>rent</strong></span> <span class='ocrx_word' id='word_1_195' title='bbox 224 2030 320 2075; x_wconf 88' lang='lat' dir='ltr'><strong>post</strong></span> <span class='ocrx_word' id='word_1_196' title='bbox 351 2018 502 2074; x_wconf 88' lang='lat' dir='ltr'><strong>ipsum,</strong></span> <span class='ocrx_word' id='word_1_197' title='bbox 534 2035 629 2059; x_wconf 92' lang='lat' dir='ltr'><strong>cum</strong></span> <span class='ocrx_word' id='word_1_198' title='bbox 661 2017 810 2074; x_wconf 90' lang='lat' dir='ltr'><strong>quibus</strong></span> <span class='ocrx_word' id='word_1_199' title='bbox 843 2016 968 2058; x_wconf 83' lang='lat' dir='ltr'><strong>etiam</strong></span> <span class='ocrx_word' id='word_1_200' title='bbox 998 2018 1089 2074; x_wconf 84' lang='lat' dir='ltr'><strong>ipsa</strong></span> <span class='ocrx_word' id='word_1_201' title='bbox 1119 2035 1288 2060; x_wconf 86' lang='lat' dir='ltr'><strong>cursura</strong></span> <span class='ocrx_word' id='word_1_202' title='bbox 1315 2032 1442 2071; x_wconf 86' lang='lat' dir='ltr'><strong>esset,</strong></span> <span class='ocrx_word' id='word_1_203' title='bbox 1473 2031 1519 2060; x_wconf 92' lang='lat' dir='ltr'><strong>ut</strong></span> 
     </span>
     <span class='ocr_line' id='line_1_26' title="bbox 103 2090 1521 2152; baseline 0 -14"><span class='ocrx_word' id='word_1_204' title='bbox 103 2097 154 2138; x_wconf 90' lang='lat' dir='ltr'><strong>iis</strong></span> <span class='ocrx_word' id='word_1_205' title='bbox 183 2097 364 2138; x_wconf 87' lang='lat' dir='ltr'><strong>formam</strong></span> <span class='ocrx_word' id='word_1_206' title='bbox 393 2097 615 2152; x_wconf 86' lang='lat' dir='ltr'><strong>praeberet</strong></span> <span class='ocrx_word' id='word_1_207' title='bbox 643 2095 687 2136; x_wconf 89' lang='lat' dir='ltr'><strong>in</strong></span> <span class='ocrx_word' id='word_1_208' title='bbox 718 2096 936 2146; x_wconf 89' lang='lat' dir='ltr'><strong>omnibus,</strong></span> <span class='ocrx_word' id='word_1_209' title='bbox 974 2112 1085 2137; x_wconf 87' lang='lat' dir='ltr'><strong>nunc</strong></span> <span class='ocrx_word' id='word_1_210' title='bbox 1128 2090 1241 2152; x_wconf 29' lang='lat' dir='ltr'><strong>quas-i</strong></span> <span class='ocrx_word' id='word_1_211' title='bbox 1272 2097 1428 2138; x_wconf 85' lang='lat' dir='ltr'><strong>laboris</strong></span> <span class='ocrx_word' id='word_1_212' title='bbox 1456 2098 1521 2138; x_wconf 90' lang='lat' dir='ltr'><strong>sui</strong></span> 
     </span>
     <span class='ocr_line' id='line_1_27' title="bbox 105 2173 1521 2233; baseline 0.001 -18"><span class='ocrx_word' id='word_1_213' title='bbox 105 2186 329 2216; x_wconf 82' lang='lat' dir='ltr'><strong>consecuta</strong></span> <span class='ocrx_word' id='word_1_214' title='bbox 358 2173 443 2233; x_wconf 84' lang='lat' dir='ltr'><strong>jam</strong></span> <span class='ocrx_word' id='word_1_215' title='bbox 471 2174 678 2231; x_wconf 83' lang='lat' dir='ltr'><strong>palmam,</strong></span> <span class='ocrx_word' id='word_1_216' title='bbox 707 2190 787 2230; x_wconf 88' lang='lat' dir='ltr'><strong>pro</strong></span> <span class='ocrx_word' id='word_1_217' title='bbox 821 2189 895 2224; x_wconf 85' lang='lat' dir='ltr'><strong>eo,</strong></span> <span class='ocrx_word' id='word_1_218' title='bbox 926 2174 1043 2230; x_wconf 89' lang='lat' dir='ltr'><strong>quod</strong></span> <span class='ocrx_word' id='word_1_219' title='bbox 1064 2173 1105 2231; x_wconf 92' lang='lat'><strong>⁷)</strong></span> <span class='ocrx_word' id='word_1_220' title='bbox 1138 2174 1397 2216; x_wconf 83' lang='lat' dir='ltr'><strong>concurrerit</strong></span> <span class='ocrx_word' id='word_1_221' title='bbox 1428 2192 1521 2216; x_wconf 80' lang='lat' dir='ltr'><strong>cur-</strong></span> 
     </span>
     <span class='ocr_line' id='line_1_28' title="bbox 106 2249 1520 2307; baseline 0.001 -15"><span class='ocrx_word' id='word_1_222' title='bbox 106 2251 313 2303; x_wconf 88' lang='lat' dir='ltr'><strong>rentibus,</strong></span> <span class='ocrx_word' id='word_1_223' title='bbox 352 2253 635 2293; x_wconf 86' lang='lat' dir='ltr'><strong>introductam</strong></span> <span class='ocrx_word' id='word_1_224' title='bbox 671 2267 714 2292; x_wconf 89' lang='lat' dir='ltr'><strong>se</strong></span> <span class='ocrx_word' id='word_1_225' title='bbox 747 2249 849 2292; x_wconf 89' lang='lat' dir='ltr'><strong>dicit</strong></span> <span class='ocrx_word' id='word_1_226' title='bbox 881 2252 932 2292; x_wconf 89' lang='lat' dir='ltr'><strong>ab</strong></span> <span class='ocrx_word' id='word_1_227' title='bbox 961 2267 1118 2307; x_wconf 87' lang='lat' dir='ltr'><strong>sponso</strong></span> <span class='ocrx_word' id='word_1_228' title='bbox 1150 2267 1246 2304; x_wconf 85' lang='lat' dir='ltr'><strong>rege</strong></span> <span class='ocrx_word' id='word_1_229' title='bbox 1275 2252 1318 2293; x_wconf 87' lang='lat' dir='ltr'><strong>in</strong></span> <span class='ocrx_word' id='word_1_230' title='bbox 1351 2253 1520 2294; x_wconf 89' lang='lat' dir='ltr'><strong>cubicu-</strong></span> 
     </span>
    </p>
   </div>
   <div class='ocr_carea' id='block_1_3' title="bbox 109 2327 1517 2387">
    <p class='ocr_par' dir='ltr' id='par_1_4' title="bbox 109 2327 1517 2387">
     <span class='ocr_line' id='line_1_29' title="bbox 109 2327 1517 2387; baseline 0 -18"><span class='ocrx_word' id='word_1_231' title='bbox 109 2329 251 2371; x_wconf 82' lang='lat' dir='ltr'><strong>culum</strong></span> <span class='ocrx_word' id='word_1_232' title='bbox 289 2327 400 2387; x_wconf 77' lang='lat' dir='ltr'><strong>ejus,</strong></span> <span class='ocrx_word' id='word_1_233' title='bbox 436 2341 484 2371; x_wconf 89' lang='lat' dir='ltr'><strong>ut</strong></span> <span class='ocrx_word' id='word_1_234' title='bbox 519 2329 579 2371; x_wconf 88' lang='lat' dir='ltr'><strong>ibi</strong></span> <span class='ocrx_word' id='word_1_235' title='bbox 620 2328 782 2370; x_wconf 81' lang='lat' dir='ltr'><strong>videret</strong></span> <span class='ocrx_word' id='word_1_236' title='bbox 819 2340 985 2370; x_wconf 82' lang='lat' dir='ltr'><strong>cunctas</strong></span> <span class='ocrx_word' id='word_1_237' title='bbox 1017 2345 1119 2385; x_wconf 90' lang='lat' dir='ltr'><strong>opes</strong></span> <span class='ocrx_word' id='word_1_238' title='bbox 1150 2329 1294 2382; x_wconf 81' lang='lat' dir='ltr'><strong>regias.</strong></span> <span class='ocrx_word' id='word_1_239' title='bbox 1353 2330 1402 2371; x_wconf 92' lang='lat' dir='ltr'><strong>In</strong></span> <span class='ocrx_word' id='word_1_240' title='bbox 1433 2347 1517 2385; x_wconf 90' lang='lat' dir='ltr'><strong>quo</strong></span> 
     </span>
    </p>
   </div>
   <div class='ocr_carea' id='block_1_4' title="bbox 220 2518 1515 2859">
    <p class='ocr_par' dir='ltr' id='par_1_5' title="bbox 224 2518 1078 2578">
     <span class='ocr_line' id='line_1_30' title="bbox 224 2518 1078 2578; baseline -0.002 -15"><span class='ocrx_word' id='word_1_241' title='bbox 224 2520 265 2578; x_wconf 85' lang='lat'><strong>¹)</strong></span> <span class='ocrx_word' id='word_1_242' title='bbox 297 2519 456 2563; x_wconf 81' lang='lat' dir='ltr'><strong>Cantic.</strong></span> <span class='ocrx_word' id='word_1_243' title='bbox 487 2520 521 2570; x_wconf 87' lang='lat' dir='ltr'><strong>I,</strong></span> <span class='ocrx_word' id='word_1_244' title='bbox 551 2518 590 2562; x_wconf 84' lang='grc'><strong>4.</strong></span> <span class='ocrx_word' id='word_1_245' title='bbox 710 2519 754 2576; x_wconf 88' lang='lat'><strong>²)</strong></span> <span class='ocrx_word' id='word_1_246' title='bbox 787 2518 946 2562; x_wconf 83' lang='lat' dir='ltr'><strong>cantic.</strong></span> <span class='ocrx_word' id='word_1_247' title='bbox 976 2519 1010 2570; x_wconf 85' lang='lat' dir='ltr'><strong>I,</strong></span> <span class='ocrx_word' id='word_1_248' title='bbox 1038 2518 1078 2564; x_wconf 88' lang='lat'><strong>3.</strong></span> 
     </span>
    </p>

    <p class='ocr_par' dir='ltr' id='par_1_6' title="bbox 220 2588 1515 2717">
     <span class='ocr_line' id='line_1_31' title="bbox 222 2588 1515 2646; baseline 0.001 -15"><span class='ocrx_word' id='word_1_249' title='bbox 222 2590 264 2645; x_wconf 85' lang='lat'><strong>³)</strong></span> <span class='ocrx_word' id='word_1_250' title='bbox 294 2589 403 2632; x_wconf 88' lang='lat' dir='ltr'><strong>Edd.</strong></span> <span class='ocrx_word' id='word_1_251' title='bbox 421 2588 621 2632; x_wconf 86' lang='lat' dir='ltr'><strong>Merlini:</strong></span> <span class='ocrx_word' id='word_1_252' title='bbox 651 2588 742 2643; x_wconf 88' lang='lat' dir='ltr'><strong>Ego</strong></span> <span class='ocrx_word' id='word_1_253' title='bbox 773 2600 913 2631; x_wconf 89' lang='lat' dir='ltr'><strong>autem</strong></span> <span class='ocrx_word' id='word_1_254' title='bbox 943 2588 1054 2642; x_wconf 81' lang='lat' dir='ltr'><strong>dico,</strong></span> <span class='ocrx_word' id='word_1_255' title='bbox 1085 2589 1201 2645; x_wconf 89' lang='lat' dir='ltr'><strong>quod</strong></span> <span class='ocrx_word' id='word_1_256' title='bbox 1230 2605 1317 2630; x_wconf 89' lang='lat' dir='ltr'><strong>non</strong></span> <span class='ocrx_word' id='word_1_257' title='bbox 1334 2606 1414 2646; x_wconf 88' lang='lat' dir='ltr'><strong>pro</strong></span> <span class='ocrx_word' id='word_1_258' title='bbox 1439 2602 1515 2633; x_wconf 86' lang='lat' dir='ltr'><strong>etc.</strong></span> 
     </span>
     <span class='ocr_line' id='line_1_32' title="bbox 220 2659 588 2717; baseline 0 -15"><span class='ocrx_word' id='word_1_259' title='bbox 220 2659 263 2717; x_wconf 72' lang='lat'><strong>⁴)</strong></span> <span class='ocrx_word' id='word_1_260' title='bbox 296 2659 454 2705; x_wconf 85' lang='lat' dir='ltr'><strong>Cantic.</strong></span> <span class='ocrx_word' id='word_1_261' title='bbox 483 2661 518 2711; x_wconf 89' lang='lat' dir='ltr'><strong>I,</strong></span> <span class='ocrx_word' id='word_1_262' title='bbox 548 2659 588 2704; x_wconf 86' lang='lat'><strong>3.</strong></span> 
     </span>
    </p>

    <p class='ocr_par' dir='ltr' id='par_1_7' title="bbox 220 2730 1482 2859">
     <span class='ocr_line' id='line_1_33' title="bbox 222 2730 1482 2786; baseline 0.002 -15"><span class='ocrx_word' id='word_1_263' title='bbox 222 2732 264 2786; x_wconf 83' lang='lat'><strong>⁵)</strong></span> <span class='ocrx_word' id='word_1_264' title='bbox 296 2730 454 2772; x_wconf 84' lang='lat' dir='ltr'><strong>Cantic.</strong></span> <span class='ocrx_word' id='word_1_265' title='bbox 485 2731 519 2782; x_wconf 88' lang='lat' dir='ltr'><strong>I,</strong></span> <span class='ocrx_word' id='word_1_266' title='bbox 549 2730 588 2772; x_wconf 82' lang='lat'><strong>4.</strong></span> <span class='ocrx_word' id='word_1_267' title='bbox 621 2755 671 2763; x_wconf 88' lang='lat'><strong>--</strong></span> <span class='ocrx_word' id='word_1_268' title='bbox 703 2730 835 2771; x_wconf 86' lang='lat' dir='ltr'><strong>Deest</strong></span> <span class='ocrx_word' id='word_1_269' title='bbox 866 2731 1154 2781; x_wconf 82' lang='lat' dir='ltr'><strong>„exsultemus</strong></span> <span class='ocrx_word' id='word_1_270' title='bbox 1167 2736 1191 2755; x_wconf 91' lang='lat'><strong>“</strong></span> <span class='ocrx_word' id='word_1_271' title='bbox 1222 2730 1264 2772; x_wconf 87' lang='lat' dir='ltr'><strong>in</strong></span> <span class='ocrx_word' id='word_1_272' title='bbox 1297 2731 1390 2772; x_wconf 86' lang='lat' dir='ltr'><strong>edd.</strong></span> <span class='ocrx_word' id='word_1_273' title='bbox 1422 2731 1482 2773; x_wconf 83' lang='lat' dir='ltr'><strong>M.</strong></span> 
     </span>
     <span class='ocr_line' id='line_1_34' title="bbox 220 2800 906 2859; baseline 0.003 -18"><span class='ocrx_word' id='word_1_274' title='bbox 220 2802 263 2856; x_wconf 81' lang='lat'><strong>⁶)</strong></span> <span class='ocrx_word' id='word_1_275' title='bbox 296 2801 428 2842; x_wconf 80' lang='lat' dir='ltr'><strong>Deest</strong></span> <span class='ocrx_word' id='word_1_276' title='bbox 458 2800 614 2859; x_wconf 83' lang='lat' dir='ltr'><strong>‚‚ejus“</strong></span> <span class='ocrx_word' id='word_1_277' title='bbox 643 2801 688 2842; x_wconf 89' lang='lat' dir='ltr'><strong>in</strong></span> <span class='ocrx_word' id='word_1_278' title='bbox 719 2802 813 2843; x_wconf 81' lang='lat' dir='ltr'><strong>edd.</strong></span> <span class='ocrx_word' id='word_1_279' title='bbox 845 2801 906 2844; x_wconf 85' lang='lat' dir='ltr'><strong>M.</strong></span> 
     </span>
    </p>
   </div>
   <div class='ocr_carea' id='block_1_5' title="bbox 222 2870 1516 2928">
    <p class='ocr_par' dir='ltr' id='par_1_8' title="bbox 222 2870 1516 2928">
     <span class='ocr_line' id='line_1_35' title="bbox 222 2870 1516 2928; baseline 0 -15"><span class='ocrx_word' id='word_1_280' title='bbox 222 2870 264 2928; x_wconf 72' lang='grc'><strong>7)</strong></span> <span class='ocrx_word' id='word_1_281' title='bbox 292 2871 404 2913; x_wconf 88' lang='lat' dir='ltr'><strong>Edd.</strong></span> <span class='ocrx_word' id='word_1_282' title='bbox 424 2871 616 2913; x_wconf 88' lang='lat' dir='ltr'><strong>Merlini:</strong></span> <span class='ocrx_word' id='word_1_283' title='bbox 649 2871 762 2927; x_wconf 89' lang='lat' dir='ltr'><strong>quod</strong></span> <span class='ocrx_word' id='word_1_284' title='bbox 795 2873 1026 2915; x_wconf 84' lang='lat' dir='ltr'><strong>cucurrerit</strong></span> <span class='ocrx_word' id='word_1_285' title='bbox 1045 2889 1139 2914; x_wconf 87' lang='lat' dir='ltr'><strong>cum</strong></span> <span class='ocrx_word' id='word_1_286' title='bbox 1159 2871 1419 2913; x_wconf 88' lang='lat' dir='ltr'><strong>currentibus</strong></span> <span class='ocrx_word' id='word_1_287' title='bbox 1440 2883 1516 2913; x_wconf 91' lang='lat' dir='ltr'><strong>etc.</strong></span> 
     </span>
    </p>
   </div>
   <div class='ocr_carea' id='block_1_6' title="bbox 105 2946 1219 2992">
    <p class='ocr_par' dir='ltr' id='par_1_9' title="bbox 105 2946 1219 2992">
     <span class='ocr_line' id='line_1_36' title="bbox 105 2946 1219 2992; baseline 0.003 -3"><span class='ocrx_word' id='word_1_288' title='bbox 105 2946 323 2991; x_wconf 73' lang='lat' dir='ltr'><strong>Omessms</strong></span> <span class='ocrx_word' id='word_1_289' title='bbox 348 2949 519 2991; x_wconf 76' lang='lat' dir='ltr'>OPERA.</span> <span class='ocrx_word' id='word_1_290' title='bbox 565 2947 684 2990; x_wconf 83' lang='grc' dir='ltr'><strong>ΤοΜ.</strong></span> <span class='ocrx_word' id='word_1_291' title='bbox 702 2946 816 2991; x_wconf 83' lang='lat' dir='ltr'><strong>XIV.</strong></span> <span class='ocrx_word' id='word_1_292' title='bbox 1164 2946 1219 2992; x_wconf 83' lang='lat'><strong>23</strong></span> 
     </span>
    </p>
   </div>
  </div>
 </body>
</html>
