1759 3134
679 130 932 171 PROLOGUS.
1437 131 1520 176 313

99 245 224 286 unico
272 244 474 301 pepercit.
552 245 666 285 Isaac
714 257 881 300 quoque
925 242 1158 283 naturalem
1201 240 1518 300 philosophiam

100 335 227 374 tenet,
259 320 414 378 cum')
446 334 486 364 et
514 333 666 378 puteos
695 320 820 371 fodit,
852 330 892 360 et
921 334 1063 360 rerum
1090 321 1304 375 profunda
1332 321 1520 366 rimatur.

100 402 187 443 Sed
228 411 269 441 et
303 400 436 441 Jacob
475 399 754 456 inspectivum
790 408 906 439 tenet
947 397 1114 448 locum,
1163 397 1319 455 quippe
1367 399 1439 458 qui
1481 412 1523 442 et

99 478 229 519 Israel
269 478 324 518 ob
365 477 607 519 divinorum
646 474 1054 532 contemplationem
1091 474 1331 518 nominatus
1368 477 1443 529 sit,
1485 490 1526 520 et

102 553 173 610 qui
205 565 334 595 castra
364 555 474 596 coeli
504 554 656 596 viderit
685 554 750 610 ²),
784 564 826 595 et
856 539 1032 595 domum
1062 551 1172 603 Dei,
1203 564 1327 610 atque
1357 555 1525 608 angelo-

98 648 193 673 rum
222 631 329 683 vias,
363 632 409 673 id
439 644 512 683 est,
542 633 669 674 scalas
700 648 723 673 a
751 631 875 673 terris
907 630 949 672 in
982 631 1150 672 coelum
1182 641 1397 688 porrectas
1425 648 1526 689 pro-

102 709 248 766 spexit.
308 709 432 751 Unde
475 722 516 751 et
544 709 697 752 merito
728 708 962 750 invenimus
993 720 1075 750 tres
1106 708 1209 750 istos
1238 709 1384 750 beatos
1414 709 1528 751 viros

103 786 248 828 altaria
275 787 412 829 fixisse
442 788 554 838 Deo,
584 788 666 829 hoc
696 798 779 838 est,
809 785 1106 843 philosophiae
1135 802 1233 828 suae
1266 802 1529 830 consecrasse

102 865 342 920 profectus,
382 865 498 921 quod
520 864 563 920 3)
602 864 761 906 scilicet
803 865 1053 913 edocerent,
1092 879 1178 905 non
1207 864 1309 906 haec
1340 865 1393 906 ad
1423 876 1529 907 artes

102 942 325 992 humanas,
366 943 439 984 sed
481 942 534 983 a'd
570 937 656 984 Dei
694 941 868 995 gratiam
904 941 1135 983 referenda.
1211 941 1299 984 Sed
1340 953 1381 984 et
1405 940 1447 998 4)
1484 942 1530 984 in

102 1019 380 1062 tabernaculis
413 1021 580 1074 degunt,
610 1031 658 1061 ut
687 1036 766 1077 per
793 1020 894 1061 haee
922 1020 1156 1070 ostendant,
1185 1035 1323 1077 neque
1348 1019 1392 1061 in
1408 1019 1531 1061 tern's

100 1097 340 1139 habendum
372 1114 458 1140 esse
489 1097 650 1155 aliquid
678 1097 903 1155 proprium
933 1096 1057 1147 huic,
1091 1097 1163 1154 qui
1194 1097 1358 1139 divinae
1388 1097 1529 1154 philo-

101 1174 274 1231 sophiae
315 1175 477 1224 studet,
516 1175 590 1216 sed
628 1191 796 1232 semper
833 1175 1200 1231 promovendum,
1239 1192 1326 1217 non
1356 1186 1443 1217 tam
1473 1177 1526 1218 de

102 1252 200 1293 loco
232 1253 285 1293 ad
310 1253 475 1304 locum,
522 1268 647 1309 quarn
678 1254 729 1294 de
760 1251 932 1294 scientia
961 1251 1213 1294 inferiorum
1240 1252 1280 1310 ⁵)
1314 1254 1367 1295 ad
1397 1253 1531 1295 scien-

102 1329 204 1371 tiam
234 1331 534 1386 perfectorum.
596 1331 682 1373 Sed
718 1342 759 1372 et
787 1330 867 1371 alia
897 1329 1031 1371 multa
1059 1329 1103 1371 in
1133 1330 1351 1387 scripturis
1374 1330 1527 1373 divinis

106 1407 290 1449 invenies
308 1408 364 1464 ⁶),
396 1425 502 1464 quae
534 1408 728 1450 ordinem
757 1409 882 1458 hunc,
913 1423 1039 1464 quem
1070 1407 1114 1449 in
1145 1408 1302 1450 libellis
1334 1409 1531 1451 Salomo-

105 1486 169 1527 nis
211 1484 418 1527 contineri
460 1484 660 1535 diximus,
710 1486 940 1527 secundum
983 1486 1088 1526 hanc
1133 1487 1310 1529 eandem
1349 1488 1532 1530 formam

106 1563 341 1616 designant:
381 1564 455 1605 sed
486 1580 533 1605 ea
560 1579 672 1605 nunc
702 1564 826 1605 nobis
853 1563 1078 1620 prosequi,
1118 1564 1234 1605 aliud
1264 1564 1306 1605 in
1338 1565 1531 1608 manibus

106 1642 378 1691 habentibus,
416 1641 590 1693 longum
626 1652 698 1682 est.
761 1641 807 1683 Si
838 1640 929 1697 quis
962 1657 1060 1693 ergo
1091 1642 1277 1697 primum
1310 1643 1454 1684 locum
1489 1643 1531 1685 in

108 1719 378 1761 emendandis
407 1719 622 1769 moribus,
650 1718 940 1775 mandatisque
968 1719 1194 1771 servandis,
1226 1719 1298 1777 qui
1327 1736 1405 1776 per
1432 1738 1534 1778 pro-

106 1798 248 1839 verbia
287 1796 546 1850 designatur,
587 1796 805 1853 implevit:
846 1808 943 1852 post
972 1797 1073 1838 haec
1104 1808 1246 1838 autem
1274 1798 1534 1855 deprehensa

106 1875 288 1917 vanitate
320 1875 481 1925 mundi,
519 1887 561 1916 et
590 1891 731 1916 rerum
762 1876 1013 1916 caducarum
1044 1875 1267 1929 fragilitate
1297 1889 1534 1933 perspecta,

106 1954 220 1995 venit
252 1953 295 1994 in
324 1954 430 2004 hoc,
472 1965 518 1993 ut
548 1953 760 1994 renuntiet
788 1954 970 2004 mundo,
1012 1965 1053 1994 et
1092 1953 1310 2006 omnibus,
1350 1972 1455 2012 quae
1489 1955 1532 1997 in

104 2033 265 2074 mundo
296 2043 411 2073 sunt:
454 2043 759 2088 consequenter
787 2031 930 2072 veniet
961 2031 1086 2073 etiam
1117 2033 1170 2074 ad
1202 2034 1529 2090 contemplanda

108 2124 150 2153 et
187 2110 460 2152 desideranda
498 2126 566 2160 ea,
607 2125 711 2166 quae
750 2126 836 2150 non
874 2108 1090 2161 videntur,
1137 2121 1179 2151 et
1217 2121 1383 2152 aeterna
1419 2123 1526 2154 sunt.

105 2191 174 2232 Ad
214 2206 318 2246 quae
357 2200 497 2230 tamen
526 2199 573 2229 ut
602 2186 823 2244 pervenire
852 2185 1084 2243 possimus,
1123 2179 1358 2241 indigemus
1389 2188 1530 2231 divina

107 2266 418 2318 misericordia,
458 2266 492 2309 si
531 2267 643 2320 forte
682 2265 917 2316 valeamus,
953 2277 1175 2323 perspecta
1215 2266 1531 2324 pulchritudine

229 2480 268 2536 ¹)
297 2480 405 2521 Edd.
425 2477 630 2520 Mertini:
663 2488 734 2527 „et
762 2493 859 2519 cum
888 2489 1041 2534 puteos
1070 2479 1203 2522 fodit:
1234 2491 1277 2521 et
1307 2496 1402 2522 cum
1431 2496 1530 2538 pro-

109 2539 238 2580 sunda
267 2536 483 2578 rimatur.“
514 2559 566 2566 —
599 2534 684 2576 Cfr.
719 2533 824 2576 Gen.
855 2535 1012 2577 XXVI.

225 2609 269 2664 ²)
300 2608 387 2649 Cfr.
421 2607 526 2648 Gen.
558 2605 760 2646 XXVIII.

225 2679 268 2733 ³)
300 2678 409 2719 Edd.
440 2675 632 2718 Merlini:
665 2691 750 2731 quo
779 2674 945 2717 seilicet
976 2688 1054 2719 etc.

227 2748 270 2803 ⁴¹)
301 2748 432 2788 Deest
463 2751 575 2796 „et“
607 2745 649 2786 in
682 2746 776 2790 edd.
807 2745 874 2789 M.

226 2817 269 2875 ⁵)
299 2818 408 2859 Edd.
439 2815 637 2860 Merlini:
668 2815 891 2857 inferioris.

227 2889 270 2945 ⁶)
303 2889 436 2932 Deest
465 2886 720 2941 ‚,invenies“
751 2887 794 2930 in
825 2887 919 2929 edd.
950 2887 1013 2930 Μ.
