1759 3134
645 161 842 203 HommA
872 159 943 200 IV.
1446 163 1503 206 55

91 275 330 316 liberabunt
373 273 528 314 animas
571 278 705 313 suasf‘
774 272 921 323 Ingens
961 269 1088 322 igitur
1130 272 1252 313 nobis
1295 290 1392 315 cura
1436 291 1503 315 ex-

86 351 309 408 positionis
346 349 572 399 incumbit,
612 360 652 389 et
690 348 745 388 ob
785 347 829 387 id
867 346 1088 398 diligenter
1128 348 1327 390 debemus
1366 361 1499 390 atten-

88 431 199 479 dere,
230 441 272 470 et
302 429 565 468 obsecramus
595 424 820 473 auditores,
849 436 896 464 ut
926 423 1042 479 quasi
1072 424 1124 463 ad
1149 425 1322 481 aliquod
1342 428 1496 479 grande

83 505 370 560 spectaculum
401 503 654 544 confluentes
683 500 836 541 faciem
865 500 1016 541 mentis
1055 500 1293 552 intendant,
1331 520 1384 543 ne
1422 505 1498 544 ob·

82 580 254 620 scuritas
293 579 482 620 relaxatis
519 576 704 618 sensibus
744 577 943 618 elabatur.
1019 579 1115 618 Non
1155 578 1258 618 dixit
1298 578 1341 619 in
1377 596 1498 634 prae-

81 657 211 697 senti:
251 657 285 697 si
325 654 588 712 peccaverint
620 653 794 694 civitatis
825 665 895 694 aut
925 653 1010 694 loci
1041 654 1214 712 alicujus
1244 656 1413 696 accolae
1442 657 1494 709 ¹),

80 736 154 774 sed
184 735 217 774 si
247 746 355 774 terra
383 731 631 788 peccaverit.
690 730 745 770 Et
773 731 883 780 scio,
915 730 1011 786 quia
1041 731 1275 787 simplicior
1306 731 1494 788 quisque,

82 828 178 852 cum
208 809 406 859 audierit,
437 808 471 849 si
500 820 610 849 terra
638 807 889 863 peccaverit,
918 807 1058 848 statim
1087 809 1141 849 ad
1169 808 1406 864 proclivem
1435 810 1496 849 fe·

80 899 195 928 ratur
222 885 564 937 intelligentiam,
602 896 649 924 ut
688 895 842 925 terram
881 884 991 925 dicat
1022 884 1279 925 nominatam
1308 902 1387 941 pro
1419 886 1494 935 his,

81 963 152 1018 qui
191 974 410 1003 morantur
446 961 490 1002 in
518 972 649 1001 terra:
690 977 837 1000 verum
871 960 1086 1017 sequentia
1116 961 1345 1017 scripturae
1373 962 1496 1002 istam

80 1039 220 1080 statim
250 1039 431 1081 eximent
462 1037 782 1093 expositionem.
831 1038 939 1079 Cum
963 1037 1075 1078 enim
1105 1038 1343 1094 peccaverit
1370 1050 1494 1088 terra,

77 1129 119 1157 et
147 1117 190 1157 in
220 1133 293 1157 sua
320 1126 492 1171 peccata
524 1115 750 1166 corruerit,
791 1114 1028 1156 extenditur
1063 1131 1209 1155 manus
1246 1132 1333 1156 non
1370 1131 1495 1171 super

78 1194 308 1234 habitantes
337 1205 515 1241 terram,
547 1194 622 1233 sed
651 1207 776 1246 super
806 1191 939 1246 ipsam
968 1202 1136 1242 terram,
1167 1203 1210 1232 et
1237 1192 1374 1247 prima
1403 1209 1495 1232 cor-

77 1270 271 1325 reptione
303 1269 546 1318 conteritur,
575 1281 623 1309 ut
652 1269 864 1308 auferatur
898 1269 948 1307 ab
976 1284 1023 1308 ea
1046 1269 1356 1308 firmamentum
1375 1268 1493 1324 panis

78 1346 297 1386 videlicet:
331 1345 448 1400 quasi
476 1361 615 1400 poena
643 1345 695 1385 sit
726 1356 872 1393 terrae,
903 1344 937 1384 si
976 1346 1107 1385 fames
1137 1345 1181 1384 in
1211 1361 1259 1385 ea
1291 1345 1491 1395 obtineat,

78 1435 123 1463 ut
159 1424 297 1474 fruges
333 1421 482 1462 semini
522 1423 790 1474 denegentur.
846 1421 955 1460 Nam
985 1422 1204 1474 quomodo
1235 1422 1366 1461 homo
1396 1438 1496 1477 pec-

77 1512 193 1541 cator
221 1499 308 1539 sine
337 1499 460 1554 prole
492 1510 532 1538 et
561 1498 714 1539 sterilis
744 1497 853 1537 inter
878 1496 1126 1538 maledictos
1156 1497 1351 1552 punitur,
1381 1496 1493 1554 juxta

75 1576 133 1626 id,
165 1577 280 1632 quod
310 1575 352 1615 in
384 1576 566 1630 quodam
594 1576 691 1615 loco
722 1574 924 1629 scriptum
948 1585 1029 1625 est3
1058 1590 1107 1614 ex
1134 1574 1352 1614 contrariis
1379 1573 1491 1614 enim

75 1652 282 1694 contraria
311 1652 622 1704 intelliguntur:
664 1663 705 1692 et
744 1652 796 1691 de
834 1651 942 1708 justo
977 1650 1150 1691 dicitur:
1193 1667 1315 1700 „non
1340 1651 1382 1706 ²)
1415 1651 1493 1691 erit

75 1730 164 1771 sine
203 1729 348 1784 prole,
387 1744 522 1783 neque
563 1727 712 1768 sterilis
753 1727 794 1767 in
834 1726 1012 1767 vobis:“
1052 1738 1094 1766 et
1133 1738 1376 1782 peccatores
1405 1727 1492 1767 sine

77 1805 219 1847 liberis
260 1817 302 1845 et
339 1803 584 1860 posteritate
623 1803 687 1844 sui
726 1814 893 1844 aeterna
930 1803 1191 1845 infertilitate
1231 1805 1492 1854 damnantur,

75 1896 122 1923 ut
151 1884 193 1923 in
227 1883 355 1922 domo
389 1880 639 1921 Abimelech
667 1881 823 1920 sactum
857 1892 938 1930 est,
979 1892 1020 1920 et
1052 1896 1194 1921 earum
1216 1881 1279 1935 3),
1317 1898 1492 1937 quarum

77 1959 283 2001 conclusit
312 1959 429 1998 Deus
459 1958 627 1997 vulvam
657 1968 835 2012 propter
871 1968 1113 2012 peccatum,
1154 1959 1269 2013 quod
1307 1958 1348 1998 in
1380 1960 1493 2000 Isaac

80 2035 350 2077 commissum
387 2045 467 2074 est:
507 2033 566 2073 sic
606 2045 647 2073 et
684 2044 795 2073 terra
839 2034 1153 2089 quodammodo
1184 2035 1272 2074 sine
1301 2036 1423 2090 prole
1455 2047 1494 2076 et

77 2113 229 2155 sterilis
259 2111 523 2167 relinquitur,
559 2112 670 2151 fame
699 2110 823 2151 missa
850 2110 894 2150 in
924 2127 1029 2151 eam.
1086 2111 1214 2152 Putas
1244 2127 1390 2151 verum
1421 2123 1494 2161 est,

78 2191 173 2240 hoc,
204 2191 319 2246 quod
348 2205 528 2229 asserere
558 2204 696 2228 sermo
728 2187 961 2243 praeludit,
992 2204 1079 2228 non
1110 2189 1162 2228 de
1191 2188 1494 2230 habitatoribus

79 2279 234 2316 terrae,
276 2268 349 2308 sed
389 2267 440 2306 de
478 2265 568 2320 ipsa
605 2277 714 2306 terra
753 2264 935 2306 dicitur?
989 2266 1170 2306 Possum
1198 2265 1414 2321 paulisper
1443 2267 1495 2306 ad

80 2343 229 2384 altiora
275 2343 557 2383 conscendens
595 2342 907 2397 Scripturarum
953 2342 1203 2383 testimoniis
1246 2344 1495 2398 approbare,

82 2421 299 2476 quomodo
328 2432 528 2476 peccator
556 2431 667 2460 terra
697 2419 871 2460 dicatur.
924 2418 1094 2459 Dicitur
1121 2419 1235 2460 enim
1264 2421 1316 2460 ad
1337 2421 1494 2461 Adam:

83 2509 228 2548 „terra
256 2497 298 2552 4)
334 2513 399 2546 es,
438 2508 480 2537 et
507 2496 552 2537 in
582 2508 737 2538 terram
766 2496 887 2538 ibis.⁴‘
943 2497 1172 2538 Possumus
1203 2496 1367 2546 dicere,
1399 2496 1495 2551 quia

202 2690 241 2745 ¹)
270 2690 348 2730 Ed.
378 2689 513 2730 Ruaei
541 2691 652 2731 sola:
682 2691 900 2744 agricolae.
1002 2692 1045 2746 2)
1077 2691 1211 2732 Exod.
1240 2692 1402 2740 XXIII,
1430 2690 1497 2733 26.

199 2760 243 2813 ³)
272 2759 380 2799 Edd.
419 2759 618 2801 Merlini:
656 2777 824 2813 eorum,
863 2777 1047 2818 quorum
1085 2760 1293 2803 conclusit
1328 2772 1405 2802 etc.
1446 2783 1496 2793 —-

88 2817 173 2860 Cfr.
205 2815 313 2857 Gen.
343 2815 438 2855 XX.

208 2884 250 2941 ⁴)
281 2884 390 2927 Gen.
419 2885 501 2937 III,
531 2884 597 2929 19.
