1759 3134
197 147 282 192 342
493 145 715 195 Omoems
746 156 791 185 m
826 142 1006 183 cmm.
1040 141 1341 185 CAN-riconum

202 273 247 302 ut
278 262 432 309 fertur,
475 269 515 299 et
545 255 855 298 ardentissima:
896 254 938 294 in
980 271 1060 310 qua
1093 254 1160 295 vel
1191 253 1362 311 spiritus
1392 254 1522 295 sancti
1554 258 1634 298 ser-

200 355 277 381 vor
301 338 363 395 ¹),
411 337 478 378 vel
517 334 649 378 futuri
686 351 766 391 per
800 333 940 387 ignem
969 330 1117 389 judicii
1149 331 1386 373 ostenditur
1416 333 1553 373 forma
1577 334 1634 394 2)ι

199 419 409 459 Numerus
454 430 556 456 vero
598 412 947 470 quingentorum,
996 410 1063 450 vel
1109 410 1393 452 ducentorum
1434 410 1638 468 quinqua-

200 494 313 548 ginta
344 493 569 542 siclorum,
610 491 679 532 vel
705 491 746 547 ὅ)
789 489 974 546 quinque
1005 504 1203 530 sensuum
1233 487 1276 528 in
1309 503 1359 528 eo
1391 487 1638 546 mysterium

143 563 145 565 ι
201 583 316 615 tenet
355 569 652 628 centupliciter
692 569 1006 626 perfectorum,
1048 566 1115 607 vel
1143 565 1186 621 ⁴)
1217 564 1509 607 remissionem
1539 583 1638 624 pec—

207 662 398 694 catorum
427 666 506 707 per
537 665 632 690 eum
664 648 825 697 datam,
855 645 1060 699 significat
1091 643 1469 701 quinquagenarius
1499 646 1641 688 venia-

210 729 262 772 lis
310 725 632 786 quintupliciter
675 724 851 783 positus.
927 725 1014 767 Sed
1055 723 1158 765 haec
1198 722 1340 764 omnia
1386 721 1483 764 oleo
1529 740 1638 781 puro

209 806 480 860 colliguntur,
512 821 591 862 per
609 804 726 861 quod
745 801 992 853 ostenditur,
1023 801 1092 842 vel
1112 800 1430 843 misericordiae
1450 800 1581 843 solius
1599 802 1640 859 ⁵)

205 900 325 927 causa
355 883 496 933 fuisse,
529 883 646 940 quod
667 881 715 932 is,
747 881 820 938 qui
850 892 937 922 erat
967 879 1010 921 in
1030 881 1168 922 forma
1190 879 1289 929 Dei,
1317 879 1501 921 formam
1531 879 1642 921 servi

203 961 450 1020 susceperit,
480 961 549 1002 vel
582 977 641 1010 ea,
680 976 786 1017 quae
818 975 866 1001 ex
896 957 1104 1000 materiali
1133 957 1363 1000 substantia
1392 956 1436 998 in
1470 956 1638 999 Christo

203 1043 372 1084 fuerant
403 1049 606 1089 assumta,
643 1054 722 1094 per
750 1036 961 1093 Spiritum
999 1047 1193 1078 sanctum
1227 1036 1396 1077 redacta
1436 1034 1481 1076 in
1507 1051 1641 1077 unum

202 1119 353 1169 fuisse,
395 1128 521 1174 atque
551 1115 593 1157 in
625 1131 754 1157 unam
786 1114 995 1171 speciem,
1035 1130 1141 1170 quae
1182 1124 1243 1156 est
1272 1129 1452 1170 persona
1480 1113 1641 1155 media-

206 1195 335 1247 toris,
376 1195 540 1236 effecta.
602 1192 720 1234 Illud
762 1208 860 1246 ergo
900 1189 1045 1233 oleum
1083 1188 1302 1232 materiale
1331 1190 1453 1232 nullo
1490 1206 1643 1245 genere

212 1274 358 1317 oleum
392 1270 578 1314 laetitiae
608 1270 818 1329 appellari
837 1267 992 1327 potuit.
1053 1268 1172 1310 Istud
1193 1279 1335 1310 autem
1353 1268 1512 1319 oleum,
1542 1267 1587 1310 id
1601 1268 1644 1326 ⁶)

202 1363 286 1405 est,
330 1350 513 1408 Spiritus
543 1349 676 1392 sancti
704 1359 988 1403 unguentum,
1031 1362 1116 1403 quo
1156 1357 1308 1388 unctus
1349 1358 1411 1389 est
1441 1345 1644 1397 Christus,

204 1441 246 1472 et
288 1426 407 1487 cujus
446 1444 558 1469 nunc
602 1428 782 1470 odorem
812 1424 1053 1485 percipiens
1078 1424 1119 1481 7)
1151 1440 1304 1482 sponsa
1335 1425 1539 1468 admirata
1570 1437 1644 1477 est,

203 1508 349 1550 oleum
382 1505 591 1556 laetitiae,
623 1505 720 1563 quia
740 1506 785 1561 ⁸)
818 1506 980 1547 fructus
1009 1502 1181 1560 spiritus
1212 1505 1411 1558 gaudium
1443 1516 1526 1556 est,
1555 1521 1644 1546 me-

202 1585 286 1626 rito
318 1584 583 1642 appellatur:
618 1600 702 1640 quo
731 1583 774 1640 9)
804 1584 923 1625 Deus
951 1581 1072 1623 unxit
1104 1598 1215 1633 eum,
1247 1582 1319 1639 qui
1351 1582 1498 1625 dilexit
1527 1582 1644 1641 justi-

202 1663 318 1714 tiam,
350 1674 392 1705 et
424 1662 525 1705 odio
564 1660 710 1702 habuit
740 1660 1020 1717 iniquitatem.
1079 1660 1316 1717 Propterea
1338 1661 1450 1702 enim
1469 1660 1644 1703 dicitur:

204 1741 362 1795 „unxit
391 1742 458 1796 ¹⁰)
504 1757 602 1782 eum
646 1739 861 1781 Dominus
893 1739 962 1797 ¹¹)
1004 1740 1123 1781 Deus
1168 1755 1265 1782 suus
1310 1740 1409 1782 oleo
1459 1738 1643 1782 laetitiae

510 1801 524 1816 θ

322 1925 361 1982 ¹)
392 1925 502 1967 Edd.
535 1918 736 1966 MerIini:
769 1923 962 1966 fervoris.

317 1996 361 2053 ²)
389 1995 500 2038 Edd.
531 1994 726 2037 Merlini:
759 1996 938 2046 „forma
998 1993 1074 2036 His
1105 1998 1244 2035 ver0“
1278 2007 1355 2038 etc.

272 2062 277 2065 ’
318 2066 361 2120 ³)
393 2065 465 2107 Sic
496 2066 652 2107 habent
677 2066 793 2116 WIss„
824 2065 867 2107 in
898 2064 1111 2122 impressis
1140 2081 1243 2106 vero
1276 2066 1331 2123 (e.
1365 2081 1399 2107 c.
1432 2066 1528 2108 edd.
1533 2068 1637 2123 Μ.)

201 2124 351 2165 desunt
380 2123 527 2164 verba:
560 2122 655 2173 „vel
688 2122 875 2179 quinque
906 2138 1116 2164 sensuum.
1121 2127 1146 2147 ‘⁴
1205 2122 1256 2164 R.

317 2192 361 2250 ⁴)
396 2192 468 2235 Sic
498 2193 653 2234 habent
682 2192 806 2243 Mss.,
837 2192 937 2234 libri
966 2208 1068 2233 vero
1104 2191 1206 2233 editi
1238 2191 1294 2247 (e.
1328 2210 1361 2235 c.
1395 2194 1489 2236 edd.
1523 2195 1633 2251 M.):

201 2263 286 2305 „ut
327 2249 621 2292 remissionem
660 2259 934 2314 peccatorum
972 2265 1051 2314 per
1092 2265 1188 2290 eum
1238 2250 1377 2291 datam
1418 2251 1636 2304 significet.

203 2305 598 2407 Quinquagerfigrius
638 2305 751 2347 enim
787 2304 972 2365 jubileus
1016 2305 1060 2346 in
1104 2305 1167 2347 his
1214 2318 1274 2348 est
1318 2283 1638 2366 quintubplicitm

199 2376 364 2424 positus
382 2370 406 2390 “
509 2395 517 2405 .

312 2436 362 2502 ⁵)
393 2436 495 2478 Mss.
538 2432 716 2486 „solius.
730 2439 755 2459 “
813 2432 932 2475 Libri
964 2433 1067 2476 editi
1097 2434 1154 2492 (e.
1189 2452 1224 2477 c.
1259 2437 1354 2478 edd.
1385 2436 1491 2494 Ma)
1536 2438 1636 2490 „vel

201 2493 388 2537 salut1s“
447 2493 499 2534 R.

320 2564 364 2621 ⁶)
393 2563 560 2605 Desunt
590 2564 736 2605 verba:
769 2562 850 2614 „id
881 2573 941 2605 est
956 2567 995 2613 ‚“
1025 2561 1070 2603 in
1101 2563 1197 2606 edd.
1227 2563 1288 2606 Μ.

320 2634 362 2690 ⁷)
393 2633 503 2676 Edd.
533 2633 729 2676 Merlini:
765 2633 1042 2690 prospiciens.

316 2704 362 2762 ⁸)
391 2704 502 2747 Edd.
533 2702 730 2747 Merlini:
763 2703 860 2762 quia
889 2703 1061 2762 spiritus
1090 2703 1291 2758 gaudium
1323 2716 1396 2748 est·

316 2776 360 2835 9)
391 2775 501 2819 Edd.
531 2773 729 2818 Merlini:
760 2790 845 2832 quo
876 2775 996 2818 unxit
1027 2791 1126 2818 eum
1152 2775 1284 2818 Deus.

292 2845 363 2904 ¹⁰)
392 2845 546 2889 Psalm.
578 2844 710 2897 XLV,
744 2844 782 2890 7.

285 2916 359 2976 ¹¹)
387 2915 497 2960 Edd.
529 2915 726 2960 Merlini:
760 2917 898 2969 „deus
930 2917 1032 2962 deus
1065 2922 1198 2962 suus“
1230 2929 1307 2962 etc.
