<?xml version="1.0" encoding="UTF-8"?>
<!DOCTYPE html PUBLIC "-//W3C//DTD XHTML 1.0 Transitional//EN"
    "http://www.w3.org/TR/xhtml1/DTD/xhtml1-transitional.dtd">
<html xmlns="http://www.w3.org/1999/xhtml" xml:lang="en" lang="en">
 <head>
  <title>
</title>
<meta http-equiv="Content-Type" content="text/html;charset=utf-8" />
  <meta name='ocr-system' content='tesseract 3.04.00' />
  <meta name='ocr-capabilities' content='ocr_page ocr_carea ocr_par ocr_line ocrx_word'/>
</head>
<body>
  <div class='ocr_page' id='page_1' title='image "./operaomniaquaegr14orig/operaomniaquaegr14orig_0345.png"; bbox 0 0 1759 3134; ppageno 0'>
   <div class='ocr_carea' id='block_1_1' title="bbox 698 130 1509 178">
    <p class='ocr_par' dir='ltr' id='par_1_1' title="bbox 698 130 1509 178">
     <span class='ocr_line' id='line_1_1' title="bbox 698 130 1509 178; baseline 0.009 -7"><span class='ocrx_word' id='word_1_1' title='bbox 698 132 841 172; x_wconf 61' lang='lat' dir='ltr'><strong>Lmen</strong></span> <span class='ocrx_word' id='word_1_2' title='bbox 872 130 902 173; x_wconf 88' lang='lat' dir='ltr'><strong>I.</strong></span> <span class='ocrx_word' id='word_1_3' title='bbox 1427 133 1509 178; x_wconf 83' lang='lat'><strong>329</strong></span> 
     </span>
    </p>
   </div>
   <div class='ocr_carea' id='block_1_2' title="bbox 89 241 1513 1704">
    <p class='ocr_par' dir='ltr' id='par_1_2' title="bbox 89 241 1513 1704">
     <span class='ocr_line' id='line_1_2' title="bbox 94 241 1511 302; baseline 0 -15"><span class='ocrx_word' id='word_1_4' title='bbox 94 263 239 289; x_wconf 65' lang='lat' dir='ltr'><strong>verum</strong></span> <span class='ocrx_word' id='word_1_5' title='bbox 278 258 324 287; x_wconf 81' lang='lat' dir='ltr'><strong>ut</strong></span> <span class='ocrx_word' id='word_1_6' title='bbox 363 257 403 286; x_wconf 86' lang='lat' dir='ltr'><strong>et</strong></span> <span class='ocrx_word' id='word_1_7' title='bbox 427 245 465 301; x_wconf 89' lang='lat'><strong>¹)</strong></span> <span class='ocrx_word' id='word_1_8' title='bbox 505 246 546 286; x_wconf 87' lang='lat' dir='ltr'><strong>in</strong></span> <span class='ocrx_word' id='word_1_9' title='bbox 585 260 770 287; x_wconf 83' lang='lat' dir='ltr'><strong>amorem</strong></span> <span class='ocrx_word' id='word_1_10' title='bbox 811 259 880 284; x_wconf 88' lang='lat' dir='ltr'><strong>me</strong></span> <span class='ocrx_word' id='word_1_11' title='bbox 918 241 1005 300; x_wconf 82' lang='lat' dir='ltr'><strong>ejus</strong></span> <span class='ocrx_word' id='word_1_12' title='bbox 1046 243 1383 302; x_wconf 79' lang='lat' dir='ltr'><strong>desideriumque</strong></span> <span class='ocrx_word' id='word_1_13' title='bbox 1420 263 1511 288; x_wconf 67' lang='lat' dir='ltr'><strong>suc-</strong></span> 
     </span>
     <span class='ocr_line' id='line_1_3' title="bbox 96 320 1510 380; baseline -0.001 -13"><span class='ocrx_word' id='word_1_14' title='bbox 96 326 341 375; x_wconf 85' lang='lat' dir='ltr'><strong>cenderent,</strong></span> <span class='ocrx_word' id='word_1_15' title='bbox 384 323 762 380; x_wconf 81' lang='lat' dir='ltr'><strong>pronuntiaverunt</strong></span> <span class='ocrx_word' id='word_1_16' title='bbox 803 320 907 362; x_wconf 88' lang='lat' dir='ltr'><strong>mihi</strong></span> <span class='ocrx_word' id='word_1_17' title='bbox 947 321 1206 378; x_wconf 81' lang='lat' dir='ltr'><strong>propheticis</strong></span> <span class='ocrx_word' id='word_1_18' title='bbox 1243 322 1416 365; x_wconf 87' lang='lat' dir='ltr'><strong>vocibus</strong></span> <span class='ocrx_word' id='word_1_19' title='bbox 1457 325 1510 366; x_wconf 88' lang='lat' dir='ltr'><strong>de</strong></span> 
     </span>
     <span class='ocr_line' id='line_1_4' title="bbox 94 397 1510 460; baseline 0 -16"><span class='ocrx_word' id='word_1_20' title='bbox 94 404 276 444; x_wconf 81' lang='lat' dir='ltr'><strong>adventu</strong></span> <span class='ocrx_word' id='word_1_21' title='bbox 315 399 423 459; x_wconf 86' lang='lat' dir='ltr'><strong>ejus,</strong></span> <span class='ocrx_word' id='word_1_22' title='bbox 466 412 507 442; x_wconf 89' lang='lat' dir='ltr'><strong>et</strong></span> <span class='ocrx_word' id='word_1_23' title='bbox 537 401 588 442; x_wconf 87' lang='lat' dir='ltr'><strong>de</strong></span> <span class='ocrx_word' id='word_1_24' title='bbox 610 397 653 456; x_wconf 83' lang='lat'><strong>²)</strong></span> <span class='ocrx_word' id='word_1_25' title='bbox 684 398 911 441; x_wconf 80' lang='lat' dir='ltr'><strong>innumeris</strong></span> <span class='ocrx_word' id='word_1_26' title='bbox 940 398 1186 450; x_wconf 78' lang='lat' dir='ltr'><strong>virtutibus,</strong></span> <span class='ocrx_word' id='word_1_27' title='bbox 1227 401 1510 460; x_wconf 79' lang='lat' dir='ltr'><strong>operibusque</strong></span> 
     </span>
     <span class='ocr_line' id='line_1_5' title="bbox 96 475 1509 538; baseline 0 -16"><span class='ocrx_word' id='word_1_28' title='bbox 96 480 183 538; x_wconf 83' lang='lat' dir='ltr'><strong>ejus</strong></span> <span class='ocrx_word' id='word_1_29' title='bbox 213 478 438 528; x_wconf 82' lang='lat' dir='ltr'><strong>immensis,</strong></span> <span class='ocrx_word' id='word_1_30' title='bbox 472 477 626 535; x_wconf 89' lang='lat' dir='ltr'><strong>repleti</strong></span> <span class='ocrx_word' id='word_1_31' title='bbox 644 476 805 534; x_wconf 80' lang='lat' dir='ltr'><strong>Spiritu</strong></span> <span class='ocrx_word' id='word_1_32' title='bbox 829 488 971 519; x_wconf 84' lang='lat' dir='ltr'><strong>sancto</strong></span> <span class='ocrx_word' id='word_1_33' title='bbox 1003 475 1363 533; x_wconf 79' lang='lat' dir='ltr'><strong>praedicaverunt.</strong></span> <span class='ocrx_word' id='word_1_34' title='bbox 1408 480 1509 522; x_wconf 86' lang='lat' dir='ltr'><strong>Pul-</strong></span> 
     </span>
     <span class='ocr_line' id='line_1_6' title="bbox 95 554 1507 614; baseline 0.001 -16"><span class='ocrx_word' id='word_1_35' title='bbox 95 556 373 599; x_wconf 85' lang='lat' dir='ltr'><strong>chritudinem</strong></span> <span class='ocrx_word' id='word_1_36' title='bbox 403 573 573 614; x_wconf 87' lang='lat' dir='ltr'><strong>quoque</strong></span> <span class='ocrx_word' id='word_1_37' title='bbox 606 554 715 614; x_wconf 81' lang='lat' dir='ltr'><strong>ejus,</strong></span> <span class='ocrx_word' id='word_1_38' title='bbox 754 567 795 596; x_wconf 84' lang='lat' dir='ltr'><strong>et</strong></span> <span class='ocrx_word' id='word_1_39' title='bbox 823 554 1030 612; x_wconf 83' lang='lat' dir='ltr'><strong>speciem,</strong></span> <span class='ocrx_word' id='word_1_40' title='bbox 1069 571 1116 596; x_wconf 85' lang='lat' dir='ltr'><strong>ac</strong></span> <span class='ocrx_word' id='word_1_41' title='bbox 1144 556 1507 601; x_wconf 81' lang='lat' dir='ltr'><strong>mansuetudinem</strong></span> 
     </span>
     <span class='ocr_line' id='line_1_7' title="bbox 94 631 1512 691; baseline 0 -15"><span class='ocrx_word' id='word_1_42' title='bbox 94 635 423 691; x_wconf 83' lang='lat' dir='ltr'><strong>descripserunt,</strong></span> <span class='ocrx_word' id='word_1_43' title='bbox 465 634 543 685; x_wconf 79' lang='lat' dir='ltr'><strong>ita,</strong></span> <span class='ocrx_word' id='word_1_44' title='bbox 581 644 628 675; x_wconf 79' lang='lat' dir='ltr'><strong>ut</strong></span> <span class='ocrx_word' id='word_1_45' title='bbox 662 632 856 675; x_wconf 85' lang='lat' dir='ltr'><strong>omnibus</strong></span> <span class='ocrx_word' id='word_1_46' title='bbox 885 633 947 675; x_wconf 88' lang='lat' dir='ltr'><strong>his</strong></span> <span class='ocrx_word' id='word_1_47' title='bbox 978 635 1030 675; x_wconf 85' lang='lat' dir='ltr'><strong>ad</strong></span> <span class='ocrx_word' id='word_1_48' title='bbox 1061 649 1250 675; x_wconf 87' lang='lat' dir='ltr'><strong>amorem</strong></span> <span class='ocrx_word' id='word_1_49' title='bbox 1283 631 1370 691; x_wconf 87' lang='lat' dir='ltr'><strong>ejus</strong></span> <span class='ocrx_word' id='word_1_50' title='bbox 1398 634 1512 676; x_wconf 86' lang='lat' dir='ltr'><strong>into-</strong></span> 
     </span>
     <span class='ocr_line' id='line_1_8' title="bbox 92 711 1511 770; baseline 0.001 -17"><span class='ocrx_word' id='word_1_51' title='bbox 92 712 322 754; x_wconf 80' lang='lat' dir='ltr'><strong>lerabiliter</strong></span> <span class='ocrx_word' id='word_1_52' title='bbox 342 712 384 769; x_wconf 83' lang='grc'><strong>3)</strong></span> <span class='ocrx_word' id='word_1_53' title='bbox 429 712 720 754; x_wconf 83' lang='lat' dir='ltr'><strong>inssammarer.</strong></span> <span class='ocrx_word' id='word_1_54' title='bbox 796 712 881 753; x_wconf 86' lang='lat' dir='ltr'><strong>Sed</strong></span> <span class='ocrx_word' id='word_1_55' title='bbox 927 711 1127 768; x_wconf 85' lang='lat' dir='ltr'><strong>quoniam</strong></span> <span class='ocrx_word' id='word_1_56' title='bbox 1170 711 1384 753; x_wconf 85' lang='lat' dir='ltr'><strong>saeculum</strong></span> <span class='ocrx_word' id='word_1_57' title='bbox 1427 711 1511 770; x_wconf 81' lang='lat' dir='ltr'><strong>jam</strong></span> 
     </span>
     <span class='ocr_line' id='line_1_9' title="bbox 90 788 1510 847; baseline 0.001 -15"><span class='ocrx_word' id='word_1_58' title='bbox 90 807 199 847; x_wconf 88' lang='lat' dir='ltr'><strong>pene</strong></span> <span class='ocrx_word' id='word_1_59' title='bbox 228 790 394 831; x_wconf 86' lang='lat' dir='ltr'><strong>finitum</strong></span> <span class='ocrx_word' id='word_1_60' title='bbox 425 800 508 840; x_wconf 87' lang='lat' dir='ltr'><strong>est,</strong></span> <span class='ocrx_word' id='word_1_61' title='bbox 554 801 595 830; x_wconf 86' lang='lat' dir='ltr'><strong>et</strong></span> <span class='ocrx_word' id='word_1_62' title='bbox 632 788 762 846; x_wconf 88' lang='lat' dir='ltr'><strong>ipsius</strong></span> <span class='ocrx_word' id='word_1_63' title='bbox 803 788 977 846; x_wconf 86' lang='lat' dir='ltr'><strong>quidem</strong></span> <span class='ocrx_word' id='word_1_64' title='bbox 1006 789 1240 845; x_wconf 83' lang='lat' dir='ltr'><strong>praesentia</strong></span> <span class='ocrx_word' id='word_1_65' title='bbox 1272 806 1358 831; x_wconf 91' lang='lat' dir='ltr'><strong>non</strong></span> <span class='ocrx_word' id='word_1_66' title='bbox 1389 791 1510 833; x_wconf 87' lang='lat' dir='ltr'><strong>datur</strong></span> 
     </span>
     <span class='ocr_line' id='line_1_10' title="bbox 92 866 1513 925; baseline 0 -15"><span class='ocrx_word' id='word_1_67' title='bbox 92 868 215 911; x_wconf 83' lang='lat' dir='ltr'><strong>mihi:</strong></span> <span class='ocrx_word' id='word_1_68' title='bbox 259 868 375 909; x_wconf 90' lang='lat' dir='ltr'><strong>solos</strong></span> <span class='ocrx_word' id='word_1_69' title='bbox 414 879 554 908; x_wconf 84' lang='lat' dir='ltr'><strong>autem</strong></span> <span class='ocrx_word' id='word_1_70' title='bbox 591 866 803 908; x_wconf 84' lang='lat' dir='ltr'><strong>ministros</strong></span> <span class='ocrx_word' id='word_1_71' title='bbox 843 866 929 925; x_wconf 78' lang='lat' dir='ltr'><strong>ejus</strong></span> <span class='ocrx_word' id='word_1_72' title='bbox 968 866 1094 908; x_wconf 85' lang='lat' dir='ltr'><strong>video</strong></span> <span class='ocrx_word' id='word_1_73' title='bbox 1134 868 1432 910; x_wconf 80' lang='lat' dir='ltr'><strong>adscendentes</strong></span> <span class='ocrx_word' id='word_1_74' title='bbox 1471 881 1513 910; x_wconf 83' lang='lat' dir='ltr'><strong>et</strong></span> 
     </span>
     <span class='ocr_line' id='line_1_11' title="bbox 92 945 1512 1004; baseline 0.001 -16"><span class='ocrx_word' id='word_1_75' title='bbox 92 947 390 988; x_wconf 79' lang='lat' dir='ltr'><strong>descendentes</strong></span> <span class='ocrx_word' id='word_1_76' title='bbox 430 945 482 986; x_wconf 87' lang='lat' dir='ltr'><strong>ad</strong></span> <span class='ocrx_word' id='word_1_77' title='bbox 521 960 610 996; x_wconf 89' lang='lat' dir='ltr'><strong>me,</strong></span> <span class='ocrx_word' id='word_1_78' title='bbox 653 956 832 1002; x_wconf 89' lang='lat' dir='ltr'><strong>propter</strong></span> <span class='ocrx_word' id='word_1_79' title='bbox 870 945 952 987; x_wconf 92' lang='lat' dir='ltr'><strong>hoc</strong></span> <span class='ocrx_word' id='word_1_80' title='bbox 991 946 1044 987; x_wconf 89' lang='lat' dir='ltr'><strong>ad</strong></span> <span class='ocrx_word' id='word_1_81' title='bbox 1084 957 1126 987; x_wconf 91' lang='lat' dir='ltr'><strong>te</strong></span> <span class='ocrx_word' id='word_1_82' title='bbox 1164 957 1329 1003; x_wconf 85' lang='lat' dir='ltr'><strong>patrem</strong></span> <span class='ocrx_word' id='word_1_83' title='bbox 1367 947 1512 1004; x_wconf 85' lang='lat' dir='ltr'><strong>sponsi</strong></span> 
     </span>
     <span class='ocr_line' id='line_1_12' title="bbox 92 1023 1512 1081; baseline 0.001 -15"><span class='ocrx_word' id='word_1_84' title='bbox 92 1024 175 1066; x_wconf 88' lang='lat' dir='ltr'><strong>mei</strong></span> <span class='ocrx_word' id='word_1_85' title='bbox 204 1039 376 1081; x_wconf 87' lang='lat' dir='ltr'><strong>precem</strong></span> <span class='ocrx_word' id='word_1_86' title='bbox 406 1023 540 1064; x_wconf 80' lang='lat' dir='ltr'><strong>fundo</strong></span> <span class='ocrx_word' id='word_1_87' title='bbox 572 1034 613 1064; x_wconf 88' lang='lat' dir='ltr'><strong>et</strong></span> <span class='ocrx_word' id='word_1_88' title='bbox 643 1024 843 1076; x_wconf 88' lang='lat' dir='ltr'><strong>obsecro,</strong></span> <span class='ocrx_word' id='word_1_89' title='bbox 872 1035 921 1065; x_wconf 86' lang='lat' dir='ltr'><strong>ut</strong></span> <span class='ocrx_word' id='word_1_90' title='bbox 947 1023 1119 1065; x_wconf 86' lang='lat' dir='ltr'><strong>tandem</strong></span> <span class='ocrx_word' id='word_1_91' title='bbox 1146 1023 1366 1066; x_wconf 86' lang='lat' dir='ltr'><strong>miseratus</strong></span> <span class='ocrx_word' id='word_1_92' title='bbox 1395 1041 1512 1067; x_wconf 80' lang='lat' dir='ltr'><strong>amo-</strong></span> 
     </span>
     <span class='ocr_line' id='line_1_13' title="bbox 90 1100 1512 1160; baseline 0.001 -17"><span class='ocrx_word' id='word_1_93' title='bbox 90 1118 180 1143; x_wconf 85' lang='lat' dir='ltr'><strong>rem</strong></span> <span class='ocrx_word' id='word_1_94' title='bbox 217 1113 410 1143; x_wconf 86' lang='lat' dir='ltr'><strong>nostrum</strong></span> <span class='ocrx_word' id='word_1_95' title='bbox 447 1100 587 1143; x_wconf 85' lang='lat' dir='ltr'><strong>mittas</strong></span> <span class='ocrx_word' id='word_1_96' title='bbox 625 1118 742 1143; x_wconf 87' lang='lat' dir='ltr'><strong>eum:</strong></span> <span class='ocrx_word' id='word_1_97' title='bbox 779 1113 828 1143; x_wconf 86' lang='lat' dir='ltr'><strong>ut</strong></span> <span class='ocrx_word' id='word_1_98' title='bbox 848 1101 890 1158; x_wconf 75' lang='lat'><strong>⁴)</strong></span> <span class='ocrx_word' id='word_1_99' title='bbox 920 1100 1005 1159; x_wconf 79' lang='lat' dir='ltr'><strong>jam</strong></span> <span class='ocrx_word' id='word_1_100' title='bbox 1034 1117 1120 1142; x_wconf 92' lang='lat' dir='ltr'><strong>non</strong></span> <span class='ocrx_word' id='word_1_101' title='bbox 1148 1101 1252 1144; x_wconf 81' lang='lat' dir='ltr'><strong>mihi</strong></span> <span class='ocrx_word' id='word_1_102' title='bbox 1282 1118 1359 1160; x_wconf 86' lang='lat' dir='ltr'><strong>per</strong></span> <span class='ocrx_word' id='word_1_103' title='bbox 1387 1103 1512 1145; x_wconf 81' lang='lat' dir='ltr'><strong>mini-</strong></span> 
     </span>
     <span class='ocr_line' id='line_1_14' title="bbox 89 1179 1511 1237; baseline 0.002 -16"><span class='ocrx_word' id='word_1_104' title='bbox 89 1191 197 1221; x_wconf 89' lang='lat' dir='ltr'><strong>stros</strong></span> <span class='ocrx_word' id='word_1_105' title='bbox 233 1195 330 1220; x_wconf 89' lang='lat' dir='ltr'><strong>suos</strong></span> <span class='ocrx_word' id='word_1_106' title='bbox 371 1179 538 1232; x_wconf 80' lang='lat' dir='ltr'><strong>angelos</strong></span> <span class='ocrx_word' id='word_1_107' title='bbox 578 1179 775 1222; x_wconf 74' lang='lat' dir='ltr'><strong>duntaxat</strong></span> <span class='ocrx_word' id='word_1_108' title='bbox 813 1191 854 1221; x_wconf 86' lang='lat' dir='ltr'><strong>et</strong></span> <span class='ocrx_word' id='word_1_109' title='bbox 893 1179 1123 1236; x_wconf 82' lang='lat' dir='ltr'><strong>prophetas</strong></span> <span class='ocrx_word' id='word_1_110' title='bbox 1166 1180 1388 1237; x_wconf 85' lang='lat' dir='ltr'><strong>loquatur,</strong></span> <span class='ocrx_word' id='word_1_111' title='bbox 1435 1182 1511 1224; x_wconf 87' lang='lat' dir='ltr'><strong>sed</strong></span> 
     </span>
     <span class='ocr_line' id='line_1_15' title="bbox 90 1257 1508 1314; baseline 0.002 -17"><span class='ocrx_word' id='word_1_112' title='bbox 90 1257 179 1314; x_wconf 82' lang='lat' dir='ltr'><strong>ipse</strong></span> <span class='ocrx_word' id='word_1_113' title='bbox 217 1273 295 1313; x_wconf 89' lang='lat' dir='ltr'><strong>per</strong></span> <span class='ocrx_word' id='word_1_114' title='bbox 333 1268 465 1298; x_wconf 83' lang='lat' dir='ltr'><strong>semet</strong></span> <span class='ocrx_word' id='word_1_115' title='bbox 501 1257 639 1313; x_wconf 85' lang='lat' dir='ltr'><strong>ipsum</strong></span> <span class='ocrx_word' id='word_1_116' title='bbox 672 1257 831 1309; x_wconf 84' lang='lat' dir='ltr'><strong>veniat,</strong></span> <span class='ocrx_word' id='word_1_117' title='bbox 869 1269 909 1299; x_wconf 87' lang='lat' dir='ltr'><strong>et</strong></span> <span class='ocrx_word' id='word_1_118' title='bbox 940 1257 1154 1298; x_wconf 79' lang='lat' dir='ltr'><strong>osculetur</strong></span> <span class='ocrx_word' id='word_1_119' title='bbox 1179 1273 1249 1299; x_wconf 87' lang='lat' dir='ltr'><strong>me</strong></span> <span class='ocrx_word' id='word_1_120' title='bbox 1279 1259 1330 1300; x_wconf 82' lang='lat' dir='ltr'><strong>ab</strong></span> <span class='ocrx_word' id='word_1_121' title='bbox 1362 1260 1508 1301; x_wconf 88' lang='lat' dir='ltr'><strong>osculo</strong></span> 
     </span>
     <span class='ocr_line' id='line_1_16' title="bbox 91 1333 1511 1389; baseline 0.002 -14"><span class='ocrx_word' id='word_1_122' title='bbox 91 1333 174 1376; x_wconf 85' lang='lat' dir='ltr'><strong>oris</strong></span> <span class='ocrx_word' id='word_1_123' title='bbox 213 1333 297 1384; x_wconf 88' lang='lat' dir='ltr'><strong>sui,</strong></span> <span class='ocrx_word' id='word_1_124' title='bbox 343 1336 470 1376; x_wconf 81' lang='lat' dir='ltr'><strong>verba</strong></span> <span class='ocrx_word' id='word_1_125' title='bbox 508 1334 670 1375; x_wconf 87' lang='lat' dir='ltr'><strong>scilicet</strong></span> <span class='ocrx_word' id='word_1_126' title='bbox 705 1335 748 1376; x_wconf 89' lang='lat' dir='ltr'><strong>in</strong></span> <span class='ocrx_word' id='word_1_127' title='bbox 793 1351 840 1377; x_wconf 88' lang='lat' dir='ltr'><strong>os</strong></span> <span class='ocrx_word' id='word_1_128' title='bbox 886 1351 1029 1377; x_wconf 89' lang='lat' dir='ltr'><strong>meum</strong></span> <span class='ocrx_word' id='word_1_129' title='bbox 1073 1334 1137 1376; x_wconf 83' lang='lat' dir='ltr'><strong>sui</strong></span> <span class='ocrx_word' id='word_1_130' title='bbox 1184 1334 1267 1376; x_wconf 86' lang='lat' dir='ltr'><strong>oris</strong></span> <span class='ocrx_word' id='word_1_131' title='bbox 1304 1335 1511 1389; x_wconf 81' lang='lat' dir='ltr'><strong>infundat,</strong></span> 
     </span>
     <span class='ocr_line' id='line_1_17' title="bbox 92 1411 1512 1470; baseline 0.002 -17"><span class='ocrx_word' id='word_1_132' title='bbox 92 1412 230 1468; x_wconf 87' lang='lat' dir='ltr'><strong>ipsum</strong></span> <span class='ocrx_word' id='word_1_133' title='bbox 259 1411 426 1454; x_wconf 82' lang='lat' dir='ltr'><strong>audiam</strong></span> <span class='ocrx_word' id='word_1_134' title='bbox 456 1414 715 1470; x_wconf 86' lang='lat' dir='ltr'><strong>loquentem,</strong></span> <span class='ocrx_word' id='word_1_135' title='bbox 747 1412 885 1469; x_wconf 88' lang='lat' dir='ltr'><strong>ipsum</strong></span> <span class='ocrx_word' id='word_1_136' title='bbox 909 1412 1076 1454; x_wconf 87' lang='lat' dir='ltr'><strong>videam</strong></span> <span class='ocrx_word' id='word_1_137' title='bbox 1099 1414 1336 1455; x_wconf 79' lang='lat' dir='ltr'><strong>docentem.</strong></span> <span class='ocrx_word' id='word_1_138' title='bbox 1396 1414 1512 1456; x_wconf 80' lang='lat' dir='ltr'><strong>Haec</strong></span> 
     </span>
     <span class='ocr_line' id='line_1_18' title="bbox 90 1489 1511 1547; baseline 0.003 -17"><span class='ocrx_word' id='word_1_139' title='bbox 90 1489 202 1530; x_wconf 85' lang='lat' dir='ltr'><strong>enim</strong></span> <span class='ocrx_word' id='word_1_140' title='bbox 231 1501 326 1530; x_wconf 88' lang='lat' dir='ltr'><strong>sunt</strong></span> <span class='ocrx_word' id='word_1_141' title='bbox 357 1489 512 1532; x_wconf 83' lang='lat' dir='ltr'><strong>Christi</strong></span> <span class='ocrx_word' id='word_1_142' title='bbox 543 1490 710 1541; x_wconf 84' lang='lat' dir='ltr'><strong>oscula,</strong></span> <span class='ocrx_word' id='word_1_143' title='bbox 743 1506 848 1547; x_wconf 78' lang='lat' dir='ltr'><strong>quae</strong></span> <span class='ocrx_word' id='word_1_144' title='bbox 879 1490 1066 1546; x_wconf 84' lang='lat' dir='ltr'><strong>porrexit</strong></span> <span class='ocrx_word' id='word_1_145' title='bbox 1096 1490 1311 1542; x_wconf 81' lang='lat' dir='ltr'><strong>ecclesiae,</strong></span> <span class='ocrx_word' id='word_1_146' title='bbox 1343 1508 1438 1533; x_wconf 92' lang='lat' dir='ltr'><strong>cum</strong></span> <span class='ocrx_word' id='word_1_147' title='bbox 1468 1492 1511 1534; x_wconf 87' lang='lat' dir='ltr'><strong>in</strong></span> 
     </span>
     <span class='ocr_line' id='line_1_19' title="bbox 89 1567 1512 1625; baseline 0.002 -17"><span class='ocrx_word' id='word_1_148' title='bbox 89 1569 270 1609; x_wconf 83' lang='lat' dir='ltr'><strong>adventu</strong></span> <span class='ocrx_word' id='word_1_149' title='bbox 308 1584 384 1609; x_wconf 88' lang='lat' dir='ltr'><strong>suo</strong></span> <span class='ocrx_word' id='word_1_150' title='bbox 426 1567 515 1625; x_wconf 88' lang='lat' dir='ltr'><strong>ipse</strong></span> <span class='ocrx_word' id='word_1_151' title='bbox 548 1568 735 1610; x_wconf 86' lang='lat' dir='ltr'><strong>Christus</strong></span> <span class='ocrx_word' id='word_1_152' title='bbox 778 1568 820 1609; x_wconf 88' lang='lat' dir='ltr'><strong>in</strong></span> <span class='ocrx_word' id='word_1_153' title='bbox 859 1585 981 1609; x_wconf 82' lang='lat' dir='ltr'><strong>carne</strong></span> <span class='ocrx_word' id='word_1_154' title='bbox 1021 1568 1182 1625; x_wconf 84' lang='lat' dir='ltr'><strong>positus</strong></span> <span class='ocrx_word' id='word_1_155' title='bbox 1213 1570 1512 1623; x_wconf 81' lang='lat' dir='ltr'><strong>evangelizavit</strong></span> 
     </span>
     <span class='ocr_line' id='line_1_20' title="bbox 90 1639 1509 1704; baseline 0.001 -17"><span class='ocrx_word' id='word_1_156' title='bbox 90 1646 127 1687; x_wconf 84' lang='lat' dir='ltr'><strong>ci</strong></span> <span class='ocrx_word' id='word_1_157' title='bbox 158 1647 284 1688; x_wconf 84' lang='lat' dir='ltr'><strong>verba</strong></span> <span class='ocrx_word' id='word_1_158' title='bbox 320 1645 420 1687; x_wconf 79' lang='lat' dir='ltr'><strong>fidei</strong></span> <span class='ocrx_word' id='word_1_159' title='bbox 453 1657 493 1686; x_wconf 83' lang='lat' dir='ltr'><strong>et</strong></span> <span class='ocrx_word' id='word_1_160' title='bbox 525 1646 704 1687; x_wconf 85' lang='lat' dir='ltr'><strong>caritatis</strong></span> <span class='ocrx_word' id='word_1_161' title='bbox 737 1658 778 1687; x_wconf 82' lang='lat' dir='ltr'><strong>ct</strong></span> <span class='ocrx_word' id='word_1_162' title='bbox 807 1646 934 1703; x_wconf 80' lang='lat' dir='ltr'><strong>pacis,</strong></span> <span class='ocrx_word' id='word_1_163' title='bbox 964 1648 1196 1687; x_wconf 87' lang='lat' dir='ltr'><strong>secundum</strong></span> <span class='ocrx_word' id='word_1_164' title='bbox 1225 1639 1343 1704; x_wconf 70' lang='lat' dir='ltr'><strong>¹quod</strong></span> <span class='ocrx_word' id='word_1_165' title='bbox 1368 1647 1509 1690; x_wconf 79' lang='lat' dir='ltr'><strong>Esaias</strong></span> 
     </span>
    </p>
   </div>
   <div class='ocr_carea' id='block_1_3' title="bbox 89 1723 1512 1782">
    <p class='ocr_par' dir='ltr' id='par_1_3' title="bbox 89 1723 1512 1782">
     <span class='ocr_line' id='line_1_21' title="bbox 89 1723 1512 1782; baseline 0.003 -18"><span class='ocrx_word' id='word_1_166' title='bbox 89 1723 360 1780; x_wconf 87' lang='lat' dir='ltr'><strong>promiserat,</strong></span> <span class='ocrx_word' id='word_1_167' title='bbox 403 1734 444 1763; x_wconf 88' lang='lat' dir='ltr'><strong>et</strong></span> <span class='ocrx_word' id='word_1_168' title='bbox 472 1723 723 1780; x_wconf 79' lang='lat' dir='ltr'><strong>praemissus</strong></span> <span class='ocrx_word' id='word_1_169' title='bbox 754 1726 805 1766; x_wconf 86' lang='lat' dir='ltr'><strong>ad</strong></span> <span class='ocrx_word' id='word_1_170' title='bbox 836 1741 1031 1782; x_wconf 87' lang='lat' dir='ltr'><strong>sponsam</strong></span> <span class='ocrx_word' id='word_1_171' title='bbox 1063 1724 1242 1768; x_wconf 80' lang='lat' dir='ltr'><strong>dixerat:</strong></span> <span class='ocrx_word' id='word_1_172' title='bbox 1283 1742 1368 1768; x_wconf 91' lang='lat' dir='ltr'><strong>non</strong></span> <span class='ocrx_word' id='word_1_173' title='bbox 1400 1726 1512 1780; x_wconf 82' lang='lat' dir='ltr'><strong>lega-</strong></span> 
     </span>
    </p>
   </div>
   <div class='ocr_carea' id='block_1_4' title="bbox 203 1986 1509 2188">
    <p class='ocr_par' dir='ltr' id='par_1_4' title="bbox 203 1986 1509 2188">
     <span class='ocr_line' id='line_1_22' title="bbox 205 1986 845 2044; baseline 0 -16"><span class='ocrx_word' id='word_1_174' title='bbox 205 1987 246 2044; x_wconf 85' lang='lat'><strong>¹)</strong></span> <span class='ocrx_word' id='word_1_175' title='bbox 277 1988 409 2028; x_wconf 81' lang='lat' dir='ltr'><strong>Deest</strong></span> <span class='ocrx_word' id='word_1_176' title='bbox 440 1991 552 2037; x_wconf 87' lang='lat' dir='ltr'><strong>„et“</strong></span> <span class='ocrx_word' id='word_1_177' title='bbox 586 1986 627 2027; x_wconf 87' lang='lat' dir='ltr'><strong>in</strong></span> <span class='ocrx_word' id='word_1_178' title='bbox 659 1987 752 2027; x_wconf 83' lang='lat' dir='ltr'><strong>edd.</strong></span> <span class='ocrx_word' id='word_1_179' title='bbox 786 1988 845 2028; x_wconf 84' lang='lat' dir='ltr'><strong>M.</strong></span> 
     </span>
     <span class='ocr_line' id='line_1_23' title="bbox 203 2057 855 2113; baseline 0.002 -15"><span class='ocrx_word' id='word_1_180' title='bbox 203 2058 245 2113; x_wconf 84' lang='grc'><strong>2)</strong></span> <span class='ocrx_word' id='word_1_181' title='bbox 275 2058 408 2099; x_wconf 85' lang='lat' dir='ltr'><strong>Deest</strong></span> <span class='ocrx_word' id='word_1_182' title='bbox 438 2057 561 2108; x_wconf 84' lang='lat' dir='ltr'><strong>‚‚de“</strong></span> <span class='ocrx_word' id='word_1_183' title='bbox 593 2057 636 2098; x_wconf 86' lang='lat' dir='ltr'><strong>in</strong></span> <span class='ocrx_word' id='word_1_184' title='bbox 668 2058 762 2098; x_wconf 87' lang='lat' dir='ltr'><strong>edd.</strong></span> <span class='ocrx_word' id='word_1_185' title='bbox 794 2058 855 2099; x_wconf 83' lang='lat' dir='ltr'><strong>M.</strong></span> 
     </span>
     <span class='ocr_line' id='line_1_24' title="bbox 203 2127 1509 2188; baseline 0.002 -17"><span class='ocrx_word' id='word_1_186' title='bbox 203 2129 246 2184; x_wconf 79' lang='grc'><strong>3)</strong></span> <span class='ocrx_word' id='word_1_187' title='bbox 277 2129 378 2171; x_wconf 67' lang='lat' dir='ltr'><strong>les.</strong></span> <span class='ocrx_word' id='word_1_188' title='bbox 410 2127 812 2178; x_wconf 79' lang='lat' dir='ltr'><strong>‚,intolerabiliter.“</strong></span> <span class='ocrx_word' id='word_1_189' title='bbox 861 2128 978 2170; x_wconf 86' lang='lat' dir='ltr'><strong>Libri</strong></span> <span class='ocrx_word' id='word_1_190' title='bbox 1009 2127 1112 2170; x_wconf 84' lang='lat' dir='ltr'><strong>editi</strong></span> <span class='ocrx_word' id='word_1_191' title='bbox 1142 2129 1200 2185; x_wconf 86' lang='lat' dir='ltr'><strong>(v,</strong></span> <span class='ocrx_word' id='word_1_192' title='bbox 1233 2146 1265 2170; x_wconf 76' lang='lat' dir='ltr'><strong>c,</strong></span> <span class='ocrx_word' id='word_1_193' title='bbox 1287 2129 1381 2170; x_wconf 79' lang='lat' dir='ltr'><strong>edd.</strong></span> <span class='ocrx_word' id='word_1_194' title='bbox 1404 2130 1509 2188; x_wconf 65' lang='grc' dir='ltr'>ΒῙ.);</span> 
     </span>
    </p>
   </div>
   <div class='ocr_carea' id='block_1_5' title="bbox 87 2185 1559 2957">
    <p class='ocr_par' dir='ltr' id='par_1_5' title="bbox 90 2185 530 2240">
     <span class='ocr_line' id='line_1_25' title="bbox 90 2185 530 2240; baseline -0.009 -11"><span class='ocrx_word' id='word_1_195' title='bbox 90 2186 421 2240; x_wconf 85' lang='lat' dir='ltr'><strong>‚,integraliter.“</strong></span> <span class='ocrx_word' id='word_1_196' title='bbox 479 2185 530 2226; x_wconf 84' lang='lat' dir='ltr'><strong>R.</strong></span> 
     </span>
    </p>

    <p class='ocr_par' dir='ltr' id='par_1_6' title="bbox 87 2255 1559 2957">
     <span class='ocr_line' id='line_1_26' title="bbox 202 2255 1512 2315; baseline 0.002 -18"><span class='ocrx_word' id='word_1_197' title='bbox 202 2258 246 2313; x_wconf 74' lang='lat'><strong>⁴)</strong></span> <span class='ocrx_word' id='word_1_198' title='bbox 273 2255 511 2312; x_wconf 89' lang='lat' dir='ltr'><strong>Procopius</strong></span> <span class='ocrx_word' id='word_1_199' title='bbox 531 2256 788 2299; x_wconf 89' lang='lat' dir='ltr'><strong>Christianus</strong></span> <span class='ocrx_word' id='word_1_200' title='bbox 824 2257 1010 2314; x_wconf 86' lang='lat' dir='ltr'><strong>sophista</strong></span> <span class='ocrx_word' id='word_1_201' title='bbox 1039 2256 1146 2298; x_wconf 85' lang='lat' dir='ltr'><strong>hanc</strong></span> <span class='ocrx_word' id='word_1_202' title='bbox 1165 2257 1361 2311; x_wconf 83' lang='lat' dir='ltr'><strong>origenis</strong></span> <span class='ocrx_word' id='word_1_203' title='bbox 1384 2275 1512 2315; x_wconf 88' lang='lat' dir='ltr'><strong>expo-</strong></span> 
     </span>
     <span class='ocr_line' id='line_1_27' title="bbox 89 2323 1559 2389; baseline 0.002 -18"><span class='ocrx_word' id='word_1_204' title='bbox 89 2329 288 2371; x_wconf 86' lang='lat' dir='ltr'><strong>sitionem</strong></span> <span class='ocrx_word' id='word_1_205' title='bbox 325 2326 590 2369; x_wconf 88' lang='lat' dir='ltr'><strong>brevioribus</strong></span> <span class='ocrx_word' id='word_1_206' title='bbox 630 2328 768 2370; x_wconf 82' lang='lat' dir='ltr'><strong>verbis</strong></span> <span class='ocrx_word' id='word_1_207' title='bbox 799 2327 1015 2385; x_wconf 82' lang='lat' dir='ltr'><strong>exprimit:</strong></span> <span class='ocrx_word' id='word_1_208' title='bbox 1064 2327 1297 2387; x_wconf 78' lang='grc' dir='ltr'><em>φιλησάτω</em></span> <span class='ocrx_word' id='word_1_209' title='bbox 1326 2346 1387 2389; x_wconf 84' lang='grc' dir='ltr'><strong>με</strong></span> <span class='ocrx_word' id='word_1_210' title='bbox 1418 2330 1510 2374; x_wconf 82' lang='grc' dir='ltr'><strong>ἀπὸ</strong></span> <span class='ocrx_word' id='word_1_211' title='bbox 1555 2323 1559 2327; x_wconf 43' lang='grc'><strong>’</strong></span> 
     </span>
     <span class='ocr_line' id='line_1_28' title="bbox 87 2396 1512 2460; baseline 0.001 -17"><span class='ocrx_word' id='word_1_212' title='bbox 87 2398 356 2460; x_wconf 76' lang='grc' dir='ltr'><em>φιλήματος.</em></span> <span class='ocrx_word' id='word_1_213' title='bbox 417 2396 499 2453; x_wconf 69' lang='grc' dir='ltr'><strong>ΝΙὴ</strong></span> <span class='ocrx_word' id='word_1_214' title='bbox 520 2396 596 2441; x_wconf 72' lang='grc' dir='ltr'><strong>διὰ</strong></span> <span class='ocrx_word' id='word_1_215' title='bbox 627 2401 880 2457; x_wconf 81' lang='grc' dir='ltr'><em>προφητῶν</em></span> <span class='ocrx_word' id='word_1_216' title='bbox 908 2416 966 2457; x_wconf 85' lang='grc' dir='ltr'><strong>με</strong></span> <span class='ocrx_word' id='word_1_217' title='bbox 998 2398 1020 2444; x_wconf 85' lang='grc' dir='ltr'><em>ὅ</em></span> <span class='ocrx_word' id='word_1_218' title='bbox 1052 2403 1257 2458; x_wconf 76' lang='grc' dir='ltr'><strong><em>νυμφίος</em></strong></span> <span class='ocrx_word' id='word_1_219' title='bbox 1282 2414 1512 2457; x_wconf 81' lang='grc' dir='ltr'><strong>μνηστευ-</strong></span> 
     </span>
     <span class='ocr_line' id='line_1_29' title="bbox 89 2467 1514 2526; baseline 0.001 -11"><span class='ocrx_word' id='word_1_220' title='bbox 89 2470 229 2525; x_wconf 77' lang='grc' dir='ltr'><em>σάτω,</em></span> <span class='ocrx_word' id='word_1_221' title='bbox 261 2468 323 2512; x_wconf 73' lang='grc' dir='ltr'><strong>δι’</strong></span> <span class='ocrx_word' id='word_1_222' title='bbox 360 2470 522 2513; x_wconf 80' lang='grc' dir='ltr'><strong><em>ἑαυτοῦ</em></strong></span> <span class='ocrx_word' id='word_1_223' title='bbox 555 2469 606 2513; x_wconf 80' lang='grc' dir='ltr'><strong>δὲ</strong></span> <span class='ocrx_word' id='word_1_224' title='bbox 637 2467 896 2526; x_wconf 76' lang='grc' dir='ltr'><em>ὁμιλησάτω</em></span> <span class='ocrx_word' id='word_1_225' title='bbox 928 2469 1019 2514; x_wconf 77' lang='grc' dir='ltr'><strong>κατ’</strong></span> <span class='ocrx_word' id='word_1_226' title='bbox 1055 2474 1271 2526; x_wconf 78' lang='grc' dir='ltr'>αἴσθησιν</span> <span class='ocrx_word' id='word_1_227' title='bbox 1298 2487 1514 2525; x_wconf 83' lang='grc' dir='ltr'><strong><em>πνευμα-</em></strong></span> 
     </span>
     <span class='ocr_line' id='line_1_30' title="bbox 88 2530 1515 2599; baseline -0.001 -13"><span class='ocrx_word' id='word_1_228' title='bbox 88 2541 239 2597; x_wconf 79' lang='grc' dir='ltr'>τικὴν,</span> <span class='ocrx_word' id='word_1_229' title='bbox 283 2538 345 2584; x_wconf 72' lang='grc' dir='ltr'><strong>δι’</strong></span> <span class='ocrx_word' id='word_1_230' title='bbox 390 2530 442 2594; x_wconf 77' lang='grc' dir='ltr'><strong>ἧς</strong></span> <span class='ocrx_word' id='word_1_231' title='bbox 471 2539 495 2583; x_wconf 83' lang='grc' dir='ltr'>ὁ</span> <span class='ocrx_word' id='word_1_232' title='bbox 533 2537 742 2595; x_wconf 79' lang='grc' dir='ltr'>Ἰωάννης</span> <span class='ocrx_word' id='word_1_233' title='bbox 780 2545 915 2599; x_wconf 83' lang='grc' dir='ltr'><strong><em>φησί·</em></strong></span> <span class='ocrx_word' id='word_1_234' title='bbox 959 2542 1079 2597; x_wconf 83' lang='grc' dir='ltr'>,,καὶ</span> <span class='ocrx_word' id='word_1_235' title='bbox 1119 2543 1166 2585; x_wconf 80' lang='grc' dir='ltr'><strong>αἱ</strong></span> <span class='ocrx_word' id='word_1_236' title='bbox 1197 2546 1344 2599; x_wconf 80' lang='grc' dir='ltr'><strong><em>χεῖρες</em></strong></span> <span class='ocrx_word' id='word_1_237' title='bbox 1381 2539 1515 2599; x_wconf 84' lang='grc' dir='ltr'>ἡμῶν</span> 
     </span>
     <span class='ocr_line' id='line_1_31' title="bbox 89 2609 1514 2671; baseline 0.001 -16"><span class='ocrx_word' id='word_1_238' title='bbox 89 2609 400 2670; x_wconf 69' lang='grc' dir='ltr'><em>ἐψηλάφησαν</em></span> <span class='ocrx_word' id='word_1_239' title='bbox 427 2612 534 2667; x_wconf 78' lang='grc' dir='ltr'>περὶ</span> <span class='ocrx_word' id='word_1_240' title='bbox 563 2613 641 2655; x_wconf 77' lang='grc' dir='ltr'><strong>τοῦ</strong></span> <span class='ocrx_word' id='word_1_241' title='bbox 674 2609 814 2667; x_wconf 78' lang='grc' dir='ltr'><strong><em>λόγου</em></strong></span> <span class='ocrx_word' id='word_1_242' title='bbox 843 2614 920 2666; x_wconf 81' lang='grc' dir='ltr'><strong>τῆς</strong></span> <span class='ocrx_word' id='word_1_243' title='bbox 948 2613 1104 2666; x_wconf 79' lang='grc' dir='ltr'><strong><em>ζωῆς.“</em></strong></span> <span class='ocrx_word' id='word_1_244' title='bbox 1166 2614 1320 2656; x_wconf 75' lang='grc' dir='ltr'><em>Ταῦτα</em></span> <span class='ocrx_word' id='word_1_245' title='bbox 1349 2613 1404 2657; x_wconf 80' lang='grc' dir='ltr'><strong>δέ</strong></span> <span class='ocrx_word' id='word_1_246' title='bbox 1419 2630 1514 2671; x_wconf 82' lang='grc' dir='ltr'><strong>φη-</strong></span> 
     </span>
     <span class='ocr_line' id='line_1_32' title="bbox 88 2680 1514 2742; baseline -0.001 -14"><span class='ocrx_word' id='word_1_247' title='bbox 88 2699 177 2739; x_wconf 88' lang='grc' dir='ltr'>σιν,</span> <span class='ocrx_word' id='word_1_248' title='bbox 211 2681 269 2733; x_wconf 85' lang='grc' dir='ltr'><strong>ὠς</strong></span> <span class='ocrx_word' id='word_1_249' title='bbox 298 2687 387 2727; x_wconf 83' lang='grc' dir='ltr'><strong>τῶν</strong></span> <span class='ocrx_word' id='word_1_250' title='bbox 415 2685 667 2741; x_wconf 81' lang='grc' dir='ltr'><em>προφητῶν</em></span> <span class='ocrx_word' id='word_1_251' title='bbox 697 2680 920 2727; x_wconf 78' lang='grc' dir='ltr'>εἰπόντων</span> <span class='ocrx_word' id='word_1_252' title='bbox 946 2680 1203 2727; x_wconf 79' lang='grc' dir='ltr'><strong><em>ἀκούσασα·</em></strong></span> <span class='ocrx_word' id='word_1_253' title='bbox 1236 2680 1514 2742; x_wconf 47' lang='grc' dir='ltr'><em>,ἐπεθύμη-</em></span> 
     </span>
     <span class='ocr_line' id='line_1_33' title="bbox 89 2749 1516 2810; baseline -0.004 -11"><span class='ocrx_word' id='word_1_254' title='bbox 89 2770 169 2799; x_wconf 83' lang='grc' dir='ltr'><strong>σεν</strong></span> <span class='ocrx_word' id='word_1_255' title='bbox 200 2751 222 2797; x_wconf 84' lang='grc' dir='ltr'><em>ὃ</em></span> <span class='ocrx_word' id='word_1_256' title='bbox 261 2749 471 2810; x_wconf 75' lang='grc' dir='ltr'><em>βασιλεύς</em></span> <span class='ocrx_word' id='word_1_257' title='bbox 499 2750 689 2803; x_wconf 79' lang='grc' dir='ltr'><strong><em>κάλλους</em></strong></span> <span class='ocrx_word' id='word_1_258' title='bbox 717 2754 866 2796; x_wconf 79' lang='grc' dir='ltr'><strong><em>σου·“</em></strong></span> <span class='ocrx_word' id='word_1_259' title='bbox 907 2755 984 2797; x_wconf 80' lang='grc' dir='ltr'><strong>καὶ</strong></span> <span class='ocrx_word' id='word_1_260' title='bbox 1015 2749 1173 2797; x_wconf 61' lang='lat' dir='ltr'><strong>finon·</strong></span> <span class='ocrx_word' id='word_1_261' title='bbox 1214 2749 1314 2808; x_wconf 72' lang='lat'><strong>„311</strong></span> <span class='ocrx_word' id='word_1_262' title='bbox 1341 2751 1516 2810; x_wconf 79' lang='grc' dir='ltr'><strong>τρόπον</strong></span> 
     </span>
     <span class='ocr_line' id='line_1_34' title="bbox 88 2820 1514 2888; baseline -0.004 -18"><span class='ocrx_word' id='word_1_263' title='bbox 88 2821 456 2883; x_wconf 70' lang='grc' dir='ltr'>εὐφρανθήσεται</span> <span class='ocrx_word' id='word_1_264' title='bbox 486 2828 686 2883; x_wconf 81' lang='grc' dir='ltr'><strong>νυμφίος</strong></span> <span class='ocrx_word' id='word_1_265' title='bbox 716 2825 791 2868; x_wconf 70' lang='grc' dir='ltr'><strong>ἐπὶ</strong></span> <span class='ocrx_word' id='word_1_266' title='bbox 823 2821 1026 2888; x_wconf 52' lang='grc' dir='ltr'>νύμφης)</span> <span class='ocrx_word' id='word_1_267' title='bbox 1067 2820 1207 2874; x_wconf 75' lang='grc' dir='ltr'><strong><em>οὕτως</em></strong></span> <span class='ocrx_word' id='word_1_268' title='bbox 1245 2820 1514 2882; x_wconf 46' lang='grc' dir='ltr'><strong>εὐφρανθήῑ-</strong></span> 
     </span>
     <span class='ocr_line' id='line_1_35' title="bbox 90 2893 650 2957; baseline 0 -14"><span class='ocrx_word' id='word_1_269' title='bbox 90 2911 213 2943; x_wconf 83' lang='grc' dir='ltr'><em>σεται</em></span> <span class='ocrx_word' id='word_1_270' title='bbox 241 2893 391 2957; x_wconf 78' lang='grc' dir='ltr'><strong><em>κύριος</em></strong></span> <span class='ocrx_word' id='word_1_271' title='bbox 422 2895 498 2943; x_wconf 72' lang='grc' dir='ltr'><strong>ἐπὶ</strong></span> <span class='ocrx_word' id='word_1_272' title='bbox 527 2896 650 2946; x_wconf 78' lang='grc' dir='ltr'><strong><em>σοί,“</em></strong></span> 
     </span>
    </p>
   </div>
  </div>
 </body>
</html>
