1759 3134
255 128 309 172 92
663 132 883 174 Ommzms
913 146 958 175 m
988 133 1281 176 EzsscmELEm

255 243 506 283 severavcrit
537 244 578 283 in
606 244 888 294 beatitudine,
930 246 970 285 in
1003 245 1345 301 qua'Jerusalem
1375 248 1514 288 noluit
1538 266 1676 304 perse-

255 336 412 361 verare.
473 321 564 370 „Et
588 321 626 376 ¹)
666 321 798 378 juravi
843 322 919 363 tibi
950 323 992 363 in
1023 334 1340 374 testamentum,
1383 335 1424 364 et
1454 324 1602 366 intravi
1632 327 1673 367 in

254 409 550 438 testamentum
579 406 761 440 tecum.“
820 400 923 440 Post
952 412 1088 450 tanta,
1122 401 1177 439 ob
1208 416 1313 455 quae
1343 417 1507 442 rursum
1537 418 1675 443 rever-

253 474 374 525 titur,
414 493 581 516 rursum
609 479 789 518 recedit:
828 490 926 533 post
962 490 1048 518 tam
1084 479 1346 532 frequentem
1377 477 1674 531 visitationem,

252 568 362 593 nunc
391 553 578 608 primum
608 554 840 607 ingreditur
871 572 967 595 cum
999 571 1045 595 ea
1076 555 1119 595 in
1149 566 1456 596 testamentum.

362 630 400 673 9.
446 631 535 681 „Et
558 633 601 688 ²)
641 634 750 673 facta
789 648 830 673 es
868 631 996 681 mihi,
1036 643 1077 672 et
1115 631 1197 672 lavi
1239 644 1280 672 te
1321 633 1365 673 in
1394 650 1511 690 aqua.
1570 635 1673 676 Post

250 708 351 748 haec
391 709 531 749 omnia
568 709 740 749 assumsi
779 720 842 758 te,
890 720 930 749 et
967 708 1057 764 ipse
1098 709 1179 749 lavi
1219 720 1261 749 te
1301 711 1344 749 in
1385 712 1587 763 salutem,
1634 725 1675 753 et

250 786 365 826 ablui
402 785 645 838 sanguinem
684 798 805 826 tuum
842 787 913 826 abs
950 793 1033 827 te.“
1104 787 1219 827 Haec
1257 787 1541 840 intelligentes
1582 806 1674 830 ore-

248 879 353 912 mus,
383 874 430 903 ut
460 863 598 903 veniat
625 863 914 904 misericordia
942 863 1028 903 Dei
1062 880 1189 919 super
1217 880 1307 914 nos,
1340 877 1381 905 et
1411 866 1554 906 abluat
1581 883 1672 907 san*

246 939 416 992 guinem
446 940 497 980 ab
527 940 743 982 animabus
773 940 939 981 nostris.
988 940 1035 981 Si
1066 940 1168 995 quid
1199 940 1311 980 enim
1335 953 1473 982 morte
1500 942 1671 994 dignum

247 1017 446 1067 fecimus,
482 1018 595 1059 istud
633 1019 794 1071 sanguis
835 1029 894 1058 est
931 1029 1086 1058 noster.
1159 1017 1324 1067 „Ablui
1345 1019 1386 1074 3)
1428 1019 1668 1071 sanguinem

247 1105 367 1134 tuum
397 1111 419 1135 a
448 1106 504 1144 te,
537 1107 578 1135 et
606 1095 705 1135 unxi
734 1106 775 1134 te
808 1096 949 1136 oleo.“
1008 1095 1063 1134 Et
1085 1094 1272 1135 Christos
1301 1111 1379 1135 nos
1409 1096 1500 1135 vult
1530 1097 1669 1137 facere

247 1171 377 1211 Deus.
436 1172 528 1221 „Et
552 1172 593 1227 ⁴²)
632 1171 753 1211 indui
790 1183 830 1211 te
871 1171 1187 1211 versicoloria.“
1248 1171 1415 1224 Quanta
1454 1184 1514 1212 est
1551 1173 1667 1213 beni-

246 1248 378 1299 gnitas
416 1248 501 1288 Dei
539 1247 584 1287 in
622 1263 961 1303 unamquamque
1007 1248 1240 1288 animarum
1278 1248 1534 1288 Jerusalem:
1581 1266 1667 1289 non

245 1325 367 1365 nnius
398 1324 554 1364 coloris
585 1325 791 1375 tunicam,
831 1326 906 1365 sed
941 1326 1100 1365 multae
1139 1324 1349 1365 varietatis
1381 1325 1554 1377 largitur
1582 1343 1669 1367 cre-

246 1403 438 1444 dentibus
478 1401 570 1443 sibi.
637 1402 758 1442 Hanc
797 1401 1099 1442 versicolorem
1142 1402 1327 1442 tunicam
1364 1402 1447 1460 jam
1486 1415 1586 1444 tunc
1624 1404 1668 1445 iu

243 1481 405 1533 signum
434 1479 535 1520 fecit
565 1480 714 1529 Jacob,
745 1478 921 1519 induens
952 1479 1087 1519 filium
1118 1496 1240 1519 suum
1271 1480 1442 1534 Joseph,
1474 1492 1514 1520 et
1546 1481 1670 1521 vesti—

244 1558 303 1598 vit
353 1574 447 1598 eum
493 1556 776 1597 versicoloria.
859 1556 906 1598 Si
952 1556 1188 1596 consideres
1236 1556 1475 1597 intellectus
1523 1570 1666 1608 sectas,

241 1638 349 1675 saeta
378 1636 512 1683 bona,
554 1649 650 1673 vere
691 1633 855 1673 videbis
895 1633 1049 1673 variam
1082 1633 1288 1683 tunicam,
1329 1651 1453 1689 quam
1483 1634 1665 1675 visitatio

239 1712 324 1752 Dei
352 1711 526 1764 largitur
554 1710 638 1759 his,
681 1710 752 1765 qui
792 1710 931 1750 vocati
969 1721 1065 1750 sunt
1094 1710 1138 1749 in
1168 1710 1358 1750 salutem.
1416 1711 1572 1762 Legem
1601 1712 1664 1752 in-

238 1790 408 1842 telligo,
446 1788 674 1844 prophetas
706 1787 1044 1842 comprehendo,
1085 1803 1265 1839 agnosco
1305 1788 1538 1839 evangelia,
1577 1805 1664 1829 non

238 1884 306 1907 me
337 1868 439 1907 latet
472 1865 726 1920 Apostolus,
771 1876 913 1905 cautus
956 1881 1069 1914 sum,
1109 1863 1241 1921 justus
1273 1881 1388 1915 sum,
1426 1866 1666 1906 misericors

238 1962 343 1994 sum,
375 1956 416 1984 et
445 1943 580 1983 adhue
611 1941 775 1996 quaeris
804 1941 928 1981 aliam
960 1941 1146 1982 tunicam
1177 1941 1501 1991 versicolorem,
1537 1959 1662 1997 quam

238 2021 377 2062 induit
403 2020 615 2061 Dominus
646 2019 905 2067 Jerusalem,
945 2018 1106 2058 dicens:
1149 2030 1226 2068 „et
1250 2019 1291 2074 ⁵)
1320 2018 1469 2058 vestivi
1498 2030 1540 2059 te
1571 2036 1663 2059 ver-

240 2098 457 2147 sicoloria,
496 2108 537 2136 et
577 2095 759 2136 calceavi
795 2107 837 2135 te
876 2095 1188 2152 hyacinthosffl‘
1246 2096 1351 2137 Vult
1381 2096 1662 2137 calceamenta

238 2186 381 2216 nostra
418 2191 504 2215 esse
542 2173 760 2222 florentia,
803 2184 843 2212 et
883 2174 989 2212 bene
1026 2172 1165 2215 tincta.
1228 2172 1348 2227 Quae
1377 2184 1473 2213 sunt
1503 2174 1661 2214 calcea—

237 2252 406 2294 menta?
462 2250 576 2292 Audi
604 2250 786 2291 Paulum
815 2249 999 2305 apertius
1028 2250 1361 2305 praedicantem:
1394 2251 1594 2300 „calceati
1616 2251 1659 2307 6)

237 2330 367 2385 pedes
395 2328 441 2369 in
468 2327 789 2384 praeparatione
820 2326 1022 2378 evangelii
1057 2326 1213 2382 pacis.“

353 2406 418 2449 10.
464 2395 556 2455 „aeEt
578 2405 620 2460 7)
661 2403 873 2460 praecinxi
902 2415 942 2444 te
972 2405 1141 2460 byssof‘
1198 2405 1462 2446 Manifestius
1493 2407 1545 2446 de
1576 2407 1655 2447 hoc

353 2644 394 2700 ¹)
423 2644 575 2684 Ezech.
606 2642 722 2692 XVI,
752 2641 789 2685 8.
912 2642 953 2697 2)
984 2642 1133 2682 Ezech.
1165 2642 1281 2693 XVI,
1311 2641 1351 2685 8.
1382 2643 1419 2685 9.

350 2714 393 2770 3)
422 2713 573 2753 Ezech.
603 2713 720 2762 XVI,
750 2712 790 2755 9.
910 2712 951 2767 ⁴²)
982 2712 1132 2753 Ezech.
1163 2712 1279 2753 XVI.
1313 2712 1376 2755 10.

353 2785 395 2841 ⁵)
424 2784 575 2824 Ezech.
606 2783 722 2832 XVI,
755 2782 818 2825 10.
855 2806 903 2812 -
937 2782 1046 2822 Edd.
1077 2781 1273 2822 Merlini:
1304 2781 1537 2840 hyacintho,

355 2853 396 2908 ὅ)
427 2853 580 2909 Ephes.
610 2854 683 2902 VI,
717 2852 780 2895 15.
903 2852 945 2908 7)
973 2852 1123 2893 Ezech.
1155 2852 1272 2902 XVI,
1304 2852 1368 2896 10.
