1759 3134
271 93 354 140 272
565 94 785 134 Omonms
814 104 859 132 nv
891 91 1072 132 emme.
1107 91 1409 134 CANTJCORUM

274 225 369 251 cum
400 204 608 254 habueris,
640 203 780 244 omnia
808 203 900 254 tibi,
931 218 1035 259 quae
1068 214 1163 243 sunt
1193 203 1235 243 in
1262 203 1300 260 ¹)
1332 204 1474 254 laeva,
1505 205 1694 247 tribuuna

271 299 352 328 tur.
410 282 531 325 Dicis
562 280 741 337 quippe:
777 280 856 330 „in
883 281 928 336 2)
957 280 1120 320 sinistra
1153 279 1240 336 ejus
1271 280 1442 322 divitiae
1475 292 1516 322 et
1548 282 1694 335 gloria,

272 375 314 404 et
347 363 517 403 dextera
546 358 634 415 ejus
665 358 971 414 amplexabitur
1000 363 1113 397 me.“
1158 357 1319 398 Totum
1350 370 1390 399 te
1421 359 1565 414 sponsi
1597 360 1694 400 dex-

273 453 363 482 tera
406 437 726 493 complectatur.
799 435 1038 487 Longitudo
1089 434 1246 490 quippe
1285 447 1325 476 et
1363 435 1458 476 anni
1502 435 1611 476 vitae
1651 435 1693 476 in

272 520 442 559 dextera
473 514 582 572 eius:
626 525 668 554 et
710 515 765 554 ob
796 513 838 553 id
871 513 1018 565 longae
1055 512 1160 552 vitae
1193 524 1234 552 et
1264 513 1499 553 multorum
1530 512 1695 553 dierum

273 595 352 637 cris
382 609 510 649 super
537 604 691 632 terram
719 592 899 639 bonam,
941 606 1062 645 quam
1094 589 1306 630 Dominus
1336 592 1455 631 Deus
1499 602 1594 630 tuus
1627 591 1697 630 dat

275 673 363 715 tibi.
424 668 662 726 „Adjuravi
685 668 730 723 3)
762 684 836 708 vos
866 667 977 707 filiae
1009 666 1274 707 Hierusalem
1305 667 1347 707 in
1379 667 1623 717 virtutibus,
1656 678 1698 708 et

271 753 314 793 in
330 752 376 806 4)
394 748 553 789 viribus
585 745 712 798 agri.“
758 744 875 799 Quid
906 744 1068 801 adjurat
1098 760 1250 800 sponsa
1280 745 1387 785 filias
1402 744 1698 786 Hierusalem?

273 827 415 883 ,‚Si5)
456 822 715 873 levaveritis,
756 834 797 863 et
836 821 1132 862 suscitaveritis
1164 822 1419 863 caritatem.“
1480 821 1697 876 Quamdiu

271 905 418 947 caritas
448 900 607 943 dormit
636 899 678 939 in
709 900 843 950 vobis,
875 916 900 939 o
931 899 1043 940 filiae
1074 899 1361 950 Hierusalem,
1395 916 1420 940 o
1453 900 1696 940 adolescen-

269 982 396 1031 tulae,
428 994 534 1036 quae
564 977 606 1018 in
637 993 705 1018 me
734 994 822 1018 non
853 977 1012 1018 dormit
1033 977 1101 1031 6),
1133 976 1229 1032 quia
1260 977 1477 1018 vulnerata
1506 994 1597 1018 sum
1631 994 1698 1018 ca-

269 1057 418 1101 ritate?
476 1057 524 1096 In
556 1054 675 1094 vobis
706 1065 868 1102 autem,
909 1070 1014 1108 quae
1044 1055 1187 1109 plures
1219 1054 1336 1105 estis,
1381 1066 1423 1094 et
1452 1056 1697 1095 adolescen-

268 1136 398 1185 tulae,
428 1145 470 1173 et
492 1129 604 1172 filiae
621 1129 903 1179 Hierusalem,
935 1130 1094 1171 dormit
1119 1131 1266 1171 caritas
1289 1130 1445 1186 sponsi.
1492 1131 1695 1187 Adjuravi

271 1228 369 1265 ergo
401 1226 476 1251 vos
505 1208 618 1248 filiae
648 1206 938 1257 Hierusalem,
977 1207 1011 1247 si
1052 1207 1310 1257 levaveritis,
1349 1218 1391 1247 et
1429 1224 1516 1248 non
1555 1208 1695 1249 solum

269 1287 522 1337 levaveritis,
553 1286 627 1326 sed
659 1295 700 1324 et
728 1283 1038 1334 suscitaveritis,
1070 1301 1175 1339 quae
1206 1284 1248 1324 in
1282 1284 1402 1325 vobis
1435 1296 1518 1335 est,
1551 1285 1692 1326 carita-

266 1380 368 1409 tem.
429 1365 606 1407 Creator
633 1361 916 1402 universitatis
947 1378 1042 1402 cum
1071 1378 1147 1402 vos
1180 1363 1404 1413 conderet,
1447 1362 1623 1404 inseruit
1651 1364 1695 1404 in

271 1444 469 1486 cordibus
497 1439 644 1481 vestris
673 1439 833 1480 semina
863 1438 1055 1480 caritatis.
1116 1441 1239 1480 Nunc
1269 1452 1423 1490 autem,
1457 1440 1564 1481 sicut
1594 1441 1696 1481 alibi

271 1522 447 1563 dicitur:
479 1517 724 1574 ,‚justitia7)
756 1516 959 1557 dormivit
988 1517 1030 1557 in
1062 1522 1166 1557 ea:“
1198 1516 1258 1557 sic
1288 1517 1462 1557 dilectio
1495 1518 1697 1559 dormitat

268 1601 311 1640 in
343 1597 486 1637 vobis:
526 1593 640 1653 juxta
674 1595 791 1649 quod
823 1605 865 1634 et
893 1592 994 1634 alibi
1027 1593 1182 1633 dicitur
1203 1594 1272 1647 8);
1310 1611 1523 1650 „sponsus
1548 1595 1594 1649 9)
1630 1612 1696 1636 re-

269 1675 430 1733 quievit
457 1684 506 1713 ut
536 1672 620 1722 leo,
653 1682 695 1711 et
722 1682 771 1711 ut
796 1670 956 1711 catulus
982 1670 1160 1711 leonis.“
1205 1671 1353 1711 Adhuc
1375 1671 1420 1711 in
1441 1671 1696 1722 infidelibus,
1751 1710 1755 1712 .

270 1765 311 1794 et
340 1752 384 1792 in
412 1750 495 1800 his,
529 1748 602 1805 qui
634 1749 763 1789 corde
794 1758 890 1788 sunt
920 1747 1075 1798 dubie,
1115 1747 1317 1788 dormitat
1345 1764 1483 1788 sermo
1517 1748 1695 1799 divinus,

269 1830 413 1883 vigilat
440 1827 484 1868 in
513 1826 686 1868 sanctis:
724 1825 927 1866 dormitat
962 1825 1007 1866 in
1040 1824 1126 1875 his,
1167 1826 1239 1881 qui
1268 1826 1588 1882 tempestatibus
1616 1827 1696 1866 ssu-

272 1918 434 1956 ctuant,
474 1905 698 1946 suscitatur
725 1919 827 1943 vero
860 1918 1009 1942 eorum
1039 1902 1239 1952 vocibus,
1280 1902 1353 1958 qui
1390 1903 1566 1959 cupiunt
1594 1902 1698 1956 vigi-

271 1987 383 2026 lante
396 1999 553 2040 sponso
577 1979 739 2025 salvari,
780 1979 933 2021 Statim
952 1980 1000 2019 fit
1027 1995 1077 2018 eo
1097 1978 1294 2030 vigilante
1311 1979 1591 2035 tranquillitas
1611 1978 1697 2035 ¹⁰),

270 2062 410 2103 statim
440 2061 649 2100 undarum
678 2057 815 2098 moles
847 2057 1163 2112 conquiescunt,
1193 2055 1409 2111 spiritibus
1430 2057 1438 2080 ¹
1458 2057 1499 2111 ¹)
1531 2067 1696 2096 contra*

270 2139 343 2180 riis
373 2147 664 2192 concrepatur,
694 2135 900 2174 fluctuum
920 2132 1055 2173 rabies
1080 2132 1198 2173 silet:
1228 2131 1307 2171 illo
1327 2132 1564 2174 dormiente
1588 2145 1695 2174 tem-

390 2345 434 2401 1)
463 2329 629 2398 Desunt
655 2345 802 2384 verba:
835 2344 904 2394 ,‚in
936 2344 1051 2384 laeva
1064 2349 1103 2393 ,“
1135 2343 1178 2383 in
1209 2343 1303 2383 edd.
1334 2342 1396 2383 M.

388 2417 435 2469 ²)
464 2415 551 2456 Cfr.
572 2414 730 2455 Cantic.
750 2415 806 2464 Π,
837 2413 875 2456 6.
911 2438 960 2443 —
993 2413 1102 2455 Edd.
1121 2412 1312 2453 Merlini:
1346 2411 1692 2467 complexabitur.

387 2486 434 2541 3)
465 2484 625 2527 Cantic.
656 2485 713 2534 Π,
745 2484 782 2526 7.
903 2483 948 2538 ⁴²)
977 2484 1110 2524 Deest
1140 2483 1253 2534 ,‚in“
1283 2482 1324 2522 in
1358 2483 1420 2523 ed.
1451 2482 1501 2522 R.

393 2556 437 2610 ⁵)
470 2554 629 2596 Cantic.
660 2555 714 2604 II,
747 2554 784 2596 7.
1653 2577 1657 2593 ι

415 2625 436 2680 )
467 2626 577 2666 Edd.
604 2623 801 2666 Merlini:
834 2623 1050 2673 dormivit,
1079 2639 1184 2679 quae
1217 2634 1294 2665 etc.

389 2695 435 2750 7)
463 2694 588 2736 Jesai.
620 2696 653 2745 I,
683 2694 750 2737 21.
871 2694 918 2750 8)
949 2694 1083 2734 Deest
1114 2693 1339 2744 ‚,dicitur“
1375 2693 1417 2733 in
1450 2693 1544 2733 edd.
1575 2692 1635 2733 M.

389 2765 435 2820 9)
465 2766 591 2806 Num.
616 2765 775 2815 XXIV,
805 2765 845 2808 9.
939 2763 1010 2818 ¹⁰)
1041 2763 1126 2805 Cfr.
1152 2763 1305 2807 Matth.
1332 2763 1450 2813 VIII,
1481 2761 1548 2806 23.
1580 2778 1693 2817 seqq,

367 2835 437 2890 ¹¹)
467 2834 581 2878 Edd.
613 2834 811 2876 Merlini:
843 2834 1012 2891 spiritus
1045 2833 1242 2875 contrarii
1270 2832 1551 2888 increpantur.
