1759 3134
667 129 865 170 HommA
897 128 974 168 III.
1477 130 1533 174 53

111 255 135 280 a
165 239 335 296 justitiis
365 239 462 289 suis,
495 252 535 281 et
564 252 722 297 peccat.
783 239 829 281 Si
859 255 956 291 ergo
987 238 1225 279 istiusmodi
1254 238 1384 280 homo
1414 256 1529 296 „po-

110 317 238 357 suerit
266 317 308 371 ¹)
351 317 622 369 cogitationes
662 333 752 357 suas
790 316 833 356 in
865 316 992 356 corde
1030 332 1128 364 suo,
1168 327 1208 356 et
1236 331 1418 371 poenam
1447 316 1528 356 ini-

109 394 278 449 quitatis
307 410 403 435 suae
433 406 525 434 ante
556 393 707 434 faciem
736 409 877 442 suam,
917 403 958 432 et
986 391 1148 432 venerit
1177 393 1229 432 ad
1260 394 1526 448 prophetam,

106 481 153 509 ut
184 470 413 523 interroget
439 487 534 511 eum
563 470 607 510 in
635 485 726 509 me:
766 469 880 521 Ego,
920 467 1056 524 inquit
1085 468 1319 518 Dominus,
1351 486 1525 525 respon-

107 548 217 587 debo
260 547 297 588 ei
334 547 377 588 in
415 547 530 602 ipso,
570 546 612 587 in
644 561 727 601 quo
761 545 992 594 detinetur,
1035 556 1074 584 et
1106 544 1341 584 obfirmabo
1373 546 1526 593 faciem

104 640 242 664 meam
271 624 315 664 in
345 623 560 664 hominem
590 623 754 663 illum.“
812 621 1056 671 Considera,
1088 622 1307 676 quomodo
1339 621 1380 662 in
1410 623 1523 677 prin·

106 700 219 756 cipio
258 700 536 757 spoponderit
579 700 806 741 clementer
843 715 886 739 se
929 714 1251 753 responsurum:
1293 714 1339 745 ac
1371 699 1522 739 deinde

105 778 322 832 quomodo
354 775 389 816 si
416 793 557 818 rursus
587 776 761 826 venerit,
790 776 973 816 necdum
1005 785 1168 815 curatus
1193 774 1406 830 prioribus
1432 792 1524 815 ver-

102 853 186 894 bis:
227 853 499 904 „obfirmabo
523 853 589 910 ²),
634 852 757 902 dixit,
795 851 945 892 faciem
984 867 1123 892 meam
1151 867 1278 906 super
1306 851 1524 892 hominem

101 930 245 979 illum,
286 941 327 971 et
363 946 520 985 ponam
550 929 673 969 illum
703 928 747 968 in
778 929 1030 969 desertum.“
1089 928 1136 970 Si
1166 929 1278 968 enim
1305 945 1392 968 non
1424 929 1526 968 obe—

100 1006 226 1046 dierit
264 1007 528 1047 sermonibus
571 1005 935 1056 commonitionis,
981 1007 1055 1046 sed
1102 1005 1145 1046 in
1186 1005 1343 1046 delicto
1381 1021 1523 1061 perse-

100 1083 319 1133 veraverit,
347 1100 505 1140 ponam
522 1083 564 1140 ³)
595 1100 721 1134 „eum
750 1082 792 1123 in
824 1084 1049 1133 desertum,
1081 1094 1122 1123 et
1148 1081 1192 1122 in
1214 1081 1521 1131 exterminium,

101 1171 142 1200 et
179 1159 331 1200 tollam
372 1176 467 1201 eum
507 1162 558 1201 de
598 1159 741 1201 medio
782 1160 937 1215 populi
974 1159 1101 1200 mei.“
1158 1160 1222 1200 Ne
1253 1160 1414 1200 auferas
1443 1175 1522 1199 nos

99 1236 216 1276 Deus
257 1236 524 1292 omnipotens
564 1238 615 1277 de
653 1235 796 1276 medio
836 1236 991 1291 populi
1020 1236 1104 1286 tui,
1142 1252 1290 1276 verum
1322 1251 1520 1276 conserva

98 1329 175 1353 nos
214 1312 256 1352 in
293 1313 460 1368 populo
497 1324 585 1354 tuo.
658 1314 776 1354 Juste
817 1325 958 1354 autem
994 1312 1241 1370 projicitur,
1288 1312 1360 1368 qui
1399 1312 1521 1364 digna

98 1389 199 1429 facit
228 1389 488 1447 abjectione,
517 1401 565 1430 ut
595 1390 807 1430 auferatur
836 1406 858 1430 a
887 1390 1053 1445 populo
1083 1389 1182 1438 Dei,
1214 1401 1254 1429 et
1284 1388 1519 1429 eradicetur

97 1466 149 1505 ab
180 1481 253 1515 eo,
285 1476 325 1505 et
353 1465 542 1509 tradatur
572 1466 760 1506 Satanae.
820 1466 876 1506 Et
905 1466 949 1506 in
978 1465 1187 1522 praesenti
1219 1465 1391 1521 quidem
1421 1475 1519 1520 pot—

99 1551 160 1581 est
190 1541 283 1597 quis,
313 1541 528 1594 egrediens
568 1543 620 1582 de
656 1543 822 1599 populo
852 1543 959 1593 Dei,
998 1560 1163 1584 rursum
1193 1559 1272 1599 per
1299 1529 1521 1598 poeniten-

95 1617 198 1659 tiam
226 1619 401 1659 reverti:
442 1619 476 1660 si
506 1636 607 1661 vero
641 1620 871 1661 eradicatus
901 1620 1029 1661 fuerit
1057 1621 1134 1660 illo
1168 1635 1216 1659 ex
1244 1618 1433 1674 populo,
1464 1618 1517 1657 de

98 1711 181 1750 quo
222 1694 265 1735 in
307 1697 486 1751 quadam
526 1696 729 1751 parabola
759 1696 933 1746 dicitur,
971 1696 1156 1744 venisse,
1194 1706 1235 1734 et
1263 1693 1517 1743 recubuisse,

99 1782 141 1831 et
181 1771 373 1812 introisse
413 1773 647 1828 quendam,
689 1772 759 1828 qui
795 1788 882 1812 non
911 1772 1091 1812 habebat
1119 1771 1415 1815 vestimentum
1442 1788 1519 1811 nu-

96 1848 241 1904 ptiale,
276 1848 440 1888 dicente
472 1850 522 1889 ad
557 1865 653 1889 eum
676 1848 995 1905 patrefamilias:
1028 1847 1186 1898 „amice
1209 1848 1265 1904 ¹²),
1298 1848 1516 1904 quomodo

98 1925 178 1965 huc
217 1925 380 1965 intrasti
415 1942 501 1966 non
548 1926 703 1966 habens
745 1937 903 1970 vestem
947 1924 1248 1981 nuptialem?“
1293 1937 1418 1980 atque
1460 1924 1519 1967 ita

97 2000 382 2057 praecipiente
421 2002 642 2052 ministris,
681 2014 727 2043 ut
757 2002 985 2043 vincientes
1026 2018 1122 2042 eum
1150 2001 1341 2042 manibus
1373 2012 1414 2041 et
1444 2017 1519 2056 pe-

99 2078 220 2118 dibus
248 2079 465 2119 mitterent
494 2079 539 2118 in
567 2079 758 2119 tenebras
791 2078 1038 2120 exteriores:
1083 2078 1338 2119 difficillime
1378 2077 1423 2117 in
1452 2077 1517 2117 lo-

99 2172 194 2196 cum
224 2154 448 2210 pristinum
477 2167 712 2196 revertetur
736 2156 790 2213 ⁵).
850 2156 936 2197 Sed
973 2172 1050 2196 nos
1079 2172 1166 2196 non
1199 2155 1518 2204 eradicabimur,

98 2249 245 2273 verum
286 2243 326 2273 et
369 2232 412 2272 in
455 2232 664 2287 praesenti
703 2244 743 2273 et
780 2232 823 2273 in
861 2234 1005 2273 futuro
1044 2233 1212 2273 saeculo
1251 2233 1294 2272 in
1323 2231 1515 2273 Domino

99 2320 244 2349 nostro
274 2310 374 2350 Jesu
406 2309 572 2350 Christo
612 2309 918 2366 plantabimur,
964 2321 1003 2351 et
1039 2310 1083 2350 in
1123 2326 1172 2351 eo
1206 2310 1364 2350 fructus
1393 2310 1518 2349 uber-

98 2384 228 2425 rimos
267 2386 512 2436 afferemus,
553 2387 620 2427 cui
658 2399 718 2428 est
755 2387 888 2440 gloria
926 2385 1233 2443 et‘imperium
1270 2387 1315 2427 in
1351 2386 1516 2427 saecula

99 2460 375 2501 saeculorum.
434 2463 592 2504 Amen!

219 2600 259 2656 ¹)
294 2600 379 2641 cfr.
409 2600 559 2641 Ezech.
590 2601 705 2652 xlv,
735 2602 773 2645 7.
892 2602 936 2659 2>
965 2603 1116 2644 Ezech.
1147 2603 1263 2653 xlv,
1294 2603 1332 2646 7.

219 2670 262 2724 3)
291 2669 443 2710 Ezech.
473 2670 588 2720 xlv,
618 2670 656 2713 7.
775 2670 818 2727 ⁴)
847 2671 998 2713 Matth.
1029 2673 1170 2723 XXII,
1203 2672 1268 2716 12.

220 2742 262 2796 ⁵)
291 2740 400 2781 Edd.
431 2738 625 2781 Merlini:
654 2752 946 2783 reverteretur.
