1759 3134
694 125 894 167 HommA
927 127 958 165 l.
1446 126 1530 170 247

101 240 267 280 dextera
300 238 548 279 continetur.
608 239 811 279 Famulae
842 252 942 276 vero
974 235 1266 288 ingrediuntur
1294 248 1392 291 post
1424 253 1528 280 eam.

101 316 372 371 Septuaginta
400 317 440 368 ¹)
486 327 581 355 sunt
624 315 788 366 reginae
834 325 875 354 et
921 314 1135 364 octoginta
1185 313 1446 354 concubinae
1484 327 1525 355 et

96 392 362 448 juvenculae,
406 409 583 447 quarum
620 407 707 431 non
741 401 802 431 est
834 406 1047 432 numerus.
1108 389 1202 429 Una
1234 402 1294 430 est
1327 392 1523 432 columba

98 487 214 520 mea,
245 471 433 525 perfecta
463 485 578 518 mea,
607 484 689 508 una
721 479 782 507 est
812 467 935 507 matri
966 482 1085 515 suae,
1117 481 1198 505 una
1230 478 1290 506 est
1324 467 1383 518 ei,
1416 485 1520 524 quae

99 545 294 600 concepit
324 545 453 586 illam.
513 546 618 586 Post
646 557 687 586 te
719 561 815 597 ergo
846 544 888 584 in
923 544 1056 583 odore
1086 554 1399 594 unguentorum
1425 557 1521 586 tuo-

96 640 190 662 rum
221 638 447 663 curremus.
509 623 618 664 Cum
661 622 776 662 omni
808 622 1026 662 honestate
1059 620 1427 662 deambulantibus
1459 623 1521 663 di-

97 711 209 740 ctum
242 710 322 739 est:
355 700 539 755 „post²)
570 712 611 740 te
643 699 685 740 in
721 701 854 740 odore
884 709 1196 750 unguentorum
1226 708 1399 738 tuorum
1428 716 1531 739 cur--

94 782 292 816 remus:“
339 778 569 817 secundum
608 777 737 816 illud:
781 793 985 826 „cursum
1010 776 1054 829 3)
1096 776 1439 816 consummavi:“
1479 788 1520 816 et

96 854 227 893 illud:
270 854 379 908 „qui
405 854 450 907 4)
482 854 523 894 in
555 854 690 894 stadio
724 865 915 903 currunt,
956 870 1100 893 omnes
1133 853 1303 908 quidem
1336 866 1520 905 currunt,

91 947 197 970 unus
238 941 379 970 autem
420 929 573 985 accipit
612 931 807 972 brabium
833 931 919 986 5).“
977 930 1181 971 Brabium
1214 930 1401 972 Christus
1443 944 1516 973 est.

91 1009 146 1049 Et
175 1009 275 1048 haec
306 1007 478 1063 quidem
509 1007 874 1059 adolescentulae,
917 1025 1016 1064 quas
1057 1019 1237 1063 propter
1266 1009 1420 1050 amoris
1451 1026 1518 1050 ex—

92 1085 260 1126 ordium
299 1084 402 1124 foris
443 1095 550 1123 stare
592 1085 902 1137 cognoscimus,
952 1084 1065 1140 juxta
1103 1084 1213 1125 illud
1255 1087 1516 1142 exemplum:

93 1162 284 1212 „amicus
310 1162 355 1214 6)
397 1172 538 1200 autem
575 1162 719 1216 sponsi
760 1174 890 1211 stans,
932 1173 972 1201 et
1002 1161 1194 1211 audiens,
1238 1180 1332 1202 cum
1364 1165 1516 1215 gaudio

91 1241 243 1291 gaudet
280 1249 457 1293 propter
496 1255 646 1279 vocem
689 1239 876 1294 sponsi.“
937 1239 1041 1279 Tale
1073 1239 1272 1294 quiddam
1304 1252 1344 1280 et
1374 1241 1520 1281 adole-

90 1317 300 1356 scentulae
332 1314 557 1354 sustinent:
591 1315 831 1356 introeunte
857 1333 1012 1371 sponso
1034 1316 1265 1356 forinsecus
1288 1330 1518 1368 remanent,

90 1408 243 1448 sponsa
275 1408 372 1431 vero
405 1391 619 1446 speciosa,
649 1393 850 1447 perfecta,
882 1392 969 1432 sine
999 1393 1178 1442 macula,
1208 1393 1295 1433 sine
1328 1411 1441 1446 ruga,
1474 1395 1515 1434 in

91 1468 234 1524 sponsi
266 1468 532 1517 cubiculum,
564 1468 607 1508 in
638 1468 799 1520 regium
829 1470 1045 1524 penetrale
1074 1469 1116 1524 7)
1150 1469 1348 1521 ingressa,
1377 1488 1518 1512 rever-

89 1546 193 1587 titur
222 1546 274 1586 ad
302 1544 568 1602 juvenculas,
602 1557 642 1586 et
671 1545 835 1586 nuutiat
864 1546 940 1596 iis,
983 1563 1087 1602 quae
1117 1548 1210 1587 sola
1239 1550 1516 1604 conspexerit,

90 1623 296 1678 dicitque:
342 1622 616 1672 „introduxit
640 1622 681 1677 ⁸)
726 1639 794 1662 me
838 1639 910 1662 rex
958 1623 1000 1663 in
1048 1624 1290 1665 cubiculum
1335 1643 1470 1667 suum.
1487 1634 1513 1652 ‘⁴

88 1700 186 1740 Non
217 1699 294 1739 ait:
336 1698 570 1739 introduxit
598 1715 675 1739 nos
707 1700 850 1754 plures
880 1699 921 1739 in
955 1701 1198 1742 cubiculum
1238 1719 1381 1743 suum:
1419 1704 1516 1759 plu-

88 1794 153 1817 res
184 1776 288 1816 foris
319 1788 557 1826 remanent,
602 1776 646 1816 in
686 1776 928 1816 cubiculum
969 1777 1059 1817 sola
1088 1777 1320 1830 ingreditur
1349 1797 1514 1836 sponsa,

87 1865 134 1893 ut
166 1853 304 1893 videat
344 1853 561 1894 thesauros
595 1853 864 1894 absconditos
908 1864 948 1893 et
977 1857 1246 1906 tenebrosos,
1285 1858 1515 1899 renuntiet-

89 1946 168 1985 que
198 1928 452 1985 juvenculis:
484 1930 745 1979 „introduxit
763 1932 808 1985 9)
833 1947 901 1971 me
927 1948 998 1971 rex
1018 1931 1061 1972 in
1090 1933 1334 1974 cubiculum
1349 1942 1514 1976 suum.“

88 2007 246 2047 Rursus
271 2007 623 2058 adolescentulae,
650 2008 695 2048 id
717 2020 789 2058 est,
814 2024 1061 2063 sponsarum
1081 2009 1374 2066 incipientium
1393 2014 1516 2054 turba

89 2083 400 2138 quamplurima
429 2084 520 2138 ¹⁰),
564 2084 745 2137 ingressa
786 2101 939 2140 sponsa
979 2086 1220 2127 cubiculum
1259 2089 1427 2144 sponsi,
1473 2103 1515 2132 et

88 2160 256 2200 vidente
289 2159 454 2201 divitias
487 2161 566 2202 viri
595 2162 679 2212 sui,
718 2163 820 2203 dum
860 2161 974 2203 illius
1011 2166 1323 2219 praestolantur
1360 2169 1515 2208 adven-

207 2313 249 2367 ι)
278 2314 356 2354 Ed.
397 2315 448 2355 R.
488 2315 599 2356 sola:
642 2315 949 2368 ‚,Sexaginta.“
995 2346 1049 2354 -
1095 2318 1181 2360 Cfr.
1226 2320 1394 2372 Ichg.
1433 2321 1509 2361 XI.

91 2370 177 2424 (III
194 2370 345 2423 Regg.)

206 2441 251 2491 2)
284 2439 443 2480 Cantic.
476 2440 509 2488 Ῑ,
542 2439 580 2482 4.
701 2441 744 2496 3)
776 2442 818 2481 II
836 2441 947 2483 Tim.
979 2443 1052 2494 IV,
1084 2443 1120 2486 7.

207 2509 252 2563 4)
285 2508 422 2549 lCor.
455 2509 530 2559 IX,
559 2508 627 2552 24.

207 2579 248 2634 ⁵)
280 2579 388 2618 Edd.
421 2579 482 2620 M.
514 2589 556 2618 et
583 2579 634 2619 R.
666 2592 923 2623 constanter:
956 2583 1162 2624 bravium.

208 2648 250 2701 5)
285 2649 370 2689 Csr.
405 2664 466 2693 ev,
497 2648 648 2688 Joann.
679 2651 757 2700 III,
786 2651 853 2694 29.
1041 2704 1045 2707 ¹

210 2719 254 2772 ⁷)
284 2719 393 2758 Edd.
426 2718 621 2759 Merlini:
663 2722 854 2775 penetral
883 2722 1062 2776 ingressa
1091 2723 1263 2766 revertit
1294 2725 1344 2765 ad
1376 2736 1453 2764 etc.

209 2788 253 2842 ⁸)
285 2787 448 2831 Cantic.
478 2789 511 2837 I,
543 2787 580 2829 4.
702 2789 744 2844 ⁹)
777 2790 936 2834 Cantic.
969 2794 1001 2843 I,
1032 2794 1070 2837 4.

193 2858 261 2915 ¹⁰)
294 2858 404 2898 Edd.
435 2857 629 2899 Merlini:
661 2860 953 2915 complurima.
