<?xml version="1.0" encoding="UTF-8"?>
<!DOCTYPE html PUBLIC "-//W3C//DTD XHTML 1.0 Transitional//EN"
    "http://www.w3.org/TR/xhtml1/DTD/xhtml1-transitional.dtd">
<html xmlns="http://www.w3.org/1999/xhtml" xml:lang="en" lang="en">
 <head>
  <title>
</title>
<meta http-equiv="Content-Type" content="text/html;charset=utf-8" />
  <meta name='ocr-system' content='tesseract 3.04.00' />
  <meta name='ocr-capabilities' content='ocr_page ocr_carea ocr_par ocr_line ocrx_word'/>
</head>
<body>
  <div class='ocr_page' id='page_1' title='image "./operaomniaquaegr14orig/operaomniaquaegr14orig_0356.png"; bbox 0 0 1759 3134; ppageno 0'>
   <div class='ocr_carea' id='block_1_1' title="bbox 211 93 1350 137">
    <p class='ocr_par' dir='ltr' id='par_1_1' title="bbox 211 93 1350 137">
     <span class='ocr_line' id='line_1_1' title="bbox 211 93 1350 137; baseline -0.001 -1"><span class='ocrx_word' id='word_1_1' title='bbox 211 93 294 137; x_wconf 76' lang='lat'>340</span> <span class='ocrx_word' id='word_1_2' title='bbox 503 93 724 135; x_wconf 66' lang='lat' dir='ltr'>Omcfflms</span> <span class='ocrx_word' id='word_1_3' title='bbox 754 106 799 134; x_wconf 75' lang='lat' dir='ltr'>m</span> <span class='ocrx_word' id='word_1_4' title='bbox 829 93 1013 135; x_wconf 71' lang='lat' dir='ltr'><strong>CANTm.</strong></span> <span class='ocrx_word' id='word_1_5' title='bbox 1047 93 1350 136; x_wconf 70' lang='lat' dir='ltr'>CAN-neonem</span> 
     </span>
    </p>
   </div>
   <div class='ocr_carea' id='block_1_2' title="bbox 204 206 1643 2222">
    <p class='ocr_par' dir='ltr' id='par_1_2' title="bbox 204 206 1643 2222">
     <span class='ocr_line' id='line_1_2' title="bbox 213 206 1640 266; baseline 0.002 -20"><span class='ocrx_word' id='word_1_6' title='bbox 213 219 363 263; x_wconf 83' lang='lat' dir='ltr'><strong>utpote</strong></span> <span class='ocrx_word' id='word_1_7' title='bbox 393 206 567 263; x_wconf 77' lang='lat' dir='ltr'>parvula</span> <span class='ocrx_word' id='word_1_8' title='bbox 588 206 754 258; x_wconf 83' lang='lat' dir='ltr'>adhuc,</span> <span class='ocrx_word' id='word_1_9' title='bbox 797 218 837 247; x_wconf 91' lang='lat' dir='ltr'>et</span> <span class='ocrx_word' id='word_1_10' title='bbox 875 207 951 247; x_wconf 88' lang='lat' dir='ltr'>sub</span> <span class='ocrx_word' id='word_1_11' title='bbox 998 207 1261 249; x_wconf 78' lang='lat' dir='ltr'>curatoribus</span> <span class='ocrx_word' id='word_1_12' title='bbox 1292 219 1333 248; x_wconf 92' lang='lat' dir='ltr'>et</span> <span class='ocrx_word' id='word_1_13' title='bbox 1364 207 1574 249; x_wconf 90' lang='lat' dir='ltr'>actoribus</span> <span class='ocrx_word' id='word_1_14' title='bbox 1601 209 1640 266; x_wconf 88' lang='lat'>¹)</span> 
     </span>
     <span class='ocr_line' id='line_1_3' title="bbox 214 284 1641 342; baseline 0 -16"><span class='ocrx_word' id='word_1_15' title='bbox 214 301 335 338; x_wconf 85' lang='lat' dir='ltr'>agens</span> <span class='ocrx_word' id='word_1_16' title='bbox 368 297 408 326; x_wconf 90' lang='lat' dir='ltr'>et</span> <span class='ocrx_word' id='word_1_17' title='bbox 436 285 710 341; x_wconf 85' lang='lat' dir='ltr'>paedagogis:</span> <span class='ocrx_word' id='word_1_18' title='bbox 752 286 853 337; x_wconf 87' lang='lat' dir='ltr'>„lex</span> <span class='ocrx_word' id='word_1_19' title='bbox 877 285 921 342; x_wconf 76' lang='grc'>2)</span> <span class='ocrx_word' id='word_1_20' title='bbox 954 284 1066 326; x_wconf 85' lang='lat' dir='ltr'>enim</span> <span class='ocrx_word' id='word_1_21' title='bbox 1096 286 1359 342; x_wconf 87' lang='lat' dir='ltr'>paedagogus</span> <span class='ocrx_word' id='word_1_22' title='bbox 1389 297 1534 327; x_wconf 91' lang='lat' dir='ltr'>noster</span> <span class='ocrx_word' id='word_1_23' title='bbox 1562 286 1641 326; x_wconf 88' lang='lat' dir='ltr'>suit</span> 
     </span>
     <span class='ocr_line' id='line_1_4' title="bbox 214 362 1641 415; baseline -0.001 -10"><span class='ocrx_word' id='word_1_24' title='bbox 214 364 265 405; x_wconf 89' lang='lat' dir='ltr'>ad</span> <span class='ocrx_word' id='word_1_25' title='bbox 305 362 569 406; x_wconf 84' lang='lat' dir='ltr'>Christum.“</span> <span class='ocrx_word' id='word_1_26' title='bbox 628 362 747 405; x_wconf 75' lang='lat' dir='ltr'>Haec‘</span> <span class='ocrx_word' id='word_1_27' title='bbox 784 375 924 405; x_wconf 89' lang='lat' dir='ltr'>autem</span> <span class='ocrx_word' id='word_1_28' title='bbox 968 363 1109 405; x_wconf 90' lang='lat' dir='ltr'>omnia</span> <span class='ocrx_word' id='word_1_29' title='bbox 1149 376 1336 406; x_wconf 83' lang='lat' dir='ltr'>aromata</span> <span class='ocrx_word' id='word_1_30' title='bbox 1375 364 1560 415; x_wconf 83' lang='lat' dir='ltr'>fuerant,</span> <span class='ocrx_word' id='word_1_31' title='bbox 1599 363 1641 404; x_wconf 84' lang='lat' dir='ltr'>in</span> 
     </span>
     <span class='ocr_line' id='line_1_5' title="bbox 216 441 1641 500; baseline 0.001 -18"><span class='ocrx_word' id='word_1_32' title='bbox 216 441 365 498; x_wconf 84' lang='lat' dir='ltr'>quibus</span> <span class='ocrx_word' id='word_1_33' title='bbox 395 441 546 483; x_wconf 83' lang='lat' dir='ltr'>nutriri</span> <span class='ocrx_word' id='word_1_34' title='bbox 568 442 611 499; x_wconf 79' lang='lat'>3)</span> <span class='ocrx_word' id='word_1_35' title='bbox 642 444 726 484; x_wconf 85' lang='lat' dir='ltr'>visa</span> <span class='ocrx_word' id='word_1_36' title='bbox 760 455 843 494; x_wconf 86' lang='lat' dir='ltr'>est,</span> <span class='ocrx_word' id='word_1_37' title='bbox 876 455 917 484; x_wconf 89' lang='lat' dir='ltr'>et</span> <span class='ocrx_word' id='word_1_38' title='bbox 946 460 1102 499; x_wconf 85' lang='lat' dir='ltr'>sponso</span> <span class='ocrx_word' id='word_1_39' title='bbox 1135 460 1211 485; x_wconf 86' lang='lat' dir='ltr'>suo</span> <span class='ocrx_word' id='word_1_40' title='bbox 1242 443 1495 500; x_wconf 84' lang='lat' dir='ltr'>praeparari.</span> <span class='ocrx_word' id='word_1_41' title='bbox 1556 443 1641 485; x_wconf 83' lang='lat' dir='ltr'>Sed</span> 
     </span>
     <span class='ocr_line' id='line_1_6' title="bbox 214 518 1642 579; baseline 0.001 -20"><span class='ocrx_word' id='word_1_42' title='bbox 214 519 289 560; x_wconf 92' lang='lat' dir='ltr'>ubi</span> <span class='ocrx_word' id='word_1_43' title='bbox 319 518 435 560; x_wconf 67' lang='lat' dir='ltr'>venit</span> <span class='ocrx_word' id='word_1_44' title='bbox 463 519 688 576; x_wconf 83' lang='lat' dir='ltr'><strong>plenitudo</strong></span> <span class='ocrx_word' id='word_1_45' title='bbox 720 533 965 578; x_wconf 85' lang='lat' dir='ltr'>temporum</span> <span class='ocrx_word' id='word_1_46' title='bbox 997 533 1037 563; x_wconf 90' lang='lat' dir='ltr'>et</span> <span class='ocrx_word' id='word_1_47' title='bbox 1067 521 1269 574; x_wconf 85' lang='lat' dir='ltr'>adolevit,</span> <span class='ocrx_word' id='word_1_48' title='bbox 1300 534 1424 579; x_wconf 91' lang='lat' dir='ltr'>atque</span> <span class='ocrx_word' id='word_1_49' title='bbox 1455 520 1642 574; x_wconf 84' lang='lat' dir='ltr'>unigeni—</span> 
     </span>
     <span class='ocr_line' id='line_1_7' title="bbox 213 599 1642 656; baseline 0.001 -18"><span class='ocrx_word' id='word_1_50' title='bbox 213 609 305 639; x_wconf 90' lang='lat' dir='ltr'>tum</span> <span class='ocrx_word' id='word_1_51' title='bbox 345 613 466 639; x_wconf 90' lang='lat' dir='ltr'>suum</span> <span class='ocrx_word' id='word_1_52' title='bbox 508 609 628 654; x_wconf 87' lang='lat' dir='ltr'>pater</span> <span class='ocrx_word' id='word_1_53' title='bbox 669 599 832 656; x_wconf 84' lang='lat' dir='ltr'>Spiritu</span> <span class='ocrx_word' id='word_1_54' title='bbox 880 612 1023 642; x_wconf 89' lang='lat' dir='ltr'>sancto</span> <span class='ocrx_word' id='word_1_55' title='bbox 1069 610 1242 641; x_wconf 88' lang='lat' dir='ltr'>unctum</span> <span class='ocrx_word' id='word_1_56' title='bbox 1285 599 1399 641; x_wconf 88' lang='lat' dir='ltr'>misit</span> <span class='ocrx_word' id='word_1_57' title='bbox 1446 599 1490 641; x_wconf 91' lang='lat' dir='ltr'>in</span> <span class='ocrx_word' id='word_1_58' title='bbox 1534 599 1642 640; x_wconf 89' lang='lat' dir='ltr'>hunc</span> 
     </span>
     <span class='ocr_line' id='line_1_8' title="bbox 214 676 1643 734; baseline 0.001 -17"><span class='ocrx_word' id='word_1_59' title='bbox 214 676 434 729; x_wconf 85' lang='lat' dir='ltr'>mundum,</span> <span class='ocrx_word' id='word_1_60' title='bbox 467 676 643 717; x_wconf 85' lang='lat' dir='ltr'>odorata</span> <span class='ocrx_word' id='word_1_61' title='bbox 673 694 827 734; x_wconf 87' lang='lat' dir='ltr'>sponsa</span> <span class='ocrx_word' id='word_1_62' title='bbox 858 678 990 720; x_wconf 74' lang='lat' dir='ltr'>divini</span> <span class='ocrx_word' id='word_1_63' title='bbox 1018 677 1218 732; x_wconf 85' lang='lat' dir='ltr'><strong>unguenti</strong></span> <span class='ocrx_word' id='word_1_64' title='bbox 1238 677 1520 732; x_wconf 84' lang='lat' dir='ltr'>fragrantiam,</span> <span class='ocrx_word' id='word_1_65' title='bbox 1549 693 1643 719; x_wconf 86' lang='lat' dir='ltr'>sen-</span> 
     </span>
     <span class='ocr_line' id='line_1_9' title="bbox 212 754 1642 813; baseline 0.001 -17"><span class='ocrx_word' id='word_1_66' title='bbox 212 754 419 812; x_wconf 86' lang='lat' dir='ltr'>tiensque,</span> <span class='ocrx_word' id='word_1_67' title='bbox 452 755 569 811; x_wconf 86' lang='lat' dir='ltr'>quod</span> <span class='ocrx_word' id='word_1_68' title='bbox 598 754 674 796; x_wconf 77' lang='lat' dir='ltr'>illa</span> <span class='ocrx_word' id='word_1_69' title='bbox 704 756 847 798; x_wconf 87' lang='lat' dir='ltr'>omnia</span> <span class='ocrx_word' id='word_1_70' title='bbox 879 768 1079 808; x_wconf 82' lang='lat' dir='ltr'>aromata,</span> <span class='ocrx_word' id='word_1_71' title='bbox 1112 756 1262 813; x_wconf 89' lang='lat' dir='ltr'>quibus</span> <span class='ocrx_word' id='word_1_72' title='bbox 1293 755 1409 813; x_wconf 88' lang='lat' dir='ltr'>prius</span> <span class='ocrx_word' id='word_1_73' title='bbox 1435 772 1505 798; x_wconf 83' lang='lat' dir='ltr'>usa</span> <span class='ocrx_word' id='word_1_74' title='bbox 1525 755 1642 797; x_wconf 80' lang='lat' dir='ltr'>vitle-</span> 
     </span>
     <span class='ocr_line' id='line_1_10' title="bbox 210 832 1641 892; baseline 0.001 -19"><span class='ocrx_word' id='word_1_75' title='bbox 210 834 355 884; x_wconf 87' lang='lat' dir='ltr'>batur‚</span> <span class='ocrx_word' id='word_1_76' title='bbox 403 833 528 886; x_wconf 86' lang='lat' dir='ltr'>longe</span> <span class='ocrx_word' id='word_1_77' title='bbox 574 832 775 876; x_wconf 88' lang='lat' dir='ltr'>inferiora</span> <span class='ocrx_word' id='word_1_78' title='bbox 819 834 900 877; x_wconf 89' lang='lat' dir='ltr'>sint</span> <span class='ocrx_word' id='word_1_79' title='bbox 938 836 991 878; x_wconf 85' lang='lat' dir='ltr'>ad</span> <span class='ocrx_word' id='word_1_80' title='bbox 1031 835 1393 892; x_wconf 84' lang='lat' dir='ltr'>comparationem</span> <span class='ocrx_word' id='word_1_81' title='bbox 1430 833 1641 876; x_wconf 86' lang='lat' dir='ltr'>suavitatis</span> 
     </span>
     <span class='ocr_line' id='line_1_11' title="bbox 211 910 1641 972; baseline 0.001 -21"><span class='ocrx_word' id='word_1_82' title='bbox 211 910 313 952; x_wconf 84' lang='lat' dir='ltr'>novi</span> <span class='ocrx_word' id='word_1_83' title='bbox 350 910 472 969; x_wconf 82' lang='lat' dir='ltr'>hujus</span> <span class='ocrx_word' id='word_1_84' title='bbox 514 922 555 952; x_wconf 85' lang='lat' dir='ltr'>et</span> <span class='ocrx_word' id='word_1_85' title='bbox 593 912 787 955; x_wconf 88' lang='lat' dir='ltr'>coelestis</span> <span class='ocrx_word' id='word_1_86' title='bbox 828 913 1053 968; x_wconf 82' lang='lat' dir='ltr'>unguenti,</span> <span class='ocrx_word' id='word_1_87' title='bbox 1093 913 1169 956; x_wconf 88' lang='lat' dir='ltr'>ait:</span> <span class='ocrx_word' id='word_1_88' title='bbox 1211 915 1359 966; x_wconf 89' lang='lat' dir='ltr'>„odor</span> <span class='ocrx_word' id='word_1_89' title='bbox 1382 913 1425 972; x_wconf 83' lang='lat'>⁴²)</span> <span class='ocrx_word' id='word_1_90' title='bbox 1454 929 1641 967; x_wconf 84' lang='lat' dir='ltr'>unguen—</span> 
     </span>
     <span class='ocr_line' id='line_1_12' title="bbox 211 990 1642 1049; baseline 0.001 -19"><span class='ocrx_word' id='word_1_91' title='bbox 211 1001 355 1031; x_wconf 89' lang='lat' dir='ltr'>torum</span> <span class='ocrx_word' id='word_1_92' title='bbox 384 1001 558 1031; x_wconf 87' lang='lat' dir='ltr'>tuorum</span> <span class='ocrx_word' id='word_1_93' title='bbox 588 1006 716 1047; x_wconf 89' lang='lat' dir='ltr'>super</span> <span class='ocrx_word' id='word_1_94' title='bbox 746 991 888 1033; x_wconf 88' lang='lat' dir='ltr'>omnia</span> <span class='ocrx_word' id='word_1_95' title='bbox 919 999 1146 1034; x_wconf 88' lang='lat' dir='ltr'>aromata.“</span> <span class='ocrx_word' id='word_1_96' title='bbox 1205 992 1260 1034; x_wconf 88' lang='lat' dir='ltr'>Et</span> <span class='ocrx_word' id='word_1_97' title='bbox 1292 990 1492 1049; x_wconf 85' lang='lat' dir='ltr'>quoniam</span> <span class='ocrx_word' id='word_1_98' title='bbox 1521 990 1642 1034; x_wconf 87' lang='lat' dir='ltr'>Chri-</span> 
     </span>
     <span class='ocr_line' id='line_1_13' title="bbox 210 1066 1641 1127; baseline 0.003 -20"><span class='ocrx_word' id='word_1_99' title='bbox 210 1078 296 1108; x_wconf 82' lang='lat' dir='ltr'>stus</span> <span class='ocrx_word' id='word_1_100' title='bbox 326 1066 441 1107; x_wconf 80' lang='lat' dir='ltr'>itlem</span> <span class='ocrx_word' id='word_1_101' title='bbox 471 1084 672 1124; x_wconf 88' lang='lat' dir='ltr'>sponsus,</span> <span class='ocrx_word' id='word_1_102' title='bbox 703 1079 827 1124; x_wconf 90' lang='lat' dir='ltr'>atque</span> <span class='ocrx_word' id='word_1_103' title='bbox 857 1069 972 1111; x_wconf 87' lang='lat' dir='ltr'>idem</span> <span class='ocrx_word' id='word_1_104' title='bbox 1002 1070 1196 1127; x_wconf 86' lang='lat' dir='ltr'>pontifex</span> <span class='ocrx_word' id='word_1_105' title='bbox 1234 1069 1409 1112; x_wconf 79' lang='lat' dir='ltr'>dicitur:</span> <span class='ocrx_word' id='word_1_106' title='bbox 1449 1069 1641 1127; x_wconf 81' lang='lat' dir='ltr'>pontifex</span> 
     </span>
     <span class='ocr_line' id='line_1_14' title="bbox 212 1143 1642 1203; baseline 0.003 -20"><span class='ocrx_word' id='word_1_107' title='bbox 212 1143 385 1200; x_wconf 86' lang='lat' dir='ltr'>quidem</span> <span class='ocrx_word' id='word_1_108' title='bbox 414 1145 649 1186; x_wconf 88' lang='lat' dir='ltr'>secundum</span> <span class='ocrx_word' id='word_1_109' title='bbox 678 1145 785 1197; x_wconf 90' lang='lat' dir='ltr'>hoc,</span> <span class='ocrx_word' id='word_1_110' title='bbox 810 1149 933 1203; x_wconf 36' lang='lat' dir='ltr'>*quod</span> <span class='ocrx_word' id='word_1_111' title='bbox 963 1148 1175 1189; x_wconf 81' lang='lat' dir='ltr'>mediator</span> <span class='ocrx_word' id='word_1_112' title='bbox 1207 1158 1267 1188; x_wconf 89' lang='lat' dir='ltr'>est</span> <span class='ocrx_word' id='word_1_113' title='bbox 1295 1146 1403 1197; x_wconf 90' lang='lat' dir='ltr'>Dei,</span> <span class='ocrx_word' id='word_1_114' title='bbox 1434 1159 1474 1188; x_wconf 91' lang='lat' dir='ltr'>et</span> <span class='ocrx_word' id='word_1_115' title='bbox 1503 1147 1642 1188; x_wconf 86' lang='lat' dir='ltr'>homi-</span> 
     </span>
     <span class='ocr_line' id='line_1_15' title="bbox 209 1221 1641 1283; baseline 0.004 -22"><span class='ocrx_word' id='word_1_116' title='bbox 209 1238 311 1262; x_wconf 90' lang='lat' dir='ltr'>num</span> <span class='ocrx_word' id='word_1_117' title='bbox 352 1221 574 1279; x_wconf 87' lang='lat' dir='ltr'>omnisque</span> <span class='ocrx_word' id='word_1_118' title='bbox 614 1235 851 1275; x_wconf 84' lang='lat' dir='ltr'>creaturae,</span> <span class='ocrx_word' id='word_1_119' title='bbox 893 1242 974 1283; x_wconf 88' lang='lat' dir='ltr'>pro</span> <span class='ocrx_word' id='word_1_120' title='bbox 1020 1241 1100 1282; x_wconf 87' lang='lat' dir='ltr'>qua</span> <span class='ocrx_word' id='word_1_121' title='bbox 1140 1236 1180 1266; x_wconf 91' lang='lat' dir='ltr'>et</span> <span class='ocrx_word' id='word_1_122' title='bbox 1217 1224 1468 1281; x_wconf 85' lang='lat' dir='ltr'>propitiatio</span> <span class='ocrx_word' id='word_1_123' title='bbox 1507 1226 1641 1267; x_wconf 74' lang='lat' dir='ltr'>iactus</span> 
     </span>
     <span class='ocr_line' id='line_1_16' title="bbox 212 1300 1642 1364; baseline 0.002 -23"><span class='ocrx_word' id='word_1_124' title='bbox 212 1313 293 1353; x_wconf 90' lang='lat' dir='ltr'>est,</span> <span class='ocrx_word' id='word_1_125' title='bbox 325 1312 458 1342; x_wconf 88' lang='lat' dir='ltr'>semet</span> <span class='ocrx_word' id='word_1_126' title='bbox 487 1300 627 1357; x_wconf 87' lang='lat' dir='ltr'>ipsum</span> <span class='ocrx_word' id='word_1_127' title='bbox 659 1303 845 1345; x_wconf 84' lang='lat' dir='ltr'>offerens</span> <span class='ocrx_word' id='word_1_128' title='bbox 868 1304 910 1361; x_wconf 81' lang='lat'>5)</span> <span class='ocrx_word' id='word_1_129' title='bbox 940 1304 1231 1364; x_wconf 40' lang='lat' dir='ltr'>hostiam&#39;pro</span> <span class='ocrx_word' id='word_1_130' title='bbox 1263 1305 1439 1360; x_wconf 82' lang='lat' dir='ltr'>peccato</span> <span class='ocrx_word' id='word_1_131' title='bbox 1469 1303 1642 1344; x_wconf 87' lang='lat' dir='ltr'>mundi:</span> 
     </span>
     <span class='ocr_line' id='line_1_17' title="bbox 208 1380 1642 1439; baseline 0.002 -19"><span class='ocrx_word' id='word_1_132' title='bbox 208 1396 386 1436; x_wconf 88' lang='lat' dir='ltr'>sponsus</span> <span class='ocrx_word' id='word_1_133' title='bbox 417 1395 519 1421; x_wconf 76' lang='lat' dir='ltr'>vero</span> <span class='ocrx_word' id='word_1_134' title='bbox 551 1381 784 1422; x_wconf 89' lang='lat' dir='ltr'>secundum</span> <span class='ocrx_word' id='word_1_135' title='bbox 812 1381 916 1433; x_wconf 89' lang='lat' dir='ltr'>hoc,</span> <span class='ocrx_word' id='word_1_136' title='bbox 949 1382 1065 1438; x_wconf 82' lang='lat' dir='ltr'>quod</span> <span class='ocrx_word' id='word_1_137' title='bbox 1094 1381 1295 1423; x_wconf 85' lang='lat' dir='ltr'>ecclesiae</span> <span class='ocrx_word' id='word_1_138' title='bbox 1327 1380 1525 1439; x_wconf 83' lang='lat' dir='ltr'>jungitur,</span> <span class='ocrx_word' id='word_1_139' title='bbox 1555 1397 1642 1423; x_wconf 91' lang='lat' dir='ltr'>non</span> 
     </span>
     <span class='ocr_line' id='line_1_18' title="bbox 208 1458 1641 1516; baseline 0.003 -18"><span class='ocrx_word' id='word_1_140' title='bbox 208 1458 379 1499; x_wconf 84' lang='lat' dir='ltr'>habenti</span> <span class='ocrx_word' id='word_1_141' title='bbox 409 1458 640 1510; x_wconf 86' lang='lat' dir='ltr'>maculam,</span> <span class='ocrx_word' id='word_1_142' title='bbox 679 1471 750 1501; x_wconf 89' lang='lat' dir='ltr'>aut</span> <span class='ocrx_word' id='word_1_143' title='bbox 781 1476 947 1513; x_wconf 81' lang='lat' dir='ltr'>rugam,</span> <span class='ocrx_word' id='word_1_144' title='bbox 988 1471 1059 1501; x_wconf 90' lang='lat' dir='ltr'>aut</span> <span class='ocrx_word' id='word_1_145' title='bbox 1100 1459 1260 1516; x_wconf 85' lang='lat' dir='ltr'>aliquid</span> <span class='ocrx_word' id='word_1_146' title='bbox 1290 1460 1466 1502; x_wconf 86' lang='lat' dir='ltr'>horum:</span> <span class='ocrx_word' id='word_1_147' title='bbox 1506 1460 1641 1503; x_wconf 88' lang='lat' dir='ltr'>eonsi-</span> 
     </span>
     <span class='ocr_line' id='line_1_19' title="bbox 209 1537 1640 1596; baseline 0.003 -20"><span class='ocrx_word' id='word_1_148' title='bbox 209 1537 321 1587; x_wconf 85' lang='lat' dir='ltr'>‹lera‚</span> <span class='ocrx_word' id='word_1_149' title='bbox 341 1553 393 1577; x_wconf 87' lang='lat' dir='ltr'>ne</span> <span class='ocrx_word' id='word_1_150' title='bbox 415 1537 526 1578; x_wconf 89' lang='lat' dir='ltr'>sorte</span> <span class='ocrx_word' id='word_1_151' title='bbox 546 1549 809 1591; x_wconf 85' lang='lat' dir='ltr'>unguentum</span> <span class='ocrx_word' id='word_1_152' title='bbox 828 1538 936 1579; x_wconf 88' lang='lat' dir='ltr'>illud</span> <span class='ocrx_word' id='word_1_153' title='bbox 956 1538 1216 1595; x_wconf 79' lang='lat' dir='ltr'>pontificale,</span> <span class='ocrx_word' id='word_1_154' title='bbox 1236 1538 1352 1596; x_wconf 91' lang='lat' dir='ltr'>quod</span> <span class='ocrx_word' id='word_1_155' title='bbox 1370 1538 1412 1579; x_wconf 90' lang='lat' dir='ltr'>in</span> <span class='ocrx_word' id='word_1_156' title='bbox 1431 1538 1582 1580; x_wconf 84' lang='lat' dir='ltr'>Exodo</span> <span class='ocrx_word' id='word_1_157' title='bbox 1599 1539 1640 1593; x_wconf 76' lang='grc'>6)</span> 
     </span>
     <span class='ocr_line' id='line_1_20' title="bbox 209 1614 1639 1674; baseline 0.003 -20"><span class='ocrx_word' id='word_1_158' title='bbox 209 1614 412 1671; x_wconf 89' lang='lat' dir='ltr'>componi</span> <span class='ocrx_word' id='word_1_159' title='bbox 449 1614 620 1673; x_wconf 86' lang='lat' dir='ltr'>jubetur</span> <span class='ocrx_word' id='word_1_160' title='bbox 658 1627 746 1657; x_wconf 87' lang='lat' dir='ltr'>arte</span> <span class='ocrx_word' id='word_1_161' title='bbox 777 1616 1068 1672; x_wconf 83' lang='lat' dir='ltr'>pigmentarii,</span> <span class='ocrx_word' id='word_1_162' title='bbox 1110 1615 1229 1657; x_wconf 85' lang='lat' dir='ltr'>istius</span> <span class='ocrx_word' id='word_1_163' title='bbox 1259 1617 1481 1670; x_wconf 83' lang='lat' dir='ltr'>unguenti,</span> <span class='ocrx_word' id='word_1_164' title='bbox 1522 1618 1639 1674; x_wconf 85' lang='lat' dir='ltr'>quod</span> 
     </span>
     <span class='ocr_line' id='line_1_21' title="bbox 208 1693 1638 1750; baseline 0.003 -16"><span class='ocrx_word' id='word_1_165' title='bbox 208 1709 318 1734; x_wconf 89' lang='lat' dir='ltr'>nunc</span> <span class='ocrx_word' id='word_1_166' title='bbox 350 1693 528 1735; x_wconf 87' lang='lat' dir='ltr'>odorata</span> <span class='ocrx_word' id='word_1_167' title='bbox 558 1709 713 1750; x_wconf 83' lang='lat' dir='ltr'>sponsa</span> <span class='ocrx_word' id='word_1_168' title='bbox 741 1694 939 1747; x_wconf 83' lang='lat' dir='ltr'>miratur,</span> <span class='ocrx_word' id='word_1_169' title='bbox 969 1706 1109 1737; x_wconf 87' lang='lat' dir='ltr'>teneat</span> <span class='ocrx_word' id='word_1_170' title='bbox 1138 1694 1369 1746; x_wconf 89' lang='lat' dir='ltr'>rationem,</span> <span class='ocrx_word' id='word_1_171' title='bbox 1407 1706 1449 1736; x_wconf 91' lang='lat' dir='ltr'>et</span> <span class='ocrx_word' id='word_1_172' title='bbox 1478 1695 1638 1747; x_wconf 87' lang='lat' dir='ltr'>videns,</span> 
     </span>
     <span class='ocr_line' id='line_1_22' title="bbox 208 1771 1637 1831; baseline 0.003 -20"><span class='ocrx_word' id='word_1_173' title='bbox 208 1772 325 1827; x_wconf 86' lang='lat' dir='ltr'>quod</span> <span class='ocrx_word' id='word_1_174' title='bbox 355 1771 429 1813; x_wconf 86' lang='lat' dir='ltr'>illa</span> <span class='ocrx_word' id='word_1_175' title='bbox 459 1771 633 1828; x_wconf 89' lang='lat' dir='ltr'>quidem</span> <span class='ocrx_word' id='word_1_176' title='bbox 662 1785 862 1825; x_wconf 84' lang='lat' dir='ltr'>aromata,</span> <span class='ocrx_word' id='word_1_177' title='bbox 895 1773 1045 1831; x_wconf 88' lang='lat' dir='ltr'>quibus</span> <span class='ocrx_word' id='word_1_178' title='bbox 1069 1772 1356 1830; x_wconf 89' lang='lat' dir='ltr'>compositum</span> <span class='ocrx_word' id='word_1_179' title='bbox 1375 1785 1637 1827; x_wconf 89' lang='lat' dir='ltr'>unguentum</span> 
     </span>
     <span class='ocr_line' id='line_1_23' title="bbox 207 1848 1638 1910; baseline 0.003 -21"><span class='ocrx_word' id='word_1_180' title='bbox 207 1848 450 1900; x_wconf 72' lang='lat' dir='ltr'>videbatur,</span> <span class='ocrx_word' id='word_1_181' title='bbox 492 1866 577 1907; x_wconf 91' lang='lat' dir='ltr'>quo</span> <span class='ocrx_word' id='word_1_182' title='bbox 609 1854 754 1893; x_wconf 83' lang='lat' dir='ltr'>Aaron</span> <span class='ocrx_word' id='word_1_183' title='bbox 783 1863 933 1894; x_wconf 90' lang='lat' dir='ltr'>unctus</span> <span class='ocrx_word' id='word_1_184' title='bbox 965 1863 1046 1904; x_wconf 89' lang='lat' dir='ltr'>est,</span> <span class='ocrx_word' id='word_1_185' title='bbox 1089 1851 1290 1910; x_wconf 89' lang='lat' dir='ltr'>quoniam</span> <span class='ocrx_word' id='word_1_186' title='bbox 1327 1864 1444 1894; x_wconf 86' lang='lat' dir='ltr'>erant</span> <span class='ocrx_word' id='word_1_187' title='bbox 1471 1864 1638 1894; x_wconf 87' lang='lat' dir='ltr'>terrena</span> 
     </span>
     <span class='ocr_line' id='line_1_24' title="bbox 209 1928 1636 1988; baseline 0.003 -20"><span class='ocrx_word' id='word_1_188' title='bbox 209 1938 250 1968; x_wconf 87' lang='lat' dir='ltr'>et</span> <span class='ocrx_word' id='word_1_189' title='bbox 279 1928 480 1969; x_wconf 89' lang='lat' dir='ltr'>materiae</span> <span class='ocrx_word' id='word_1_190' title='bbox 512 1930 768 1986; x_wconf 86' lang='lat' dir='ltr'>corporalis,</span> <span class='ocrx_word' id='word_1_191' title='bbox 806 1930 889 1972; x_wconf 90' lang='lat' dir='ltr'>hoc</span> <span class='ocrx_word' id='word_1_192' title='bbox 920 1942 1062 1972; x_wconf 85' lang='lat' dir='ltr'>autem</span> <span class='ocrx_word' id='word_1_193' title='bbox 1091 1942 1375 1985; x_wconf 84' lang='lat' dir='ltr'>unguentum,</span> <span class='ocrx_word' id='word_1_194' title='bbox 1410 1948 1494 1988; x_wconf 88' lang='lat' dir='ltr'>quo</span> <span class='ocrx_word' id='word_1_195' title='bbox 1525 1948 1636 1973; x_wconf 90' lang='lat' dir='ltr'>nunc</span> 
     </span>
     <span class='ocr_line' id='line_1_25' title="bbox 204 2005 1634 2065; baseline 0.004 -21"><span class='ocrx_word' id='word_1_196' title='bbox 204 2016 382 2046; x_wconf 92' lang='lat' dir='ltr'>unctum</span> <span class='ocrx_word' id='word_1_197' title='bbox 412 2005 520 2047; x_wconf 80' lang='lat' dir='ltr'>vidit</span> <span class='ocrx_word' id='word_1_198' title='bbox 550 2024 777 2064; x_wconf 84' lang='lat' dir='ltr'>sponsum,</span> <span class='ocrx_word' id='word_1_199' title='bbox 815 2008 1036 2065; x_wconf 87' lang='lat' dir='ltr'>spirituale</span> <span class='ocrx_word' id='word_1_200' title='bbox 1069 2020 1130 2051; x_wconf 92' lang='lat' dir='ltr'>est</span> <span class='ocrx_word' id='word_1_201' title='bbox 1161 2021 1202 2051; x_wconf 88' lang='lat' dir='ltr'>et</span> <span class='ocrx_word' id='word_1_202' title='bbox 1232 2009 1436 2060; x_wconf 90' lang='lat' dir='ltr'>coeleste,</span> <span class='ocrx_word' id='word_1_203' title='bbox 1472 2008 1634 2050; x_wconf 85' lang='lat' dir='ltr'>idcirco</span> 
     </span>
     <span class='ocr_line' id='line_1_26' title="bbox 206 2082 1636 2143; baseline 0.003 -20"><span class='ocrx_word' id='word_1_204' title='bbox 206 2082 337 2124; x_wconf 85' lang='lat' dir='ltr'>dieat:</span> <span class='ocrx_word' id='word_1_205' title='bbox 376 2084 510 2141; x_wconf 89' lang='lat' dir='ltr'>„quia</span> <span class='ocrx_word' id='word_1_206' title='bbox 532 2085 573 2142; x_wconf 84' lang='lat'>⁷)</span> <span class='ocrx_word' id='word_1_207' title='bbox 616 2087 726 2128; x_wconf 88' lang='lat' dir='ltr'>odor</span> <span class='ocrx_word' id='word_1_208' title='bbox 764 2099 1077 2140; x_wconf 87' lang='lat' dir='ltr'>unguentorum</span> <span class='ocrx_word' id='word_1_209' title='bbox 1115 2098 1290 2129; x_wconf 91' lang='lat' dir='ltr'>tuorum</span> <span class='ocrx_word' id='word_1_210' title='bbox 1329 2103 1456 2143; x_wconf 89' lang='lat' dir='ltr'>super</span> <span class='ocrx_word' id='word_1_211' title='bbox 1494 2087 1636 2128; x_wconf 88' lang='lat' dir='ltr'>omnia</span> 
     </span>
     <span class='ocr_line' id='line_1_27' title="bbox 204 2163 1635 2222; baseline 0.003 -21"><span class='ocrx_word' id='word_1_212' title='bbox 204 2168 433 2202; x_wconf 84' lang='lat' dir='ltr'>aromata.“</span> <span class='ocrx_word' id='word_1_213' title='bbox 477 2163 706 2206; x_wconf 86' lang='lat' dir='ltr'>Videamus</span> <span class='ocrx_word' id='word_1_214' title='bbox 726 2181 840 2218; x_wconf 87' lang='lat' dir='ltr'>ergo,</span> <span class='ocrx_word' id='word_1_215' title='bbox 872 2164 1092 2222; x_wconf 81' lang='lat' dir='ltr'>quomodo</span> <span class='ocrx_word' id='word_1_216' title='bbox 1125 2164 1411 2220; x_wconf 88' lang='lat' dir='ltr'>compositum</span> <span class='ocrx_word' id='word_1_217' title='bbox 1442 2164 1495 2206; x_wconf 84' lang='lat' dir='ltr'>sit</span> <span class='ocrx_word' id='word_1_218' title='bbox 1524 2164 1635 2206; x_wconf 84' lang='lat' dir='ltr'>illud</span> 
     </span>
    </p>
   </div>
   <div class='ocr_carea' id='block_1_3' title="bbox 201 2241 1634 2300">
    <p class='ocr_par' dir='ltr' id='par_1_3' title="bbox 201 2241 1634 2300">
     <span class='ocr_line' id='line_1_28' title="bbox 201 2241 1634 2300; baseline 0.003 -22"><span class='ocrx_word' id='word_1_219' title='bbox 201 2251 485 2292; x_wconf 91' lang='lat' dir='ltr'>unguentum:</span> <span class='ocrx_word' id='word_1_220' title='bbox 529 2254 606 2293; x_wconf 90' lang='lat' dir='ltr'>„et</span> <span class='ocrx_word' id='word_1_221' title='bbox 632 2243 675 2300; x_wconf 73' lang='lat'>8)</span> <span class='ocrx_word' id='word_1_222' title='bbox 707 2243 876 2285; x_wconf 87' lang='lat' dir='ltr'>locutus</span> <span class='ocrx_word' id='word_1_223' title='bbox 907 2254 969 2287; x_wconf 84' lang='lat' dir='ltr'>est</span> <span class='ocrx_word' id='word_1_224' title='bbox 997 2241 1232 2295; x_wconf 87' lang='lat' dir='ltr'>Dominus,</span> <span class='ocrx_word' id='word_1_225' title='bbox 1261 2242 1423 2299; x_wconf 88' lang='lat' dir='ltr'>inquit,</span> <span class='ocrx_word' id='word_1_226' title='bbox 1454 2244 1507 2285; x_wconf 85' lang='lat' dir='ltr'>ad</span> <span class='ocrx_word' id='word_1_227' title='bbox 1536 2243 1634 2285; x_wconf 86' lang='lat' dir='ltr'>Mo—</span> 
     </span>
    </p>
   </div>
   <div class='ocr_carea' id='block_1_4' title="bbox 317 2382 1626 2863">
    <p class='ocr_par' dir='ltr' id='par_1_4' title="bbox 323 2382 1527 2439">
     <span class='ocr_line' id='line_1_29' title="bbox 323 2382 1527 2439; baseline 0.004 -15"><span class='ocrx_word' id='word_1_228' title='bbox 323 2382 363 2439; x_wconf 88' lang='lat'>¹)</span> <span class='ocrx_word' id='word_1_229' title='bbox 393 2382 504 2425; x_wconf 83' lang='lat' dir='ltr'><strong>Edd.</strong></span> <span class='ocrx_word' id='word_1_230' title='bbox 535 2383 731 2426; x_wconf 87' lang='lat' dir='ltr'>Merlini:</span> <span class='ocrx_word' id='word_1_231' title='bbox 763 2384 1018 2428; x_wconf 80' lang='lat' dir='ltr'>auctoribus.</span> <span class='ocrx_word' id='word_1_232' title='bbox 1050 2409 1103 2417; x_wconf 88' lang='lat'><strong>—</strong></span> <span class='ocrx_word' id='word_1_233' title='bbox 1136 2385 1223 2429; x_wconf 85' lang='lat' dir='ltr'>Cfr.</span> <span class='ocrx_word' id='word_1_234' title='bbox 1256 2384 1350 2427; x_wconf 85' lang='lat' dir='ltr'>Gal.</span> <span class='ocrx_word' id='word_1_235' title='bbox 1383 2386 1457 2438; x_wconf 87' lang='lat' dir='ltr'>IV,</span> <span class='ocrx_word' id='word_1_236' title='bbox 1489 2386 1527 2431; x_wconf 84' lang='lat'>2.</span> 
     </span>
    </p>

    <p class='ocr_par' dir='ltr' id='par_1_5' title="bbox 319 2453 698 2510">
     <span class='ocr_line' id='line_1_30' title="bbox 319 2453 698 2510; baseline 0.008 -16"><span class='ocrx_word' id='word_1_237' title='bbox 319 2453 364 2510; x_wconf 81' lang='lat'>²)</span> <span class='ocrx_word' id='word_1_238' title='bbox 396 2453 491 2498; x_wconf 88' lang='lat' dir='ltr'>Gal.</span> <span class='ocrx_word' id='word_1_239' title='bbox 521 2455 601 2506; x_wconf 89' lang='lat' dir='ltr'>III,</span> <span class='ocrx_word' id='word_1_240' title='bbox 631 2454 698 2499; x_wconf 76' lang='grc'>24.</span> 
     </span>
    </p>

    <p class='ocr_par' dir='ltr' id='par_1_6' title="bbox 319 2523 956 2580">
     <span class='ocr_line' id='line_1_31' title="bbox 319 2523 956 2580; baseline 0.003 -14"><span class='ocrx_word' id='word_1_241' title='bbox 319 2523 363 2580; x_wconf 81' lang='grc'>3)</span> <span class='ocrx_word' id='word_1_242' title='bbox 392 2523 502 2567; x_wconf 82' lang='lat' dir='ltr'><strong>Edd.</strong></span> <span class='ocrx_word' id='word_1_243' title='bbox 533 2525 730 2568; x_wconf 82' lang='lat' dir='ltr'>Merlini:</span> <span class='ocrx_word' id='word_1_244' title='bbox 764 2527 956 2569; x_wconf 86' lang='lat' dir='ltr'>enutriri.</span> 
     </span>
    </p>

    <p class='ocr_par' dir='ltr' id='par_1_7' title="bbox 320 2595 695 2652">
     <span class='ocr_line' id='line_1_32' title="bbox 320 2595 695 2652; baseline 0.008 -16"><span class='ocrx_word' id='word_1_245' title='bbox 320 2596 364 2652; x_wconf 77' lang='lat'>⁴)</span> <span class='ocrx_word' id='word_1_246' title='bbox 397 2595 557 2639; x_wconf 87' lang='lat' dir='ltr'>Cantic.</span> <span class='ocrx_word' id='word_1_247' title='bbox 590 2597 624 2648; x_wconf 92' lang='lat' dir='ltr'>I,</span> <span class='ocrx_word' id='word_1_248' title='bbox 655 2595 695 2642; x_wconf 88' lang='lat'>3.</span> 
     </span>
    </p>

    <p class='ocr_par' dir='ltr' id='par_1_8' title="bbox 320 2667 1002 2723">
     <span class='ocr_line' id='line_1_33' title="bbox 320 2667 1002 2723; baseline 0.004 -15"><span class='ocrx_word' id='word_1_249' title='bbox 320 2667 361 2723; x_wconf 83' lang='lat'>⁵)</span> <span class='ocrx_word' id='word_1_250' title='bbox 391 2667 501 2710; x_wconf 85' lang='lat' dir='ltr'><strong>Edd.</strong></span> <span class='ocrx_word' id='word_1_251' title='bbox 532 2667 729 2709; x_wconf 83' lang='lat' dir='ltr'>Merlini:</span> <span class='ocrx_word' id='word_1_252' title='bbox 763 2669 1002 2711; x_wconf 82' lang='lat' dir='ltr'>offerendo.</span> 
     </span>
    </p>

    <p class='ocr_par' dir='ltr' id='par_1_9' title="bbox 318 2735 1311 2796">
     <span class='ocr_line' id='line_1_34' title="bbox 318 2735 1311 2796; baseline -0.002 -15"><span class='ocrx_word' id='word_1_253' title='bbox 318 2735 363 2794; x_wconf 79' lang='lat'>6)</span> <span class='ocrx_word' id='word_1_254' title='bbox 396 2739 481 2781; x_wconf 87' lang='lat' dir='ltr'>Csr.</span> <span class='ocrx_word' id='word_1_255' title='bbox 513 2738 648 2780; x_wconf 84' lang='lat' dir='ltr'><strong>Exod.</strong></span> <span class='ocrx_word' id='word_1_256' title='bbox 678 2739 816 2782; x_wconf 89' lang='lat' dir='ltr'><strong>XXX.</strong></span> <span class='ocrx_word' id='word_1_257' title='bbox 939 2743 982 2796; x_wconf 85' lang='grc'>7)</span> <span class='ocrx_word' id='word_1_258' title='bbox 1017 2740 1175 2783; x_wconf 83' lang='lat' dir='ltr'>Cantic.</span> <span class='ocrx_word' id='word_1_259' title='bbox 1207 2739 1243 2791; x_wconf 94' lang='lat' dir='ltr'>I,</span> <span class='ocrx_word' id='word_1_260' title='bbox 1272 2737 1311 2782; x_wconf 87' lang='lat'>3.</span> 
     </span>
    </p>

    <p class='ocr_par' dir='ltr' id='par_1_10' title="bbox 317 2807 1626 2863">
     <span class='ocr_line' id='line_1_35' title="bbox 317 2807 1626 2863; baseline -0.001 -13"><span class='ocrx_word' id='word_1_261' title='bbox 317 2807 361 2862; x_wconf 84' lang='grc'>8)</span> <span class='ocrx_word' id='word_1_262' title='bbox 394 2808 479 2851; x_wconf 85' lang='lat' dir='ltr'>Csr.</span> <span class='ocrx_word' id='word_1_263' title='bbox 511 2808 647 2851; x_wconf 81' lang='lat' dir='ltr'><strong>Exod.</strong></span> <span class='ocrx_word' id='word_1_264' title='bbox 678 2810 817 2863; x_wconf 90' lang='lat' dir='ltr'>XXX,</span> <span class='ocrx_word' id='word_1_265' title='bbox 855 2810 1056 2857; x_wconf 77' lang='lat'><strong>22—25.</strong></span> <span class='ocrx_word' id='word_1_266' title='bbox 1100 2837 1151 2844; x_wconf 87' lang='lat'>—-</span> <span class='ocrx_word' id='word_1_267' title='bbox 1190 2810 1299 2853; x_wconf 83' lang='lat' dir='ltr'><strong>Edd.</strong></span> <span class='ocrx_word' id='word_1_268' title='bbox 1333 2809 1394 2852; x_wconf 89' lang='lat' dir='ltr'>M.</span> <span class='ocrx_word' id='word_1_269' title='bbox 1435 2819 1626 2851; x_wconf 88' lang='lat' dir='ltr'>constan-</span> 
     </span>
    </p>
   </div>
   <div class='ocr_carea' id='block_1_5' title="bbox 202 2865 460 2909">
    <p class='ocr_par' dir='ltr' id='par_1_11' title="bbox 202 2865 460 2909">
     <span class='ocr_line' id='line_1_36' title="bbox 202 2865 460 2909; baseline 0.012 -4"><span class='ocrx_word' id='word_1_270' title='bbox 202 2875 281 2905; x_wconf 84' lang='lat' dir='ltr'>ter:</span> <span class='ocrx_word' id='word_1_271' title='bbox 317 2865 460 2909; x_wconf 81' lang='lat' dir='ltr'>ciclos.</span> 
     </span>
    </p>
   </div>
  </div>
 </body>
</html>
