1759 3134
690 141 836 182 Lmen
866 141 921 180 II.
1437 141 1521 185 413

107 251 291 308 jusmodi
322 252 488 293 videtur
507 252 659 292 habere
682 252 1051 307 consequentiam,
1083 253 1219 307 quod,
1248 264 1523 309 posteaquam

108 330 338 370 austeriore
368 345 466 370 usus
499 340 559 370 est
596 327 924 370 comminatione
947 330 983 383 ¹)
1014 345 1191 384 sponsus
1230 331 1282 370 ad
1311 346 1522 386 sponsam,

106 417 360 462 protestatus
390 407 441 457 ei,
473 406 601 462 quod,
632 405 712 447 nisi
736 414 1009 458 cognosceret
1025 419 1158 448 semet
1186 407 1333 465 ipsam,
1364 408 1523 450 exitura

107 496 213 525 esset
241 484 283 524 in
314 483 493 536 vestigiis
524 499 708 536 gregum,
740 494 781 524 et
799 494 988 538 pasceret
1007 499 1095 524 non
1114 500 1227 534 oves,
1256 486 1330 526 sed
1347 486 1521 537 hoedos,

108 561 322 602 erubuerit
362 577 488 617 super
526 560 764 603 austeritate
793 559 1030 616 praecepti,
1072 561 1143 601 sed
1176 573 1217 603 et
1244 563 1377 603 rubor
1406 579 1523 604 vere-

108 638 283 679 cundiae
325 638 502 679 diffusus
541 638 584 679 in
622 638 742 679 vultu
781 637 991 693 speciosas
1031 637 1222 680 effecerit
1258 655 1379 692 genas
1420 638 1522 697 ejus,

106 727 147 756 et
176 715 338 767 multo,
378 732 502 772 quam
530 717 716 766 fuerant,
754 715 1039 771 pulchriores:
1085 732 1173 757 non
1211 717 1352 758 solum
1380 728 1522 758 autem

104 809 254 845 genae,
294 794 368 834 sed
400 805 441 834 et
470 793 608 834 cervix
638 792 725 851 ejus
764 804 851 834 tam
897 794 1051 834 decora
1086 793 1140 834 sit
1178 795 1364 846 reddita,
1406 793 1523 851 quasi

102 870 328 939 monilium
369 870 627 912 redimiculis
667 871 878 911 adornata.
937 869 1216 912 Pulchritudo
1262 888 1360 925 ergo
1400 887 1522 924 gena-

103 964 196 988 rum
226 947 458 988 turturibus
490 959 778 1003 comparatur,
820 949 936 1004 quod
965 964 1043 1003 per
1070 947 1313 1006 hujusmodi
1343 965 1437 989 aves
1467 949 1522 990 si-

101 1025 249 1082 mul2)
291 1025 485 1066 honestas
522 1025 662 1066 vultus
711 1037 751 1066 et
788 1025 978 1067 alacritas
1015 1025 1238 1068 indicetur.
1305 1011 1421 1068 Haec
1460 1036 1521 1067 est

101 1102 291 1144 historici
323 1103 519 1144 dramatis
549 1102 800 1158 explanatio.
846 1103 933 1144 Sed
954 1103 1168 1145 veniamus
1192 1105 1244 1145 ad
1263 1120 1366 1145 rem.
1412 1104 1521 1145 Pau-

103 1181 224 1237 lus3)
255 1181 488 1236 Apostolus
525 1179 710 1220 scribens
749 1180 800 1220 ad
833 1180 1052 1222 ecclesiam
1083 1181 1422 1232 Corinthiorum,
1463 1181 1521 1221 ita

102 1258 178 1298 ait:
210 1274 390 1313 „corpus
406 1259 447 1313 4)
478 1268 618 1298 autem
647 1274 733 1298 non
758 1269 819 1299 est
840 1260 1080 1300 membrum
1105 1276 1250 1309 unum,
1281 1260 1354 1299 sed
1374 1259 1518 1299 multa.

102 1335 158 1376 Et
195 1336 229 1376 si
271 1336 421 1377 dixerit
457 1352 554 1391 pes:
602 1335 698 1391 quia
734 1352 822 1375 non
860 1353 953 1376 sum
990 1353 1156 1387 manus,
1198 1352 1285 1376 non
1329 1353 1421 1376 sum
1466 1336 1518 1376 de

103 1430 305 1469 corpore:
334 1430 420 1454 non
449 1424 676 1468 propterea
705 1428 792 1453 non
825 1424 886 1454 est
918 1414 970 1454 de
1002 1430 1196 1469 corpore.
1257 1413 1313 1453 Et
1341 1413 1376 1453 si
1408 1413 1522 1453 dixe-

100 1491 155 1531 rit
193 1490 398 1531 auricula:
448 1490 600 1547 quia5)
638 1506 725 1530 non
754 1507 846 1531 sum
887 1490 1057 1541 oculus,
1104 1506 1190 1531 non
1221 1506 1314 1530 sum
1345 1491 1398 1530 de
1428 1506 1521 1530 cor-

102 1585 229 1625 pore:
279 1585 365 1609 non
412 1579 640 1623 propterea
689 1584 775 1608 non
822 1579 883 1608 est
933 1569 984 1608 de
1037 1584 1230 1624 corpore.
1289 1567 1336 1609 Si
1381 1578 1519 1608 totum

103 1663 255 1702 corpus
287 1657 347 1687 est
388 1645 556 1696 oculus,
597 1645 671 1685 ubi
720 1657 780 1686 est
824 1645 1019 1688 auditus?
1077 1645 1123 1687 Si
1159 1657 1297 1686 totum
1341 1645 1520 1696 auditus,

101 1724 176 1764 ubi
225 1723 454 1766 odoratus?
527 1725 648 1764 Nunc
701 1734 843 1764 autem
895 1723 1013 1764 Deus
1062 1722 1205 1778 posuit
1251 1723 1523 1778 unumquod-

104 1818 185 1857 que
240 1803 478 1842 membrum
538 1801 581 1842 in
635 1816 836 1857 corpore,
895 1800 1004 1842 sicut
1051 1800 1235 1841 voluit.“
1312 1801 1368 1842 Et
1425 1816 1520 1842 cum

222 2032 262 2088 ¹)
292 2032 400 2073 Edd.
432 2033 493 2074 M.
526 2031 949 2083 ‚,c0mmoniti0ne.“

217 2103 258 2159 2)
288 2104 401 2145 Edd.
431 2103 492 2145 M.
524 2103 687 2153 „simul
719 2114 760 2144 et
789 2103 983 2143 honestas
997 2107 1021 2125 “
1051 2112 1129 2142 etc.

219 2174 262 2230 ³)
291 2173 528 2230 Procopius
560 2190 608 2214 ex
639 2173 845 2226 Origene:
884 2170 1013 2215 Ἀλλὰ
1054 2174 1130 2215 καὶ
1160 2173 1272 2228 μέλη
1306 2174 1519 2231 Χριστοῦ,

100 2246 175 2299 τῆς
198 2244 431 2299 ἐκκλησίας
451 2242 646 2302 νύμφης,
682 2244 704 2287 ὁ
726 2240 910 2292 Παῦλός
941 2256 1101 2300 φησιν·
1133 2232 1184 2296 ἧς
1206 2244 1346 2286 οἱονεὶ
1370 2240 1519 2302 πρόσ-

105 2331 232 2359 ωπον
273 2318 315 2359 οἱ
353 2318 413 2371 τῷ
454 2313 607 2359 κάλλει
648 2317 739 2358 τῶν
776 2317 951 2358 λοιπῶν
990 2315 1296 2372 διαφέροντες,
1331 2311 1520 2370 αἲσχρόν

103 2385 237 2429 οὐδὲν
278 2387 558 2440 ἐννοοῦντες,
616 2384 697 2441 τὴν
735 2386 784 2429 δὲ
823 2388 899 2439 τῆς
937 2382 1234 2443 σωφροσύνης
1272 2400 1520 2442 καρποφο-

103 2459 281 2512 ροῦντες
312 2457 445 2500 αἰδῶ.
509 2458 563 2498 Οἱ
593 2452 816 2513 πρότερον
848 2459 953 2504 ἴσως
985 2455 1065 2499 οὐκ
1097 2450 1220 2504 ὅντες
1249 2457 1408 2512 καλοὶ,
1439 2471 1519 2498 ἰο-

101 2530 268 2571 σοῦτον
296 2530 567 2584 μετέβαλον,
611 2524 669 2575 ὡς
698 2529 907 2584 εἰρῆσθαι
945 2527 995 2586 τῇ
1029 2522 1221 2585 νύμφῃ·Ι
1253 2529 1343 2580 „rt
1377 2523 1520 2583 ὡραι-

102 2596 289 2652 ώθησαν
320 2599 367 2640 αἱ
397 2594 604 2654 σιαγόνες
635 2598 784 2640 σου·“
814 2595 877 2653 μὴ
907 2596 1085 2653 ἔχοντες
1105 2598 1269 2639 σπῖλον
1298 2591 1519 2654 ἢρυτίδα.

106 2666 234 2725 Τάχα
274 2669 324 2712 δὲ
362 2671 423 2724 τῷ
461 2665 541 2711 τὸν
597 2668 675 2711 ἕνα
713 2665 862 2724 μόνον
897 2667 1139 2725 γινώσκειν
1190 2662 1320 2710 θεόν·
1373 2667 1450 2709 καὶ
1489 2663 1515 2720 ἡ

105 2737 280 2800 Τρυγών
312 2737 399 2795 γὰρ
430 2739 498 2781 ἑνὶ
527 2735 656 2794 μόνῳ
688 2742 962 2794 συνέρχεται.
1023 2740 1202 2780 Ruaeus.

218 2810 261 2865 ⁴)
293 2809 380 2850 Csr.
416 2808 554 2849 lCor.
583 2809 682 2859 XII,
716 2807 908 2850 14-18,

219 2881 259 2936 ⁵)
291 2881 423 2920 Deest
455 2878 623 2935 ‚,quia“
653 2880 695 2919 in
727 2879 822 2920 edd.
853 2879 914 2920 M.
