1759 3134
653 105 852 146 HommA
883 103 956 143 IX.
1435 104 1515 148 127

99 234 182 274 que
214 217 453 257 communia
482 216 745 257 humanitatis
775 215 885 273 jura,
928 213 1023 270 quia
1053 226 1270 270 oporteret
1300 215 1514 256 hominem

100 296 279 335 humana
309 310 467 350 sapere,
499 306 539 334 ct
568 294 611 334 in
640 293 784 334 alienis
816 291 1119 332 calamitatibus
1149 308 1228 346 pro
1263 291 1389 331 simili
1416 309 1514 332 con-

100 372 260 412 ditione
299 371 361 412 sui
401 371 715 427 quodammodo
754 368 955 409 misereri.
1028 368 1103 408 Est
1148 368 1274 420 igitur
1317 380 1357 408 et
1398 369 1511 409 dives

96 450 170 490 ille
203 448 437 490 Sodomita.
498 448 544 489 Si
575 446 684 487 enim
714 445 815 486 talia
845 456 961 485 erant
989 457 1160 499 peccata
1191 446 1434 504 Sodomae,
1464 458 1511 487 ut

96 526 138 565 in
178 526 389 566 saturitate
428 541 584 581 panum
623 522 737 563 etin
766 522 1017 563 abundantia
1050 521 1199 571 fuerit,
1239 523 1330 562 talis
1370 535 1509 563 autem

97 614 156 643 est
187 614 228 642 et
259 602 396 652 dives,
438 602 509 657 qui
549 601 591 641 in
622 598 837 651 evangelio
871 597 1141 646 describitur,
1181 598 1290 638 nulli
1321 599 1509 650 dubium,

97 679 196 734 quin
238 680 352 720 dives
392 679 464 719 ille
496 677 720 719 Sodomita
758 675 822 716 sit.
884 674 1117 727 Quomodo
1153 686 1293 715 autem
1323 677 1511 733 Sodoma

96 766 137 794 et
176 755 287 795 filiae
319 757 608 797 Sodomorum
651 755 854 809 superbae
892 753 1084 800 suerunt,
1123 753 1225 792 tales
1264 765 1359 793 sunt
1397 770 1511 794 arro—

92 844 230 884 gantes
264 831 444 881 animae,
486 843 526 871 et
556 831 666 871 filiae
697 831 987 872 Sodomorum
1019 844 1290 884 quaecunque
1320 830 1510 872 nesciunt

93 909 272 948 dictum:
305 908 476 958 „omnis
502 908 554 964 ¹),
584 908 656 964 qui
686 924 728 948 se
761 907 922 956 exaltat,
952 905 1263 946 humiliabitur:
1296 919 1335 946 et
1366 907 1437 962 qui
1467 923 1509 947 se

91 985 304 1034 humiliat,
335 985 622 1027 exaltabitur.“

201 1062 239 1104 5.
287 1062 418 1112 „Hoc
441 1064 484 1117 ²)
521 1074 607 1103 erat
647 1062 684 1103 ei
715 1074 757 1103 et
782 1061 950 1102 'filiabus
986 1060 1117 1118 ejus.“
1175 1059 1342 1101 Dehinc
1371 1060 1510 1116 sequi-

89 1149 158 1178 tur
193 1138 309 1179 aliud
349 1139 562 1180 Sodomae
607 1139 833 1189 delictum,
874 1140 989 1196 quod
1020 1139 1221 1179 debemus
1253 1137 1415 1187 dicere,
1454 1154 1507 1178 ne

88 1214 132 1253 in
161 1214 288 1254 simili
319 1214 489 1256 crimine
519 1216 803 1271 reperiamur:
843 1227 921 1265 „et
944 1216 986 1270 3)
1027 1231 1198 1255 manum
1240 1214 1437 1269 pauperis
1468 1228 1509 1255 ct

92 1291 248 1343 egentis
286 1308 372 1332 non
410 1292 705 1348 suscipiebat.“
765 1292 993 1334 Considera
1032 1291 1256 1343 diligenter
1294 1307 1509 1332 enumera-

87 1368 249 1409 tionem
285 1381 555 1424 peccatorum
596 1370 822 1411 Sodomae.
892 1369 982 1420 Ego
1022 1368 1136 1423 ipse,
1174 1368 1209 1408 si
1248 1367 1361 1424 juxta
1399 1367 1509 1410 vires

87 1462 200 1486 meas
228 1462 398 1485 manum
426 1446 622 1501 pauperis
655 1457 697 1486 et
728 1445 883 1498 egentis
914 1461 1001 1485 non
1041 1444 1266 1501 adjuvem,
1306 1444 1506 1485 Sodomi—

86 1520 217 1562 ticum
254 1522 388 1562 habeo
427 1535 660 1578 peccatum.
729 1522 930 1578 Sequitur
967 1521 1049 1562 alia
1088 1520 1319 1562 accusatio:
1362 1534 1439 1571 „et
1461 1521 1504 1577 ⁴¹)

85 1599 264 1653 superbe
302 1599 599 1651 gloriabatur.“
670 1600 726 1640 Et
770 1599 938 1655 jactatio
986 1598 1144 1650 gloriae
1191 1598 1505 1640 sodomiticum

88 1676 244 1716 crimen
276 1688 348 1717 est.
394 1677 502 1717 Sunt
532 1688 673 1717 autem
705 1676 909 1730 quaedam
930 1674 1132 1731 Aegyptia
1160 1686 1344 1729 peccata,
1381 1692 1506 1731 quae-

87 1754 184 1793 dam
213 1753 496 1794 sodomitica:
543 1764 638 1793 sunt
668 1752 746 1793 alia
775 1751 1054 1807 Babylonica,
1086 1750 1166 1791 alia
1194 1751 1384 1809 Assyria,
1423 1752 1504 1793 alia

86 1817 339 1880 Mo²5bitica,
380 1829 460 1870 alia
491 1830 782 1871 Ammanitica.
843 1860 867 1879 ‚2
881 1828 986 1882 Quis
1011 1827 1052 1882 ⁵)
1085 1827 1247 1882 sapiens
1279 1840 1320 1869 et
1347 1828 1504 1870 intelli-

86 1919 155 1960 get
182 1907 290 1948 ista?
326 1918 396 1947 aut
434 1908 524 1963 quis
563 1907 799 1960 intelligens
839 1917 880 1946 et
910 1916 1104 1957 agnoscet
1135 1904 1244 1946 ea?“
1305 1905 1504 1960 Quoties-

85 1997 248 2040 cunque
279 1983 453 2036 legimus
485 1999 544 2035 ea,
577 2001 680 2040 quae
712 1986 763 2025 de
781 1983 1071 2025 Sodomorum
1100 1982 1372 2023 subversione
1405 2000 1504 2024 con-

83 2061 236 2116 scripta
265 2071 370 2110 sunt,
400 2077 484 2102 non
517 2062 716 2113 dicamus,
745 2059 1003 2103 miserabiles
1035 2058 1284 2100 sodomitae
1306 2059 1362 2113 ⁶),
1397 2077 1502 2116 quo-

84 2155 177 2179 rum
204 2137 381 2179 ulterius
408 2139 569 2179 fructus
598 2150 709 2179 terra
738 2154 824 2179 non
848 2138 985 2187 affert,
1015 2136 1275 2178 miserabiles
1300 2137 1502 2179 multum-

85 2232 164 2271 que
201 2215 448 2271 plangendi,
497 2215 566 2272 qui
612 2227 699 2257 tam
746 2214 940 2268 lugubria
984 2226 1025 2255 et
1061 2225 1147 2254 tam
1187 2212 1276 2254 dira
1312 2215 1501 2270 perpessi

86 2303 201 2332 sunt:
239 2291 340 2347 quin
381 2292 522 2348 potius
555 2304 844 2333 convertamus
873 2292 984 2332 hunc
1013 2291 1058 2332 in
1088 2291 1216 2331 corda
1243 2303 1387 2332 nostra
1415 2309 1501 2333 ser-

84 2383 279 2418 monem,
317 2380 552 2411 scrutemur
578 2385 697 2410 renes
728 2381 769 2410 et
800 2367 1073 2422 cogitationes
1102 2379 1290 2419 nostras,
1331 2381 1371 2409 et
1400 2380 1498 2410 tunc

86 2444 318 2486 videbimus
353 2462 445 2496 eos,
476 2462 579 2502 quos
607 2445 867 2502 plangimus,
897 2446 940 2486 in
969 2444 1092 2486 nobis
1121 2443 1368 2486 intrinsecus
1399 2461 1499 2485 con·

203 2612 243 2668 ¹)
272 2613 372 2653 Luc.
402 2612 561 2662 XVIII,
592 2612 656 2656 14.
775 2615 818 2670 2)
848 2615 999 2656 Ezech.
1030 2614 1146 2664 XVI,
1175 2612 1242 2656 49.

198 2682 241 2737 3)
273 2681 358 2722 Cfr.
377 2682 526 2721 Ezech.
543 2683 657 2732 XVI,
674 2683 740 2727 49.
767 2707 816 2714 —
841 2685 950 2726 Edd.
966 2685 1027 2726 M.
1049 2695 1090 2724 et
1105 2684 1155 2724 R.
1174 2681 1494 2737 ‚,suscipiebat.“

202 2751 243 2806 ⁴)
277 2751 362 2792 Csr.
379 2751 527 2791 Ezech.
547 2751 662 2802 XVI,
679 2751 744 2796 50.
764 2777 814 2783 —
836 2755 945 2796 Edd.
963 2756 1025 2796 Μ.
1044 2765 1085 2794 et
1098 2754 1149 2795 R.
1172 2752 1493 2806 „gloriabatur.“

201 2822 241 2878 ⁵)
273 2821 374 2862 Hos.
404 2821 519 2871 XIV,
552 2819 616 2864 10·
735 2822 778 2878 6)
806 2823 916 2868 Edd.
950 2823 1143 2866 Merlini:
1182 2821 1436 2865 sodomitas.
