1759 3134
249 158 333 203 368
504 159 722 201 Omenms
753 172 795 200 m
829 159 1065 200 CAN'HCUM
1098 159 1399 201 Csxrlconum

253 272 499 329 sapientiam
532 273 772 314 Salomonis
802 273 912 323 veri,
943 284 983 313 et
1014 272 1100 312 veri
1131 272 1295 328 pacifici
1326 272 1501 313 Domini
1535 273 1666 313 nostri

249 352 355 392 Jesu
383 350 551 393 Christi.
610 351 739 392 Venit
769 363 809 392 et
835 352 958 400 haec,
997 350 1137 406 primo
1170 350 1340 406 quidem
1371 361 1531 391 tentans
1572 366 1668 390 eum

253 445 331 485 per
367 428 597 481 aenigmata
638 439 679 469 et
718 428 1000 485 quaestiones,
1046 444 1150 484 quae
1191 428 1228 468 ei
1266 427 1381 484 prius
1422 427 1668 468 insolubiles

254 505 525 548 videbantur:
567 518 690 564 atque
722 507 772 547 ab
803 506 894 562 ipso
929 506 980 546 de
1010 505 1220 558 agnitione
1254 504 1369 545 verbi
1398 504 1502 555 Dei,
1545 516 1585 545 et
1616 504 1667 544 de

255 584 452 626 creaturis
483 584 651 635 mundi,
683 585 749 625 vel
781 585 833 625 de
864 583 1180 625 immortalitate
1211 583 1393 632 animae,
1436 593 1476 623 et
1508 581 1666 639 judicio

253 664 418 713 futuro,
465 663 580 718 quod
611 663 723 718 apud
754 679 844 703 eam
884 674 924 703 et
955 662 1066 718 apud
1106 663 1301 703 doctores
1340 659 1449 718 ejus,
1494 659 1666 712 gentiles

253 741 451 782 duntaxat
479 740 781 796 philosophos,
811 740 1018 781 incertum
1056 755 1223 795 semper
1259 749 1330 779 aut
1370 738 1546 779 dubium
1583 753 1668 778 ma—

251 820 399 869 nebat,
429 818 671 862 absolvitur.
717 819 844 861 Venit
874 834 971 872 ergo
993 818 1029 874 ¹)
1062 817 1349 867 Hierusalem,
1379 816 1433 857 ad
1462 815 1668 857 visionem

252 896 413 938 scilicet
452 896 587 953 pacis,
636 913 731 938 cum
771 894 1041 937 multitudine
1082 906 1122 936 et
1176 895 1330 936 virtute
1372 894 1529 946 multa3
1580 909 1666 934 non

254 974 365 1015 enim
398 990 494 1015 cum
522 990 605 1016 una
634 975 723 1016 sola
755 984 898 1027 gente,
929 984 975 1014 ut
998 973 1114 1029 prius
1145 990 1349 1031 synagoga
1378 972 1493 1013 solos
1524 970 1669 1012 habuit

249 1052 490 1103 Hebraeos,
519 1052 594 1092 sed
625 1067 719 1092 cum
749 1051 878 1092 totius
908 1051 1054 1091 mundi
1083 1052 1274 1105 gentibus
1304 1050 1440 1100 venit,
1478 1050 1669 1090 deferens

253 1128 378 1170 etiam
406 1145 581 1170 munera
621 1128 742 1180 digna
774 1127 962 1179 Christo,
1010 1129 1385 1169 odoramentorum
1424 1127 1458 1168 si
1499 1127 1667 1184 quidem

251 1204 496 1256 suavitates,
542 1221 672 1262 opera
699 1204 861 1246 scilicet
889 1206 1021 1256 bona,
1067 1222 1172 1261 quae
1204 1206 1256 1245 ad
1284 1204 1427 1245 Deum
1456 1220 1534 1260 per
1564 1205 1669 1244 odo-

249 1300 341 1325 rem
391 1282 605 1324 suavitatis
649 1283 919 1324 adscendunt.
989 1283 1075 1325 Sed
1122 1294 1163 1324 et
1201 1299 1300 1323 auro
1342 1282 1455 1323 venit
1493 1282 1668 1337 repleta,

250 1362 438 1404 sensibus
468 1362 556 1403 sine
589 1361 718 1402 dubio
751 1374 792 1403 et
823 1361 1142 1403 rationabilibus
1166 1359 1422 1416 disciplinis,
1454 1376 1553 1416 quas
1574 1371 1667 1400 ante

251 1440 382 1482 fidem
413 1440 548 1481 adbuc
580 1455 627 1480 ex
658 1441 873 1480 communi
912 1452 952 1481 et
990 1439 1170 1480 scholari
1210 1438 1446 1479 eruditione
1486 1438 1669 1490 college-

250 1530 325 1560 rat.
383 1517 554 1559 Detulit
583 1517 710 1558 etiam
739 1517 924 1574 lapidem
961 1517 1215 1574 pretiosum,
1261 1531 1386 1572 quem
1425 1527 1667 1556 ornamenta

250 1613 418 1638 morum
467 1612 690 1652 possumus
736 1595 985 1648 intelligere.
1055 1596 1163 1637 Cum
1209 1595 1291 1635 hoc
1331 1610 1427 1646 ergo
1467 1604 1668 1650 apparatu

249 1673 377 1715 intrat
406 1673 459 1714 ad
488 1672 711 1729 pacificum
741 1690 883 1726 regem
915 1673 1147 1723 Christum,
1190 1683 1231 1713 et
1260 1671 1340 1728 ipsi
1372 1670 1562 1727 aperit2)
1595 1686 1668 1710 cor

248 1768 395 1803 suum,
425 1750 469 1791 in
500 1751 762 1792 confessione
795 1762 836 1792 et
858 1750 1118 1807 poenitentia
1141 1749 1301 1791 scilicet
1323 1747 1667 1806 praecedentium

250 1829 525 1880 delictorum,
570 1841 610 1871 et
640 1830 783 1871 locuta
814 1840 875 1871 est
904 1829 944 1870 ei
975 1828 1137 1879 omnia,
1184 1844 1289 1885 quae
1320 1838 1437 1868 erant
1465 1826 1509 1867 in
1539 1826 1667 1867 corde

249 1923 351 1958 suo,
381 1918 561 1964 propter
591 1908 707 1964 quod
738 1919 780 1949 et
810 1907 1018 1958 Christus,
1050 1906 1121 1963 qui
1154 1918 1214 1947 est
1242 1922 1323 1962 pax
1347 1916 1510 1954 nostra,
1539 1919 1668 1945 enun-

248 1984 370 2027 tiavit
401 1985 439 2026 ei
471 1985 612 2027 omnia
641 1987 768 2027 verba
798 1985 898 2045 eim,
931 1998 972 2027 et
1000 2001 1086 2027 non
1117 1996 1178 2026 est
1207 1985 1395 2034 verbum,
1425 1982 1541 2039 quod
1561 1981 1668 2022 omi-

251 2064 352 2106 serit
379 2081 473 2115 rex,
506 2076 547 2105 et
576 2079 662 2105 non
692 2063 970 2105 enuntiaverit
1001 2063 1051 2105 ei.
1096 2062 1292 2118 Denique
1325 2079 1420 2103 cum
1448 2061 1532 2119 jam
1560 2072 1666 2102 tem-

251 2156 330 2197 pus
364 2141 567 2197 passionis
597 2142 1033 2199 appropinquai‘et3),
1081 2140 1138 2181 sic
1175 2141 1338 2196 loqitur
1373 2141 1427 2181 ad
1463 2156 1578 2190 eam,
1622 2139 1666 2180 id

253 2230 338 2269 est,
375 2220 428 2260 ad
460 2218 618 2260 electos
652 2219 882 2276 discipulos
921 2235 1039 2260 suos:
1085 2219 1214 2269 „Jam
1231 2219 1272 2275 ⁴)
1309 2235 1397 2259 non
1426 2217 1563 2259 dicam
1592 2234 1666 2258 vos

250 2312 413 2347 servos,
444 2297 516 2338 sed
547 2295 725 2347 amicos,
757 2296 853 2353 quia
882 2312 1023 2338 servus
1052 2295 1204 2347 nescit,
1242 2297 1345 2353 quid
1374 2295 1499 2338 faciat
1530 2295 1668 2336 domi-

250 2388 327 2415 nus
360 2373 461 2432 ejus.
486 2392 492 2394 '
519 2373 611 2426 Ego
643 2385 781 2414 autem
809 2385 910 2415 nota
940 2374 1023 2415 feci
1054 2374 1171 2415 vobis
1200 2373 1362 2426 omnia,
1392 2389 1664 2430 quaecunque

250 2451 393 2494 audivi
421 2469 445 2494 a
472 2463 591 2510 patre
619 2457 768 2493 me0.“
825 2451 897 2494 Sic
937 2468 1034 2506 ergo
1078 2452 1302 2509 impletur,
1342 2453 1457 2510 quod
1489 2452 1663 2509 dixit⁵),

372 2635 411 2692 ¹)
441 2634 550 2677 Edd.
581 2635 642 2678 Μ.
672 2650 807 2688 „ergo
838 2634 882 2676 in
910 2634 1213 2678 Hierusalem“
1246 2646 1323 2680 etc.

366 2707 410 2762 ²)
439 2705 548 2747 Edd.
579 2705 640 2748 M.
672 2705 920 2762 „aperuit.“

366 2776 411 2830 3)
444 2775 553 2817 Edd.
584 2776 645 2819 M.
682 2777 1192 2835 „appropinquaverit.“”

366 2845 410 2899 ⁴)
442 2846 529 2888 Cfr.
562 2862 623 2888 ev.
653 2847 803 2889 Joann.
834 2849 927 2898 XV,
959 2849 1026 2895 15.
1055 2848 1152 2890 coll.
1173 2847 1238 2891 14.

364 2917 410 2974 ⁴⁵)
443 2916 527 2959 Cfr.
561 2917 581 2957 I
601 2918 727 2971 Regg.
758 2919 1113 2975 X..(111Regg.).
