<?xml version="1.0" encoding="UTF-8"?>
<!DOCTYPE html PUBLIC "-//W3C//DTD XHTML 1.0 Transitional//EN"
    "http://www.w3.org/TR/xhtml1/DTD/xhtml1-transitional.dtd">
<html xmlns="http://www.w3.org/1999/xhtml" xml:lang="en" lang="en">
 <head>
  <title>
</title>
<meta http-equiv="Content-Type" content="text/html;charset=utf-8" />
  <meta name='ocr-system' content='tesseract 3.04.00' />
  <meta name='ocr-capabilities' content='ocr_page ocr_carea ocr_par ocr_line ocrx_word'/>
</head>
<body>
  <div class='ocr_page' id='page_1' title='image "./operaomniaquaegr14orig/operaomniaquaegr14orig_0418.png"; bbox 0 0 1759 3134; ppageno 0'>
   <div class='ocr_carea' id='block_1_1' title="bbox 223 147 1396 199">
    <p class='ocr_par' dir='ltr' id='par_1_1' title="bbox 223 147 1396 199">
     <span class='ocr_line' id='line_1_1' title="bbox 223 147 1396 199; baseline -0.008 0"><span class='ocrx_word' id='word_1_1' title='bbox 223 155 306 199; x_wconf 82' lang='lat'><strong>402</strong></span> <span class='ocrx_word' id='word_1_2' title='bbox 484 150 706 191; x_wconf 71' lang='lat' dir='ltr'><strong>Omossms</strong></span> <span class='ocrx_word' id='word_1_3' title='bbox 738 160 782 189; x_wconf 73' lang='lat' dir='ltr'><strong>m</strong></span> <span class='ocrx_word' id='word_1_4' title='bbox 814 148 1052 189; x_wconf 70' lang='lat' dir='ltr'><strong>CANrmum</strong></span> <span class='ocrx_word' id='word_1_5' title='bbox 1093 147 1396 190; x_wconf 61' lang='lat' dir='ltr'><strong>Cum-monum</strong></span> 
     </span>
    </p>
   </div>
   <div class='ocr_carea' id='block_1_2' title="bbox 228 261 1673 2353">
    <p class='ocr_par' dir='ltr' id='par_1_2' title="bbox 228 261 1673 2353">
     <span class='ocr_line' id='line_1_2' title="bbox 228 261 1653 321; baseline -0.005 -12"><span class='ocrx_word' id='word_1_6' title='bbox 228 267 336 309; x_wconf 83' lang='lat' dir='ltr'><strong>sabit</strong></span> <span class='ocrx_word' id='word_1_7' title='bbox 365 276 497 307; x_wconf 90' lang='lat' dir='ltr'><strong>semet</strong></span> <span class='ocrx_word' id='word_1_8' title='bbox 527 263 659 319; x_wconf 84' lang='lat' dir='ltr'>ipsam</span> <span class='ocrx_word' id='word_1_9' title='bbox 688 261 931 321; x_wconf 80' lang='lat' dir='ltr'><strong>hujusmodi</strong></span> <span class='ocrx_word' id='word_1_10' title='bbox 963 261 1112 311; x_wconf 75' lang='lat' dir='ltr'><strong>anima,</strong></span> <span class='ocrx_word' id='word_1_11' title='bbox 1145 271 1191 301; x_wconf 90' lang='lat' dir='ltr'><strong>ut</strong></span> <span class='ocrx_word' id='word_1_12' title='bbox 1213 271 1437 313; x_wconf 84' lang='lat' dir='ltr'><strong>cognoscat</strong></span> <span class='ocrx_word' id='word_1_13' title='bbox 1456 261 1509 317; x_wconf 87' lang='lat'><strong>¹),</strong></span> <span class='ocrx_word' id='word_1_14' title='bbox 1544 277 1594 302; x_wconf 85' lang='lat' dir='ltr'><strong>an</strong></span> <span class='ocrx_word' id='word_1_15' title='bbox 1610 262 1653 318; x_wconf 83' lang='lat'><strong>²)</strong></span> 
     </span>
     <span class='ocr_line' id='line_1_3' title="bbox 231 337 1657 398; baseline -0.006 -11"><span class='ocrx_word' id='word_1_16' title='bbox 231 345 355 387; x_wconf 80' lang='lat' dir='ltr'><strong>facile</strong></span> <span class='ocrx_word' id='word_1_17' title='bbox 408 352 676 384; x_wconf 82' lang='lat' dir='ltr'><strong>commoveat</strong></span> <span class='ocrx_word' id='word_1_18' title='bbox 723 339 1005 398; x_wconf 82' lang='lat' dir='ltr'><strong>cujuscunque</strong></span> <span class='ocrx_word' id='word_1_19' title='bbox 1052 337 1430 379; x_wconf 79' lang='lat' dir='ltr'><strong>verisimilitudinis</strong></span> <span class='ocrx_word' id='word_1_20' title='bbox 1480 338 1657 389; x_wconf 79' lang='lat' dir='ltr'>auditio,</span> 
     </span>
     <span class='ocr_line' id='line_1_4' title="bbox 234 415 1660 477; baseline -0.005 -13"><span class='ocrx_word' id='word_1_21' title='bbox 234 434 275 464; x_wconf 83' lang='lat' dir='ltr'><strong>et</strong></span> <span class='ocrx_word' id='word_1_22' title='bbox 307 420 565 477; x_wconf 82' lang='lat' dir='ltr'>subripiatur</span> <span class='ocrx_word' id='word_1_23' title='bbox 594 419 634 460; x_wconf 87' lang='lat' dir='ltr'><strong>ei</strong></span> <span class='ocrx_word' id='word_1_24' title='bbox 664 430 766 469; x_wconf 84' lang='lat' dir='ltr'><strong>arte,</strong></span> <span class='ocrx_word' id='word_1_25' title='bbox 796 418 864 459; x_wconf 90' lang='lat' dir='ltr'><strong>vel</strong></span> <span class='ocrx_word' id='word_1_26' title='bbox 895 416 1111 467; x_wconf 83' lang='lat' dir='ltr'><strong>suavitate,</strong></span> <span class='ocrx_word' id='word_1_27' title='bbox 1141 416 1209 457; x_wconf 88' lang='lat' dir='ltr'><strong>vel</strong></span> <span class='ocrx_word' id='word_1_28' title='bbox 1241 415 1470 458; x_wconf 80' lang='lat' dir='ltr'><strong>calliditate</strong></span> <span class='ocrx_word' id='word_1_29' title='bbox 1499 432 1660 458; x_wconf 88' lang='lat' dir='ltr'><strong>sermo-</strong></span> 
     </span>
     <span class='ocr_line' id='line_1_5' title="bbox 230 494 1662 552; baseline -0.004 -11"><span class='ocrx_word' id='word_1_30' title='bbox 230 517 356 550; x_wconf 88' lang='lat' dir='ltr'>num,</span> <span class='ocrx_word' id='word_1_31' title='bbox 401 515 452 540; x_wconf 84' lang='lat' dir='ltr'><strong>an</strong></span> <span class='ocrx_word' id='word_1_32' title='bbox 492 514 587 540; x_wconf 83' lang='lat' dir='ltr'><strong>raro</strong></span> <span class='ocrx_word' id='word_1_33' title='bbox 626 497 731 548; x_wconf 90' lang='lat' dir='ltr'><strong>hoc,</strong></span> <span class='ocrx_word' id='word_1_34' title='bbox 769 513 821 538; x_wconf 86' lang='lat' dir='ltr'><strong>an</strong></span> <span class='ocrx_word' id='word_1_35' title='bbox 849 511 1065 552; x_wconf 83' lang='lat' dir='ltr'><strong>nunquam</strong></span> <span class='ocrx_word' id='word_1_36' title='bbox 1107 494 1281 536; x_wconf 86' lang='lat' dir='ltr'><strong>omnino</strong></span> <span class='ocrx_word' id='word_1_37' title='bbox 1320 494 1514 551; x_wconf 82' lang='lat' dir='ltr'><strong>patiatur.</strong></span> <span class='ocrx_word' id='word_1_38' title='bbox 1575 494 1662 536; x_wconf 81' lang='lat' dir='ltr'><strong>Sed</strong></span> 
     </span>
     <span class='ocr_line' id='line_1_6' title="bbox 233 572 1660 628; baseline -0.004 -10"><span class='ocrx_word' id='word_1_39' title='bbox 233 576 444 620; x_wconf 80' lang='lat' dir='ltr'><strong>sufficiant</strong></span> <span class='ocrx_word' id='word_1_40' title='bbox 481 575 583 617; x_wconf 84' lang='lat' dir='ltr'><strong>haec</strong></span> <span class='ocrx_word' id='word_1_41' title='bbox 621 575 665 617; x_wconf 89' lang='lat' dir='ltr'><strong>in</strong></span> <span class='ocrx_word' id='word_1_42' title='bbox 709 575 792 616; x_wconf 91' lang='lat' dir='ltr'><strong>hoc</strong></span> <span class='ocrx_word' id='word_1_43' title='bbox 834 574 1057 628; x_wconf 79' lang='lat' dir='ltr'>agnitionis</span> <span class='ocrx_word' id='word_1_44' title='bbox 1105 589 1256 626; x_wconf 84' lang='lat' dir='ltr'><strong>genere</strong></span> <span class='ocrx_word' id='word_1_45' title='bbox 1297 590 1319 614; x_wconf 84' lang='lat' dir='ltr'>a</span> <span class='ocrx_word' id='word_1_46' title='bbox 1365 573 1488 614; x_wconf 85' lang='lat' dir='ltr'><strong>nobis</strong></span> <span class='ocrx_word' id='word_1_47' title='bbox 1538 572 1660 614; x_wconf 85' lang='lat' dir='ltr'><strong>dicta.</strong></span> 
     </span>
     <span class='ocr_line' id='line_1_7' title="bbox 231 649 1664 701; baseline -0.006 -3"><span class='ocrx_word' id='word_1_48' title='bbox 231 654 441 698; x_wconf 89' lang='lat' dir='ltr'><strong>Possibile</strong></span> <span class='ocrx_word' id='word_1_49' title='bbox 474 664 535 694; x_wconf 88' lang='lat' dir='ltr'><strong>est</strong></span> <span class='ocrx_word' id='word_1_50' title='bbox 567 652 680 694; x_wconf 88' lang='lat' dir='ltr'><strong>enim</strong></span> <span class='ocrx_word' id='word_1_51' title='bbox 719 652 879 695; x_wconf 86' lang='lat' dir='ltr'><strong>volenti</strong></span> <span class='ocrx_word' id='word_1_52' title='bbox 917 654 1071 694; x_wconf 85' lang='lat' dir='ltr'><strong>horum</strong></span> <span class='ocrx_word' id='word_1_53' title='bbox 1111 650 1459 701; x_wconf 88' lang='lat' dir='ltr'><strong>similitudinem,</strong></span> <span class='ocrx_word' id='word_1_54' title='bbox 1505 661 1546 691; x_wconf 89' lang='lat' dir='ltr'><strong>et</strong></span> <span class='ocrx_word' id='word_1_55' title='bbox 1584 649 1664 691; x_wconf 79' lang='lat' dir='ltr'><strong>alia</strong></span> 
     </span>
     <span class='ocr_line' id='line_1_8' title="bbox 232 728 1666 786; baseline -0.006 -10"><span class='ocrx_word' id='word_1_56' title='bbox 232 735 453 776; x_wconf 81' lang='lat' dir='ltr'><strong>innumera</strong></span> <span class='ocrx_word' id='word_1_57' title='bbox 478 730 703 784; x_wconf 79' lang='lat' dir='ltr'><strong>colligere,</strong></span> <span class='ocrx_word' id='word_1_58' title='bbox 735 729 886 786; x_wconf 89' lang='lat' dir='ltr'><strong>quibus</strong></span> <span class='ocrx_word' id='word_1_59' title='bbox 917 746 1170 783; x_wconf 85' lang='lat' dir='ltr'><strong>cognoscere</strong></span> <span class='ocrx_word' id='word_1_60' title='bbox 1202 739 1337 771; x_wconf 88' lang='lat' dir='ltr'><strong>semet</strong></span> <span class='ocrx_word' id='word_1_61' title='bbox 1365 729 1500 786; x_wconf 85' lang='lat' dir='ltr'><strong>ipsam</strong></span> <span class='ocrx_word' id='word_1_62' title='bbox 1528 728 1666 769; x_wconf 87' lang='lat' dir='ltr'><strong>anima</strong></span> 
     </span>
     <span class='ocr_line' id='line_1_9' title="bbox 234 805 1665 869; baseline -0.006 -15"><span class='ocrx_word' id='word_1_63' title='bbox 234 813 465 869; x_wconf 80' lang='lat' dir='ltr'><strong>probetur,</strong></span> <span class='ocrx_word' id='word_1_64' title='bbox 510 820 552 850; x_wconf 87' lang='lat' dir='ltr'><strong>et</strong></span> <span class='ocrx_word' id='word_1_65' title='bbox 589 807 952 865; x_wconf 86' lang='lat' dir='ltr'><strong>pulchritudinem</strong></span> <span class='ocrx_word' id='word_1_66' title='bbox 989 825 1129 859; x_wconf 86' lang='lat' dir='ltr'><strong>suam,</strong></span> <span class='ocrx_word' id='word_1_67' title='bbox 1176 824 1303 864; x_wconf 86' lang='lat' dir='ltr'><strong>quam</strong></span> <span class='ocrx_word' id='word_1_68' title='bbox 1340 808 1392 848; x_wconf 82' lang='lat' dir='ltr'><strong>ad</strong></span> <span class='ocrx_word' id='word_1_69' title='bbox 1439 805 1665 859; x_wconf 85' lang='lat' dir='ltr'><strong>imaginem</strong></span> 
     </span>
     <span class='ocr_line' id='line_1_10' title="bbox 235 885 1665 943; baseline -0.003 -12"><span class='ocrx_word' id='word_1_70' title='bbox 235 890 321 931; x_wconf 89' lang='lat' dir='ltr'><strong>Dei</strong></span> <span class='ocrx_word' id='word_1_71' title='bbox 351 890 396 930; x_wconf 86' lang='lat' dir='ltr'><strong>in</strong></span> <span class='ocrx_word' id='word_1_72' title='bbox 427 885 673 930; x_wconf 87' lang='lat' dir='ltr'><strong>conditione</strong></span> <span class='ocrx_word' id='word_1_73' title='bbox 704 885 910 942; x_wconf 86' lang='lat' dir='ltr'><strong>suscepit,</strong></span> <span class='ocrx_word' id='word_1_74' title='bbox 953 885 987 927; x_wconf 88' lang='lat' dir='ltr'><strong>si</strong></span> <span class='ocrx_word' id='word_1_75' title='bbox 1025 902 1220 943; x_wconf 84' lang='lat' dir='ltr'><strong>reparare</strong></span> <span class='ocrx_word' id='word_1_76' title='bbox 1250 903 1297 928; x_wconf 85' lang='lat' dir='ltr'><strong>ac</strong></span> <span class='ocrx_word' id='word_1_77' title='bbox 1335 885 1557 928; x_wconf 84' lang='lat' dir='ltr'><strong>restituere</strong></span> <span class='ocrx_word' id='word_1_78' title='bbox 1585 901 1665 942; x_wconf 90' lang='lat' dir='ltr'><strong>po-</strong></span> 
     </span>
     <span class='ocr_line' id='line_1_11' title="bbox 236 963 1664 1022; baseline -0.004 -12"><span class='ocrx_word' id='word_1_79' title='bbox 236 967 378 1019; x_wconf 85' lang='lat' dir='ltr'><strong>tuerit,</strong></span> <span class='ocrx_word' id='word_1_80' title='bbox 410 964 705 1022; x_wconf 87' lang='lat' dir='ltr'><strong>contemplari.</strong></span> <span class='ocrx_word' id='word_1_81' title='bbox 764 964 859 1006; x_wconf 90' lang='lat' dir='ltr'><strong>Hoc</strong></span> <span class='ocrx_word' id='word_1_82' title='bbox 891 963 1016 1017; x_wconf 90' lang='lat' dir='ltr'><strong>igitur</strong></span> <span class='ocrx_word' id='word_1_83' title='bbox 1049 976 1121 1015; x_wconf 91' lang='lat' dir='ltr'><strong>est,</strong></span> <span class='ocrx_word' id='word_1_84' title='bbox 1155 965 1271 1021; x_wconf 83' lang='lat' dir='ltr'><strong>quod</strong></span> <span class='ocrx_word' id='word_1_85' title='bbox 1302 981 1495 1021; x_wconf 76' lang='lat' dir='ltr'><strong>praesens</strong></span> <span class='ocrx_word' id='word_1_86' title='bbox 1526 979 1664 1005; x_wconf 87' lang='lat' dir='ltr'><strong>sermo</strong></span> 
     </span>
     <span class='ocr_line' id='line_1_12' title="bbox 238 1042 1668 1102; baseline -0.003 -14"><span class='ocrx_word' id='word_1_87' title='bbox 238 1047 315 1089; x_wconf 88' lang='lat' dir='ltr'><strong>sub</strong></span> <span class='ocrx_word' id='word_1_88' title='bbox 346 1045 486 1102; x_wconf 89' lang='lat' dir='ltr'><strong>specie</strong></span> <span class='ocrx_word' id='word_1_89' title='bbox 525 1042 717 1087; x_wconf 88' lang='lat' dir='ltr'><strong>mulieris</strong></span> <span class='ocrx_word' id='word_1_90' title='bbox 747 1043 929 1084; x_wconf 78' lang='lat' dir='ltr'><strong>animam</strong></span> <span class='ocrx_word' id='word_1_91' title='bbox 971 1043 1120 1093; x_wconf 87' lang='lat' dir='ltr'><strong>docet,</strong></span> <span class='ocrx_word' id='word_1_92' title='bbox 1163 1054 1211 1083; x_wconf 90' lang='lat' dir='ltr'><strong>ut</strong></span> <span class='ocrx_word' id='word_1_93' title='bbox 1251 1054 1447 1096; x_wconf 82' lang='lat' dir='ltr'><strong>agnoscat</strong></span> <span class='ocrx_word' id='word_1_94' title='bbox 1463 1043 1504 1100; x_wconf 87' lang='lat'><strong>³)</strong></span> <span class='ocrx_word' id='word_1_95' title='bbox 1535 1053 1668 1084; x_wconf 88' lang='lat' dir='ltr'><strong>semet</strong></span> 
     </span>
     <span class='ocr_line' id='line_1_13' title="bbox 239 1119 1669 1180; baseline -0.002 -15"><span class='ocrx_word' id='word_1_96' title='bbox 239 1125 386 1180; x_wconf 77' lang='lat' dir='ltr'><strong>ipsam,</strong></span> <span class='ocrx_word' id='word_1_97' title='bbox 419 1134 460 1164; x_wconf 88' lang='lat' dir='ltr'><strong>et</strong></span> <span class='ocrx_word' id='word_1_98' title='bbox 490 1122 567 1163; x_wconf 83' lang='lat' dir='ltr'><strong>ait:</strong></span> <span class='ocrx_word' id='word_1_99' title='bbox 609 1120 725 1173; x_wconf 86' lang='lat' dir='ltr'><strong>„nisi</strong></span> <span class='ocrx_word' id='word_1_100' title='bbox 741 1119 783 1177; x_wconf 83' lang='lat'><strong>⁴)</strong></span> <span class='ocrx_word' id='word_1_101' title='bbox 815 1120 1061 1173; x_wconf 76' lang='lat' dir='ltr'><strong>cognoveris</strong></span> <span class='ocrx_word' id='word_1_102' title='bbox 1091 1131 1223 1161; x_wconf 89' lang='lat' dir='ltr'><strong>temet</strong></span> <span class='ocrx_word' id='word_1_103' title='bbox 1247 1120 1441 1177; x_wconf 85' lang='lat' dir='ltr'><strong>ipsam:“</strong></span> <span class='ocrx_word' id='word_1_104' title='bbox 1479 1120 1562 1162; x_wconf 91' lang='lat' dir='ltr'><strong>hoc</strong></span> <span class='ocrx_word' id='word_1_105' title='bbox 1594 1132 1669 1172; x_wconf 87' lang='lat' dir='ltr'><strong>est,</strong></span> 
     </span>
     <span class='ocr_line' id='line_1_14' title="bbox 236 1198 1669 1257; baseline -0.001 -15"><span class='ocrx_word' id='word_1_106' title='bbox 236 1201 318 1242; x_wconf 90' lang='lat' dir='ltr'><strong>nisi</strong></span> <span class='ocrx_word' id='word_1_107' title='bbox 348 1217 426 1257; x_wconf 87' lang='lat' dir='ltr'><strong>per</strong></span> <span class='ocrx_word' id='word_1_108' title='bbox 454 1199 629 1252; x_wconf 75' lang='lat' dir='ltr'><strong>singula,</strong></span> <span class='ocrx_word' id='word_1_109' title='bbox 661 1214 766 1255; x_wconf 82' lang='lat' dir='ltr'><strong>quae</strong></span> <span class='ocrx_word' id='word_1_110' title='bbox 797 1215 922 1254; x_wconf 86' lang='lat' dir='ltr'><strong>supra</strong></span> <span class='ocrx_word' id='word_1_111' title='bbox 951 1198 1302 1248; x_wconf 81' lang='lat' dir='ltr'><strong>memoravimus,</strong></span> <span class='ocrx_word' id='word_1_112' title='bbox 1333 1198 1498 1240; x_wconf 82' lang='lat' dir='ltr'><strong>duxeris</strong></span> <span class='ocrx_word' id='word_1_113' title='bbox 1526 1215 1669 1241; x_wconf 90' lang='lat' dir='ltr'><strong>sensus</strong></span> 
     </span>
     <span class='ocr_line' id='line_1_15' title="bbox 238 1276 1670 1334; baseline -0.001 -14"><span class='ocrx_word' id='word_1_114' title='bbox 238 1292 356 1330; x_wconf 85' lang='lat' dir='ltr'><strong>tuos,</strong></span> <span class='ocrx_word' id='word_1_115' title='bbox 405 1289 446 1319; x_wconf 86' lang='lat' dir='ltr'><strong>et</strong></span> <span class='ocrx_word' id='word_1_116' title='bbox 478 1276 779 1318; x_wconf 83' lang='lat' dir='ltr'><strong>discretionem</strong></span> <span class='ocrx_word' id='word_1_117' title='bbox 818 1276 1083 1329; x_wconf 84' lang='lat' dir='ltr'><strong>singulormn</strong></span> <span class='ocrx_word' id='word_1_118' title='bbox 1121 1276 1328 1326; x_wconf 86' lang='lat' dir='ltr'><strong>tenueris,</strong></span> <span class='ocrx_word' id='word_1_119' title='bbox 1370 1294 1475 1334; x_wconf 80' lang='lat' dir='ltr'><strong>quae</strong></span> <span class='ocrx_word' id='word_1_120' title='bbox 1512 1279 1670 1332; x_wconf 83' lang='lat' dir='ltr'><strong>agenda</strong></span> 
     </span>
     <span class='ocr_line' id='line_1_16' title="bbox 237 1354 1669 1413; baseline -0.001 -14"><span class='ocrx_word' id='word_1_121' title='bbox 237 1358 340 1408; x_wconf 89' lang='lat' dir='ltr'><strong>sint,</strong></span> <span class='ocrx_word' id='word_1_122' title='bbox 382 1372 487 1413; x_wconf 86' lang='lat' dir='ltr'><strong>quae</strong></span> <span class='ocrx_word' id='word_1_123' title='bbox 520 1356 718 1406; x_wconf 83' lang='lat' dir='ltr'><strong>cavenda,</strong></span> <span class='ocrx_word' id='word_1_124' title='bbox 750 1355 852 1412; x_wconf 85' lang='lat' dir='ltr'><strong>quid</strong></span> <span class='ocrx_word' id='word_1_125' title='bbox 883 1354 991 1396; x_wconf 84' lang='lat' dir='ltr'><strong>desit</strong></span> <span class='ocrx_word' id='word_1_126' title='bbox 1018 1354 1110 1405; x_wconf 86' lang='lat' dir='ltr'><strong>tibi,</strong></span> <span class='ocrx_word' id='word_1_127' title='bbox 1143 1366 1183 1396; x_wconf 89' lang='lat' dir='ltr'><strong>et</strong></span> <span class='ocrx_word' id='word_1_128' title='bbox 1214 1355 1318 1411; x_wconf 90' lang='lat' dir='ltr'><strong>quid</strong></span> <span class='ocrx_word' id='word_1_129' title='bbox 1338 1356 1536 1408; x_wconf 87' lang='lat' dir='ltr'><strong>abundet,</strong></span> <span class='ocrx_word' id='word_1_130' title='bbox 1568 1356 1669 1413; x_wconf 85' lang='lat' dir='ltr'><strong>quid</strong></span> 
     </span>
     <span class='ocr_line' id='line_1_17' title="bbox 240 1433 1671 1490; baseline -0.001 -12"><span class='ocrx_word' id='word_1_131' title='bbox 240 1435 551 1479; x_wconf 81' lang='lat' dir='ltr'><strong>emendandum</strong></span> <span class='ocrx_word' id='word_1_132' title='bbox 590 1434 665 1484; x_wconf 87' lang='lat' dir='ltr'><strong>sit,</strong></span> <span class='ocrx_word' id='word_1_133' title='bbox 715 1433 869 1490; x_wconf 86' lang='lat' dir='ltr'><strong>quidve</strong></span> <span class='ocrx_word' id='word_1_134' title='bbox 908 1434 1179 1474; x_wconf 78' lang='lat' dir='ltr'><strong>servandum:</strong></span> <span class='ocrx_word' id='word_1_135' title='bbox 1227 1433 1301 1474; x_wconf 90' lang='lat' dir='ltr'><strong>sed</strong></span> <span class='ocrx_word' id='word_1_136' title='bbox 1331 1434 1364 1475; x_wconf 88' lang='lat' dir='ltr'><strong>si</strong></span> <span class='ocrx_word' id='word_1_137' title='bbox 1396 1435 1579 1476; x_wconf 86' lang='lat' dir='ltr'><strong>volueris</strong></span> <span class='ocrx_word' id='word_1_138' title='bbox 1609 1435 1671 1476; x_wconf 87' lang='lat' dir='ltr'><strong>in·</strong></span> 
     </span>
     <span class='ocr_line' id='line_1_18' title="bbox 241 1511 1673 1566; baseline -0.001 -10"><span class='ocrx_word' id='word_1_139' title='bbox 241 1515 490 1556; x_wconf 79' lang='lat' dir='ltr'><strong>differenter</strong></span> <span class='ocrx_word' id='word_1_140' title='bbox 520 1528 640 1566; x_wconf 80' lang='lat' dir='ltr'><strong>agere</strong></span> <span class='ocrx_word' id='word_1_141' title='bbox 671 1511 782 1552; x_wconf 85' lang='lat' dir='ltr'><strong>inter</strong></span> <span class='ocrx_word' id='word_1_142' title='bbox 813 1523 970 1552; x_wconf 81' lang='lat' dir='ltr'><strong>ceteras</strong></span> <span class='ocrx_word' id='word_1_143' title='bbox 998 1511 1155 1553; x_wconf 75' lang='lat' dir='ltr'><strong>animas</strong></span> <span class='ocrx_word' id='word_1_144' title='bbox 1187 1512 1423 1554; x_wconf 80' lang='lat' dir='ltr'><strong>communis</strong></span> <span class='ocrx_word' id='word_1_145' title='bbox 1454 1513 1562 1554; x_wconf 85' lang='lat' dir='ltr'><strong>vitae</strong></span> <span class='ocrx_word' id='word_1_146' title='bbox 1596 1513 1673 1554; x_wconf 86' lang='lat' dir='ltr'><strong>ho-</strong></span> 
     </span>
     <span class='ocr_line' id='line_1_19' title="bbox 238 1589 1671 1648; baseline 0 -15"><span class='ocrx_word' id='word_1_147' title='bbox 238 1592 416 1642; x_wconf 85' lang='lat' dir='ltr'><strong>minum,</strong></span> <span class='ocrx_word' id='word_1_148' title='bbox 449 1607 548 1647; x_wconf 84' lang='lat' dir='ltr'><strong>quas</strong></span> <span class='ocrx_word' id='word_1_149' title='bbox 579 1589 647 1630; x_wconf 81' lang='lat' dir='ltr'><strong>hic</strong></span> <span class='ocrx_word' id='word_1_150' title='bbox 678 1589 878 1630; x_wconf 87' lang='lat' dir='ltr'><strong>mulieres</strong></span> <span class='ocrx_word' id='word_1_151' title='bbox 909 1589 1110 1646; x_wconf 80' lang='lat' dir='ltr'><strong>appellat,</strong></span> <span class='ocrx_word' id='word_1_152' title='bbox 1145 1590 1256 1630; x_wconf 89' lang='lat' dir='ltr'><strong>inter</strong></span> <span class='ocrx_word' id='word_1_153' title='bbox 1287 1607 1388 1646; x_wconf 80' lang='lat' dir='ltr'><strong>quas</strong></span> <span class='ocrx_word' id='word_1_154' title='bbox 1418 1603 1465 1632; x_wconf 91' lang='lat' dir='ltr'><strong>tu</strong></span> <span class='ocrx_word' id='word_1_155' title='bbox 1494 1592 1671 1648; x_wconf 80' lang='lat' dir='ltr'><strong>pulchra</strong></span> 
     </span>
     <span class='ocr_line' id='line_1_20' title="bbox 240 1667 1673 1725; baseline -0.001 -13"><span class='ocrx_word' id='word_1_156' title='bbox 240 1689 296 1721; x_wconf 87' lang='lat' dir='ltr'><strong>es,</strong></span> <span class='ocrx_word' id='word_1_157' title='bbox 327 1680 477 1725; x_wconf 87' lang='lat' dir='ltr'><strong>utpote</strong></span> <span class='ocrx_word' id='word_1_158' title='bbox 511 1684 616 1725; x_wconf 81' lang='lat' dir='ltr'><strong>quae</strong></span> <span class='ocrx_word' id='word_1_159' title='bbox 645 1667 733 1725; x_wconf 75' lang='lat' dir='ltr'><strong>jam</strong></span> <span class='ocrx_word' id='word_1_160' title='bbox 762 1667 908 1708; x_wconf 78' lang='lat' dir='ltr'><strong>oscula</strong></span> <span class='ocrx_word' id='word_1_161' title='bbox 936 1667 1056 1709; x_wconf 77' lang='lat' dir='ltr'><strong>verbi</strong></span> <span class='ocrx_word' id='word_1_162' title='bbox 1084 1667 1170 1708; x_wconf 82' lang='lat' dir='ltr'><strong>Dei</strong></span> <span class='ocrx_word' id='word_1_163' title='bbox 1199 1670 1453 1725; x_wconf 86' lang='lat' dir='ltr'><strong>susceperis,</strong></span> <span class='ocrx_word' id='word_1_164' title='bbox 1486 1681 1526 1710; x_wconf 89' lang='lat' dir='ltr'><strong>et</strong></span> <span class='ocrx_word' id='word_1_165' title='bbox 1557 1671 1673 1712; x_wconf 85' lang='lat' dir='ltr'><strong>cubi-</strong></span> 
     </span>
     <span class='ocr_line' id='line_1_21' title="bbox 242 1745 1672 1805; baseline -0.001 -15"><span class='ocrx_word' id='word_1_166' title='bbox 242 1749 326 1790; x_wconf 88' lang='lat' dir='ltr'><strong>culi</strong></span> <span class='ocrx_word' id='word_1_167' title='bbox 358 1747 444 1805; x_wconf 77' lang='lat' dir='ltr'><strong>ejus</strong></span> <span class='ocrx_word' id='word_1_168' title='bbox 477 1763 626 1788; x_wconf 78' lang='lat' dir='ltr'><strong>arcana</strong></span> <span class='ocrx_word' id='word_1_169' title='bbox 666 1745 950 1802; x_wconf 86' lang='lat' dir='ltr'><strong>perspexeris:</strong></span> <span class='ocrx_word' id='word_1_170' title='bbox 995 1745 1049 1797; x_wconf 86' lang='lat' dir='ltr'><strong>si,</strong></span> <span class='ocrx_word' id='word_1_171' title='bbox 1088 1745 1284 1803; x_wconf 81' lang='lat' dir='ltr'><strong>inquam,</strong></span> <span class='ocrx_word' id='word_1_172' title='bbox 1326 1763 1413 1788; x_wconf 86' lang='lat' dir='ltr'><strong>non</strong></span> <span class='ocrx_word' id='word_1_173' title='bbox 1443 1758 1484 1788; x_wconf 88' lang='lat' dir='ltr'><strong>te</strong></span> <span class='ocrx_word' id='word_1_174' title='bbox 1516 1763 1672 1801; x_wconf 80' lang='lat' dir='ltr'><strong>cogno-</strong></span> 
     </span>
     <span class='ocr_line' id='line_1_22' title="bbox 239 1825 1670 1878; baseline -0.002 -8"><span class='ocrx_word' id='word_1_175' title='bbox 239 1828 362 1878; x_wconf 87' lang='lat' dir='ltr'><strong>veris,</strong></span> <span class='ocrx_word' id='word_1_176' title='bbox 393 1827 468 1867; x_wconf 82' lang='lat' dir='ltr'><strong>sed</strong></span> <span class='ocrx_word' id='word_1_177' title='bbox 497 1825 794 1867; x_wconf 85' lang='lat' dir='ltr'><strong>indifferenter</strong></span> <span class='ocrx_word' id='word_1_178' title='bbox 821 1836 869 1865; x_wconf 83' lang='lat' dir='ltr'><strong>ut</strong></span> <span class='ocrx_word' id='word_1_179' title='bbox 901 1841 1125 1866; x_wconf 88' lang='lat' dir='ltr'><strong>commune</strong></span> <span class='ocrx_word' id='word_1_180' title='bbox 1158 1825 1306 1878; x_wconf 88' lang='lat' dir='ltr'><strong>vulgus</strong></span> <span class='ocrx_word' id='word_1_181' title='bbox 1327 1841 1448 1878; x_wconf 83' lang='lat' dir='ltr'><strong>agere</strong></span> <span class='ocrx_word' id='word_1_182' title='bbox 1471 1825 1670 1877; x_wconf 84' lang='lat' dir='ltr'><strong>volueris,</strong></span> 
     </span>
     <span class='ocr_line' id='line_1_23' title="bbox 242 1902 1671 1961; baseline -0.001 -14"><span class='ocrx_word' id='word_1_183' title='bbox 242 1906 305 1947; x_wconf 85' lang='lat' dir='ltr'><strong>exi</strong></span> <span class='ocrx_word' id='word_1_184' title='bbox 335 1905 379 1946; x_wconf 84' lang='lat' dir='ltr'><strong>iu</strong></span> <span class='ocrx_word' id='word_1_185' title='bbox 410 1904 592 1957; x_wconf 83' lang='lat' dir='ltr'><strong>vestigiis</strong></span> <span class='ocrx_word' id='word_1_186' title='bbox 621 1919 815 1957; x_wconf 82' lang='lat' dir='ltr'><strong>gregum,</strong></span> <span class='ocrx_word' id='word_1_187' title='bbox 853 1902 899 1944; x_wconf 83' lang='lat' dir='ltr'><strong>id</strong></span> <span class='ocrx_word' id='word_1_188' title='bbox 930 1914 1010 1954; x_wconf 89' lang='lat' dir='ltr'><strong>est,</strong></span> <span class='ocrx_word' id='word_1_189' title='bbox 1055 1915 1143 1945; x_wconf 89' lang='lat' dir='ltr'><strong>esto</strong></span> <span class='ocrx_word' id='word_1_190' title='bbox 1175 1903 1220 1945; x_wconf 82' lang='lat' dir='ltr'><strong>in</strong></span> <span class='ocrx_word' id='word_1_191' title='bbox 1249 1904 1416 1961; x_wconf 89' lang='lat' dir='ltr'><strong>reliquo</strong></span> <span class='ocrx_word' id='word_1_192' title='bbox 1448 1920 1592 1957; x_wconf 85' lang='lat' dir='ltr'><strong>grege:</strong></span> <span class='ocrx_word' id='word_1_193' title='bbox 1637 1904 1671 1946; x_wconf 87' lang='lat' dir='ltr'><strong>si</strong></span> 
     </span>
     <span class='ocr_line' id='line_1_24' title="bbox 240 1981 1672 2039; baseline -0.001 -14"><span class='ocrx_word' id='word_1_194' title='bbox 240 1984 348 2026; x_wconf 87' lang='lat' dir='ltr'><strong>nihil</strong></span> <span class='ocrx_word' id='word_1_195' title='bbox 387 1982 599 2036; x_wconf 86' lang='lat' dir='ltr'><strong>egregium</strong></span> <span class='ocrx_word' id='word_1_196' title='bbox 628 1993 727 2039; x_wconf 88' lang='lat' dir='ltr'><strong>post</strong></span> <span class='ocrx_word' id='word_1_197' title='bbox 756 1981 859 2022; x_wconf 83' lang='lat' dir='ltr'><strong>haec</strong></span> <span class='ocrx_word' id='word_1_198' title='bbox 891 1982 1056 2033; x_wconf 85' lang='lat' dir='ltr'><strong>omnia,</strong></span> <span class='ocrx_word' id='word_1_199' title='bbox 1098 1999 1202 2039; x_wconf 85' lang='lat' dir='ltr'><strong>quae</strong></span> <span class='ocrx_word' id='word_1_200' title='bbox 1233 1982 1277 2024; x_wconf 90' lang='lat' dir='ltr'><strong>in</strong></span> <span class='ocrx_word' id='word_1_201' title='bbox 1306 1994 1347 2023; x_wconf 88' lang='lat' dir='ltr'><strong>te</strong></span> <span class='ocrx_word' id='word_1_202' title='bbox 1380 1981 1535 2024; x_wconf 84' lang='lat' dir='ltr'><strong>collata</strong></span> <span class='ocrx_word' id='word_1_203' title='bbox 1562 1994 1672 2033; x_wconf 89' lang='lat' dir='ltr'><strong>sunt,</strong></span> 
     </span>
     <span class='ocr_line' id='line_1_25' title="bbox 241 2059 1673 2118; baseline -0.002 -14"><span class='ocrx_word' id='word_1_204' title='bbox 241 2063 345 2115; x_wconf 81' lang='lat' dir='ltr'><strong>agis,</strong></span> <span class='ocrx_word' id='word_1_205' title='bbox 382 2077 519 2118; x_wconf 89' lang='lat' dir='ltr'><strong>neque</strong></span> <span class='ocrx_word' id='word_1_206' title='bbox 549 2072 684 2102; x_wconf 87' lang='lat' dir='ltr'><strong>temet</strong></span> <span class='ocrx_word' id='word_1_207' title='bbox 712 2059 849 2117; x_wconf 83' lang='lat' dir='ltr'><strong>ipsam</strong></span> <span class='ocrx_word' id='word_1_208' title='bbox 881 2076 1137 2114; x_wconf 86' lang='lat' dir='ltr'><strong>cognoscens</strong></span> <span class='ocrx_word' id='word_1_209' title='bbox 1168 2078 1191 2102; x_wconf 82' lang='lat' dir='ltr'>a</span> <span class='ocrx_word' id='word_1_210' title='bbox 1224 2061 1542 2102; x_wconf 85' lang='lat' dir='ltr'><strong>conversatione</strong></span> <span class='ocrx_word' id='word_1_211' title='bbox 1583 2076 1673 2114; x_wconf 85' lang='lat' dir='ltr'><strong>gre-</strong></span> 
     </span>
     <span class='ocr_line' id='line_1_26' title="bbox 239 2138 1671 2196; baseline -0.001 -15"><span class='ocrx_word' id='word_1_212' title='bbox 239 2141 323 2194; x_wconf 84' lang='lat' dir='ltr'><strong>gali</strong></span> <span class='ocrx_word' id='word_1_213' title='bbox 353 2138 690 2196; x_wconf 84' lang='lat' dir='ltr'><strong>sequestraveris.</strong></span> <span class='ocrx_word' id='word_1_214' title='bbox 749 2138 807 2179; x_wconf 90' lang='lat' dir='ltr'><strong>Et</strong></span> <span class='ocrx_word' id='word_1_215' title='bbox 838 2138 916 2179; x_wconf 87' lang='lat' dir='ltr'><strong>eris</strong></span> <span class='ocrx_word' id='word_1_216' title='bbox 946 2155 1035 2180; x_wconf 89' lang='lat' dir='ltr'><strong>non</strong></span> <span class='ocrx_word' id='word_1_217' title='bbox 1063 2139 1205 2179; x_wconf 91' lang='lat' dir='ltr'><strong>solum</strong></span> <span class='ocrx_word' id='word_1_218' title='bbox 1248 2138 1291 2179; x_wconf 85' lang='lat' dir='ltr'><strong>in</strong></span> <span class='ocrx_word' id='word_1_219' title='bbox 1330 2154 1474 2191; x_wconf 89' lang='lat' dir='ltr'><strong>grege,</strong></span> <span class='ocrx_word' id='word_1_220' title='bbox 1514 2139 1588 2179; x_wconf 84' lang='lat' dir='ltr'><strong>sed</strong></span> <span class='ocrx_word' id='word_1_221' title='bbox 1628 2139 1671 2179; x_wconf 88' lang='lat' dir='ltr'><strong>in</strong></span> 
     </span>
     <span class='ocr_line' id='line_1_27' title="bbox 240 2215 1672 2272; baseline -0.001 -14"><span class='ocrx_word' id='word_1_222' title='bbox 240 2217 422 2270; x_wconf 79' lang='lat' dir='ltr'><strong>vestigiis</strong></span> <span class='ocrx_word' id='word_1_223' title='bbox 461 2232 644 2270; x_wconf 86' lang='lat' dir='ltr'><strong>gregum.</strong></span> <span class='ocrx_word' id='word_1_224' title='bbox 704 2215 894 2257; x_wconf 89' lang='lat' dir='ltr'><strong>Ultimus</strong></span> <span class='ocrx_word' id='word_1_225' title='bbox 933 2216 1049 2257; x_wconf 84' lang='lat' dir='ltr'><strong>enim</strong></span> <span class='ocrx_word' id='word_1_226' title='bbox 1084 2216 1159 2256; x_wconf 82' lang='lat' dir='ltr'><strong>fiet</strong></span> <span class='ocrx_word' id='word_1_227' title='bbox 1199 2227 1240 2257; x_wconf 91' lang='lat' dir='ltr'><strong>et</strong></span> <span class='ocrx_word' id='word_1_228' title='bbox 1279 2216 1552 2266; x_wconf 86' lang='lat' dir='ltr'><strong>novissimus,</strong></span> <span class='ocrx_word' id='word_1_229' title='bbox 1600 2216 1672 2272; x_wconf 81' lang='lat' dir='ltr'><strong>qui</strong></span> 
     </span>
     <span class='ocr_line' id='line_1_28' title="bbox 237 2283 1671 2353; baseline 0.001 -17"><span class='ocrx_word' id='word_1_230' title='bbox 237 2295 442 2352; x_wconf 84' lang='lat' dir='ltr'><strong>primatus</strong></span> <span class='ocrx_word' id='word_1_231' title='bbox 473 2311 571 2336; x_wconf 91' lang='lat' dir='ltr'><strong>suos</strong></span> <span class='ocrx_word' id='word_1_232' title='bbox 592 2283 689 2336; x_wconf 40' lang='lat' dir='ltr'><strong>&#39;non</strong></span> <span class='ocrx_word' id='word_1_233' title='bbox 719 2293 989 2335; x_wconf 87' lang='lat' dir='ltr'><strong>intellexerit.</strong></span> <span class='ocrx_word' id='word_1_234' title='bbox 1034 2293 1090 2334; x_wconf 89' lang='lat' dir='ltr'><strong>Et</strong></span> <span class='ocrx_word' id='word_1_235' title='bbox 1114 2295 1169 2335; x_wconf 90' lang='lat' dir='ltr'><strong>ob</strong></span> <span class='ocrx_word' id='word_1_236' title='bbox 1187 2293 1284 2345; x_wconf 88' lang='lat' dir='ltr'><strong>hoc,</strong></span> <span class='ocrx_word' id='word_1_237' title='bbox 1315 2295 1389 2335; x_wconf 86' lang='lat' dir='ltr'><strong>uhi</strong></span> <span class='ocrx_word' id='word_1_238' title='bbox 1420 2294 1562 2353; x_wconf 59' lang='lat' dir='ltr'><strong>jam-5)</strong></span> <span class='ocrx_word' id='word_1_239' title='bbox 1592 2295 1671 2337; x_wconf 86' lang='lat' dir='ltr'><strong>sci-</strong></span> 
     </span>
    </p>
   </div>
   <div class='ocr_carea' id='block_1_3' title="bbox 244 2371 1670 2426">
    <p class='ocr_par' dir='ltr' id='par_1_3' title="bbox 244 2371 1670 2426">
     <span class='ocr_line' id='line_1_29' title="bbox 244 2371 1670 2426; baseline -0.001 -11"><span class='ocrx_word' id='word_1_240' title='bbox 244 2372 399 2415; x_wconf 83' lang='lat' dir='ltr'><strong>entiam</strong></span> <span class='ocrx_word' id='word_1_241' title='bbox 428 2373 672 2426; x_wconf 85' lang='lat' dir='ltr'><strong>neglexerit,</strong></span> <span class='ocrx_word' id='word_1_242' title='bbox 702 2389 872 2415; x_wconf 86' lang='lat' dir='ltr'><strong>necesse</strong></span> <span class='ocrx_word' id='word_1_243' title='bbox 895 2384 968 2424; x_wconf 88' lang='lat' dir='ltr'><strong>est,</strong></span> <span class='ocrx_word' id='word_1_244' title='bbox 1002 2384 1048 2413; x_wconf 87' lang='lat' dir='ltr'><strong>ut</strong></span> <span class='ocrx_word' id='word_1_245' title='bbox 1069 2371 1392 2415; x_wconf 77' lang='lat' dir='ltr'><strong>circumferatur</strong></span> <span class='ocrx_word' id='word_1_246' title='bbox 1408 2373 1525 2415; x_wconf 88' lang='lat' dir='ltr'><strong>omni</strong></span> <span class='ocrx_word' id='word_1_247' title='bbox 1544 2384 1670 2415; x_wconf 85' lang='lat' dir='ltr'><strong>vento</strong></span> 
     </span>
    </p>
   </div>
   <div class='ocr_carea' id='block_1_4' title="bbox 359 2533 943 2592">
    <p class='ocr_par' dir='ltr' id='par_1_4' title="bbox 359 2533 943 2592">
     <span class='ocr_line' id='line_1_30' title="bbox 359 2533 943 2592; baseline 0 -16"><span class='ocrx_word' id='word_1_248' title='bbox 359 2535 398 2592; x_wconf 92' lang='lat'><strong>¹)</strong></span> <span class='ocrx_word' id='word_1_249' title='bbox 428 2533 538 2577; x_wconf 85' lang='lat' dir='ltr'><strong>Edd.</strong></span> <span class='ocrx_word' id='word_1_250' title='bbox 569 2536 630 2578; x_wconf 91' lang='lat' dir='ltr'><strong>M.</strong></span> <span class='ocrx_word' id='word_1_251' title='bbox 659 2541 943 2589; x_wconf 78' lang='lat' dir='ltr'><strong>„agnoscat.“</strong></span> 
     </span>
    </p>
   </div>
   <div class='ocr_carea' id='block_1_5' title="bbox 235 2604 1671 2818">
    <p class='ocr_par' dir='ltr' id='par_1_5' title="bbox 235 2604 1671 2818">
     <span class='ocr_line' id='line_1_31' title="bbox 351 2604 1671 2663; baseline 0 -17"><span class='ocrx_word' id='word_1_252' title='bbox 351 2605 395 2662; x_wconf 82' lang='lat'><strong>²)</strong></span> <span class='ocrx_word' id='word_1_253' title='bbox 426 2604 545 2646; x_wconf 86' lang='lat' dir='ltr'><strong>Libri</strong></span> <span class='ocrx_word' id='word_1_254' title='bbox 574 2617 695 2648; x_wconf 83' lang='lat' dir='ltr'><strong>antea</strong></span> <span class='ocrx_word' id='word_1_255' title='bbox 727 2606 830 2647; x_wconf 89' lang='lat' dir='ltr'><strong>editi</strong></span> <span class='ocrx_word' id='word_1_256' title='bbox 861 2606 920 2662; x_wconf 85' lang='lat' dir='ltr'><strong>(v.</strong></span> <span class='ocrx_word' id='word_1_257' title='bbox 952 2622 986 2648; x_wconf 83' lang='lat' dir='ltr'><strong>e.</strong></span> <span class='ocrx_word' id='word_1_258' title='bbox 1021 2607 1118 2649; x_wconf 77' lang='lat' dir='ltr'><strong>edd.</strong></span> <span class='ocrx_word' id='word_1_259' title='bbox 1149 2606 1258 2663; x_wconf 84' lang='lat' dir='ltr'>M.):</span> <span class='ocrx_word' id='word_1_260' title='bbox 1304 2621 1391 2656; x_wconf 81' lang='lat' dir='ltr'><strong>„an</strong></span> <span class='ocrx_word' id='word_1_261' title='bbox 1421 2604 1546 2647; x_wconf 83' lang='lat' dir='ltr'><strong>facile</strong></span> <span class='ocrx_word' id='word_1_262' title='bbox 1578 2622 1671 2647; x_wconf 85' lang='lat' dir='ltr'><strong>mo-</strong></span> 
     </span>
     <span class='ocr_line' id='line_1_32' title="bbox 235 2661 1668 2721; baseline 0.001 -19"><span class='ocrx_word' id='word_1_263' title='bbox 235 2672 384 2702; x_wconf 76' lang='lat' dir='ltr'><strong>veatur</strong></span> <span class='ocrx_word' id='word_1_264' title='bbox 414 2661 699 2720; x_wconf 85' lang='lat' dir='ltr'><strong>cujuscunque</strong></span> <span class='ocrx_word' id='word_1_265' title='bbox 730 2662 970 2704; x_wconf 80' lang='lat' dir='ltr'><strong>verisimilis</strong></span> <span class='ocrx_word' id='word_1_266' title='bbox 1015 2662 1202 2721; x_wconf 89' lang='lat' dir='ltr'><strong>judicio,</strong></span> <span class='ocrx_word' id='word_1_267' title='bbox 1244 2674 1285 2704; x_wconf 91' lang='lat' dir='ltr'><strong>et</strong></span> <span class='ocrx_word' id='word_1_268' title='bbox 1315 2662 1353 2703; x_wconf 91' lang='lat' dir='ltr'><strong>ei</strong></span> <span class='ocrx_word' id='word_1_269' title='bbox 1383 2663 1668 2719; x_wconf 87' lang='lat' dir='ltr'><strong>subrepatur“</strong></span> 
     </span>
     <span class='ocr_line' id='line_1_33' title="bbox 236 2718 1667 2777; baseline 0.001 -18"><span class='ocrx_word' id='word_1_270' title='bbox 236 2719 354 2774; x_wconf 84' lang='lat' dir='ltr'><strong>(edd.</strong></span> <span class='ocrx_word' id='word_1_271' title='bbox 386 2718 585 2760; x_wconf 88' lang='lat' dir='ltr'><strong>Merlini:</strong></span> <span class='ocrx_word' id='word_1_272' title='bbox 619 2731 669 2760; x_wconf 90' lang='lat' dir='ltr'><strong>et</strong></span> <span class='ocrx_word' id='word_1_273' title='bbox 697 2732 946 2776; x_wconf 84' lang='lat' dir='ltr'><strong>surrepat</strong></span> <span class='ocrx_word' id='word_1_274' title='bbox 959 2736 1018 2760; x_wconf 87' lang='lat' dir='ltr'><strong>ur</strong></span> <span class='ocrx_word' id='word_1_275' title='bbox 1053 2720 1131 2777; x_wconf 88' lang='lat' dir='ltr'><strong>ei)</strong></span> <span class='ocrx_word' id='word_1_276' title='bbox 1163 2730 1301 2770; x_wconf 81' lang='lat' dir='ltr'><strong>„arte,</strong></span> <span class='ocrx_word' id='word_1_277' title='bbox 1332 2719 1399 2761; x_wconf 84' lang='lat' dir='ltr'><strong>vel</strong></span> <span class='ocrx_word' id='word_1_278' title='bbox 1430 2718 1667 2761; x_wconf 76' lang='lat' dir='ltr'><strong>suavitate“</strong></span> 
     </span>
     <span class='ocr_line' id='line_1_34' title="bbox 236 2775 1207 2818; baseline 0.003 -3"><span class='ocrx_word' id='word_1_279' title='bbox 236 2787 312 2817; x_wconf 89' lang='lat' dir='ltr'><strong>etc.</strong></span> <span class='ocrx_word' id='word_1_280' title='bbox 375 2775 474 2817; x_wconf 88' lang='lat' dir='ltr'><strong>Mss.</strong></span> <span class='ocrx_word' id='word_1_281' title='bbox 505 2788 554 2816; x_wconf 89' lang='lat' dir='ltr'><strong>ut</strong></span> <span class='ocrx_word' id='word_1_282' title='bbox 583 2778 626 2817; x_wconf 88' lang='lat' dir='ltr'><strong>in</strong></span> <span class='ocrx_word' id='word_1_283' title='bbox 655 2788 803 2817; x_wconf 90' lang='lat' dir='ltr'><strong>nostro</strong></span> <span class='ocrx_word' id='word_1_284' title='bbox 832 2788 961 2818; x_wconf 80' lang='lat' dir='ltr'><strong>textu.</strong></span> <span class='ocrx_word' id='word_1_285' title='bbox 1023 2778 1207 2818; x_wconf 78' lang='lat' dir='ltr'><strong>Ruaeus.</strong></span> 
     </span>
    </p>
   </div>
   <div class='ocr_carea' id='block_1_6' title="bbox 351 2846 1447 2974">
    <p class='ocr_par' dir='ltr' id='par_1_6' title="bbox 351 2846 1447 2974">
     <span class='ocr_line' id='line_1_35' title="bbox 351 2846 1447 2904; baseline -0.001 -17"><span class='ocrx_word' id='word_1_286' title='bbox 351 2846 394 2902; x_wconf 79' lang='lat'><strong>3)</strong></span> <span class='ocrx_word' id='word_1_287' title='bbox 424 2846 534 2888; x_wconf 86' lang='lat' dir='ltr'><strong>Edd.</strong></span> <span class='ocrx_word' id='word_1_288' title='bbox 564 2847 627 2888; x_wconf 87' lang='lat' dir='ltr'><strong>M.</strong></span> <span class='ocrx_word' id='word_1_289' title='bbox 658 2854 957 2899; x_wconf 83' lang='lat' dir='ltr'><strong>‚‚cognoscat.“</strong></span> <span class='ocrx_word' id='word_1_290' title='bbox 1081 2847 1124 2904; x_wconf 80' lang='lat'><strong>⁴¹)</strong></span> <span class='ocrx_word' id='word_1_291' title='bbox 1157 2846 1314 2889; x_wconf 82' lang='lat' dir='ltr'><strong>Cantic.</strong></span> <span class='ocrx_word' id='word_1_292' title='bbox 1345 2847 1379 2899; x_wconf 79' lang='lat' dir='ltr'><strong>I,</strong></span> <span class='ocrx_word' id='word_1_293' title='bbox 1409 2847 1447 2891; x_wconf 78' lang='grc'><strong>8.</strong></span> 
     </span>
     <span class='ocr_line' id='line_1_36' title="bbox 351 2916 1094 2974; baseline 0.003 -16"><span class='ocrx_word' id='word_1_294' title='bbox 351 2918 394 2973; x_wconf 76' lang='lat'><strong>5)</strong></span> <span class='ocrx_word' id='word_1_295' title='bbox 426 2917 557 2958; x_wconf 89' lang='lat' dir='ltr'><strong>Deest</strong></span> <span class='ocrx_word' id='word_1_296' title='bbox 590 2916 744 2974; x_wconf 80' lang='lat' dir='ltr'><strong>„jam“</strong></span> <span class='ocrx_word' id='word_1_297' title='bbox 779 2917 821 2959; x_wconf 81' lang='lat' dir='ltr'><strong>in</strong></span> <span class='ocrx_word' id='word_1_298' title='bbox 848 2919 912 2960; x_wconf 86' lang='lat' dir='ltr'><strong>ed.</strong></span> <span class='ocrx_word' id='word_1_299' title='bbox 944 2917 1094 2960; x_wconf 75' lang='lat' dir='ltr'><strong>Ruaei.</strong></span> 
     </span>
    </p>
   </div>
  </div>
 </body>
</html>
