1759 3134
243 140 326 186 364
535 143 754 180 (mim-:MS
784 152 828 180 m
862 139 1042 180 Cmric.
1076 138 1376 180 CANTmormm

245 254 396 296 finibus
428 251 621 308 terrae1)
653 251 768 309 quasi
799 251 840 293 in
870 251 1023 292 ultimo
1055 250 1204 307 posita.
1252 250 1490 292 Invenimus
1521 264 1657 294 autem

243 331 364 390 hujus
395 331 523 388 ipsius
561 329 728 384 reginae
770 329 893 371 etiam
924 328 1160 384 Josephum
1200 327 1243 369 in
1280 328 1452 370 historia
1491 346 1564 372 sua
1603 332 1661 371 fa-

244 426 337 452 cere
368 408 650 460 mentionem,
691 408 915 450 addentem
947 405 1071 448 etiam
1101 406 1203 456 hoc,
1244 407 1358 462 quod
1387 419 1659 465 posteaquam

242 487 479 543 regressa²)
511 490 591 538 est,
633 485 790 543 inquit,
831 502 852 527 a
884 485 1137 533 Salomone,
1177 483 1401 542 Cambyses
1439 500 1510 526 rex
1540 485 1661 527 mira-

241 576 306 606 tus
338 563 425 623 ejus
455 562 723 621 sapientiam,
771 579 895 620 quam
938 560 1026 602 sine
1066 559 1197 601 dubio
1239 576 1288 601 ex
1318 561 1560 604 Salomonis
1601 579 1661 604 sa-

243 642 401 700 pientia
438 653 701 699 susceperat,
750 638 1139 694 cognominavit3),
1187 637 1342 695 inquit,
1387 655 1542 681 nomen
1575 640 1662 699 ejus

242 720 434 762 Meroen.
493 720 643 762 Refert
673 730 834 767 autem,
865 718 980 774 quod
1010 732 1095 758 non
1127 716 1266 757 solum
1290 716 1557 774 Aethiopiae,
1586 719 1661 760 sed

241 809 282 838 ct
299 797 342 855 ⁴)
373 796 554 856 Aegypti
584 812 758 850 regnum
788 795 982 837 tenuerit.
1034 795 1251 837 Addemus
1283 805 1423 836 autem
1456 795 1591 836 adhuc
1622 806 1664 836 et

241 891 309 925 ea,
355 891 460 933 quae
501 873 545 915 in
585 873 839 928 sexagesimo
880 872 1061 929 septimo
1101 872 1264 930 psalmo
1306 872 1358 913 de
1398 873 1474 914 hac
1516 874 1661 915 eadem

241 953 380 994 forma
417 952 699 994 continentur.
765 950 839 992 Ait
887 967 984 1005 ergo
1038 950 1121 992 ibi:
1168 951 1394 1008 „disperge
1418 951 1459 1005 5)
1507 962 1662 1004 gentes,

241 1046 346 1088 quae
376 1030 489 1072 bella
527 1030 680 1070 volunt
694 1028 757 1085 ⁶),
799 1040 839 1069 et
869 1027 1040 1070 veniant
1082 1028 1207 1082 legati
1249 1045 1295 1069 ex
1326 1030 1542 1087 Aegypto,
1580 1030 1662 1070 Ae-

239 1107 403 1164 thiopia
431 1107 675 1164 praeveniet
708 1123 854 1147 manus
887 1104 973 1163 ejus
1001 1106 1111 1147 Deo.
1170 1107 1314 1159 Regna
1332 1107 1372 1163 ⁷)
1403 1118 1538 1148 terrae
1570 1123 1664 1148 can-

238 1195 323 1225 tate
360 1184 480 1234 Deo,
529 1184 699 1241 psallite
746 1182 999 1224 Domino!“
1066 1183 1142 1224 Est
1165 1183 1206 1240 8)
1248 1184 1383 1225 adhuc
1431 1195 1579 1239 quarto
1618 1184 1662 1225 in

239 1261 339 1302 loeo
378 1262 491 1318 apud
530 1260 793 1318 Sophoniam
833 1259 1088 1317 prophetam
1128 1261 1180 1302 de
1230 1261 1306 1302 hac
1350 1261 1496 1302 eadem
1533 1261 1663 1314 figura

239 1339 320 1380 hoc
349 1340 482 1380 modo
514 1338 718 1395 scriptum
736 1339 799 1396 ⁹):
842 1349 1109 1395 „propterea
1138 1339 1205 1395 ¹⁰)
1236 1339 1392 1381 sustine
1431 1356 1520 1390 me,
1560 1339 1662 1381 dicit

237 1416 470 1466 Dominus,
516 1416 558 1457 in
590 1416 659 1458 die
699 1415 1018 1458 resurrectionis
1047 1432 1190 1466 meae,
1238 1416 1280 1457 in
1310 1417 1534 1475 martyrio,
1580 1417 1663 1459 hoc

239 1505 321 1544 est,
362 1493 404 1534 in
442 1494 712 1545 testimonio,
755 1494 955 1551 quoniam
994 1493 1200 1553 judicium
1236 1511 1380 1536 meum
1421 1507 1482 1536 est
1506 1495 1574 1549 ¹¹)
1610 1496 1661 1537 ad

239 1571 581 1625 congregationes
614 1572 826 1625 gentium,
859 1584 906 1613 ut
934 1571 1161 1628 suscipiam
1191 1589 1329 1626 reges,
1373 1584 1414 1614 et
1445 1573 1661 1614 effundam

236 1665 364 1706 super
396 1665 468 1691 eos
500 1666 670 1692 omnem
702 1649 806 1692 iram
846 1648 1142 1703 indignationis
1187 1666 1318 1692 meae.
1379 1651 1428 1692 In
1458 1651 1551 1704 igne
1581 1652 1662 1693 zeli

236 1726 321 1768 mei
353 1740 625 1770 consumetur
656 1727 792 1770 omnis
837 1740 958 1770 terra.
1021 1727 1239 1783 Quoniam
1278 1740 1378 1769 tunc
1418 1741 1660 1771 convertam

237 1804 278 1846 in
318 1805 491 1863 populis
532 1805 717 1860 linguam
768 1806 810 1847 in
858 1806 1171 1860 generationem
1224 1805 1334 1863 ejus,
1378 1817 1424 1846 ut
1464 1806 1661 1849 invocent

237 1900 382 1925 omnes
412 1901 568 1926 nornen
598 1883 799 1935 Domini,
832 1895 873 1925 et
904 1884 1087 1927 serviant
1118 1883 1157 1925 ei
1189 1885 1266 1926 sub
1299 1883 1396 1942 jugo
1428 1902 1527 1927 uno.
1592 1886 1660 1926 De

352 2074 392 2130 ¹)
422 2075 529 2117 Edd.
561 2076 756 2119 Merlini:
788 2089 944 2129 terrae,
977 2092 1082 2133 quae
1111 2075 1165 2117 sit
1195 2075 1237 2117 in
1267 2077 1420 2119 ultimo
1451 2079 1600 2135 posita.

349 2145 391 2200 ²)
422 2146 530 2187 Edd.
570 2146 765 2188 Merlini:
812 2164 973 2200 egressa
1017 2158 1100 2197 est,
1143 2146 1303 2202 inquit,
1349 2164 1371 2188 a
1409 2149 1655 2202 Salomone,

233 2218 329 2243 cum
359 2202 551 2253 abiisset,
583 2220 655 2244 rex
687 2215 794 2245 esset
821 2204 995 2246 miratus
1027 2203 1114 2261 ejus
1146 2214 1222 2244 etc.

348 2272 391 2328 ³)
421 2273 531 2314 Edd.
565 2273 626 2314 M.
657 2274 909 2326 „cognovit,
940 2274 1133 2330 inquam,
1162 2290 1319 2315 nomen
1353 2273 1440 2334 ejus
1464 2277 1656 2319 Meroe.“

349 2342 390 2399 ⁴)
421 2343 556 2395 Deest
585 2350 700 2394 „et“
731 2344 774 2385 in
807 2345 901 2386 edd.
934 2345 995 2386 M.

349 2415 392 2470 ⁵)
424 2414 510 2456 Cfr.
541 2414 695 2458 Psalm.
726 2416 923 2467 LXVIII,
955 2414 1152 2460 30—32.
1186 2417 1401 2474 (LXVII.)

347 2485 391 2541 6)
423 2486 532 2528 Edd.
564 2486 759 2528 Merlini:
793 2487 963 2529 volunt:
996 2487 1165 2529 venient
1195 2488 1320 2541 legati
1351 2500 1429 2534 etc.

348 2556 390 2613 ⁷)
421 2556 587 2598 Desunt
615 2559 763 2600 verba:
797 2559 971 2612 „Regna
993 2584 1041 2591 —
1062 2558 1182 2610 Deo,
1212 2558 1379 2615 psallite
1409 2560 1600 2604 Domino
1614 2569 1654 2615 ,“

231 2612 275 2656 in
305 2614 400 2656 edd.
431 2613 495 2655 Μ.

347 2684 391 2742 8)
423 2684 533 2727 Edd.
563 2683 625 2726 M.
657 2682 750 2735 „Et
779 2685 947 2727 adhuc“
979 2696 1056 2727 etc.

347 2754 390 2812 9)
421 2753 530 2796 Edd.
560 2755 622 2798 M.
653 2755 894 2813 „scriptum
924 2761 1032 2799 est.“

322 2826 392 2883 ¹⁰)
424 2825 513 2868 Cfr.
544 2825 731 2882 Zephan.
763 2827 843 2877 III,
872 2826 1043 2871 8—11.

322 2896 391 2953 ¹¹)
420 2895 529 2938 Edd.
561 2897 622 2939 M.
654 2927 679 2948 „
694 2907 776 2939 est:
811 2909 851 2939 et
882 2897 1224 2953 congregationes
1236 2905 1261 2925 “
1293 2911 1370 2942 etc.
