1759 3134
235 129 316 174 162
641 127 861 170 Omomus
890 140 935 170 m
966 127 1258 171 Ezsscummm

237 253 278 283 et
306 240 564 288 Dominum,
595 241 818 295 prophetia
848 241 962 282 testis
995 252 1077 292 est,
1108 241 1272 282 dicens:
1310 242 1592 291 „adstiterunt
1617 244 1658 299 ¹)

238 335 353 373 reges
384 330 540 367 terrae,
580 329 621 357 et
659 317 870 373 principes
913 331 1199 359 convenerunt
1232 319 1272 359 in
1302 335 1432 358 unum
1464 319 1658 359 adversus

237 395 497 445 Dominum,
531 406 573 435 et
601 395 797 436 adversus
829 396 1039 437 Christum
1071 395 1199 452 ejus.“
1260 395 1382 436 Unde
1413 408 1454 436 et
1484 396 1583 436 alibi
1615 396 1656 435 in

238 472 415 515 Psalmis
444 472 659 513 scribitur:
700 489 812 525 „ego
837 474 880 530 ²)
913 474 1017 514 dixi:
1064 474 1121 513 dii
1154 473 1271 522 estis,
1312 485 1352 513 et
1390 473 1467 513 {ilii
1508 473 1658 513 excelsi

241 566 398 593 omnes.
456 550 543 590 Vos
581 562 720 590 autem
762 562 807 590 ut
848 551 1038 591 homines
1079 550 1343 600 moriemini,
1382 562 1423 590 et
1463 562 1659 605 tanquam

239 645 345 669 unus
383 628 435 668 de
471 626 733 682 principibus
765 628 960 668 cadetis.“
1019 628 1073 668 Et
1105 639 1164 667 est
1195 627 1254 667 ibi
1284 643 1422 667 sermo
1455 627 1506 667 de
1537 627 1659 666 nullo

239 705 405 762 penitus
434 703 626 759 principe
661 704 886 759 corporali.
945 705 989 746 Si
1021 705 1148 757 igitur
1179 717 1237 745 est
1270 705 1438 760 quidam
1464 704 1660 759 princeps

240 783 355 836 regni
386 782 622 830 Persarum,
653 781 686 821 si
719 793 779 822 est
809 781 1004 836 princeps
1030 782 1309 822 Israelitarum
1331 781 1530 830 Michael,
1562 797 1662 820 con-

240 871 464 916 sequenter
495 869 536 898 et
566 858 665 916 Tyri
697 858 892 914 princeps
924 870 1007 899 est:
1049 871 1088 899 et
1131 860 1182 899 de
1222 859 1283 899 his
1320 874 1431 898 nunc
1460 857 1662 913 principi·

239 939 318 978 bus
354 935 628 992 propheticus
665 951 802 975 sermo
842 935 1041 990 loquitur.
1104 936 1319 989 Quoniam
1360 947 1498 976 autem
1535 946 1575 974 et
1609 935 1662 974 de

240 1015 364 1055 Mose
395 1012 682 1054 testimonium
712 1012 898 1067 polliciti
927 1029 1092 1063 sumus,
1132 1014 1340 1063 ausculta,
1382 1013 1497 1068 quod
1526 1011 1662 1067 sequi-

241 1104 331 1133 tur:
369 1091 573 1146 „quando
599 1089 640 1143 ³)
683 1089 895 1130 dividebat
927 1090 1167 1131 Altissimus
1207 1101 1369 1142 gentes,
1409 1106 1505 1130 cum
1536 1089 1664 1129 dissc-

240 1167 416 1209 minavit
443 1167 558 1207 filios
585 1166 746 1215 Adam,
784 1166 927 1206 statuit
964 1167 1066 1206 sines
1104 1166 1291 1218 gentium
1327 1167 1557 1206 secundum
1587 1183 1664 1206 nu-

240 1261 405 1285 merum
445 1243 690 1296 angelorum
721 1242 860 1292 Dei,“
899 1242 1014 1292 sive,
1050 1267 1100 1274 --
1139 1254 1187 1282 ut
1227 1242 1379 1282 melius
1418 1243 1565 1292 habet,
1611 1267 1662 1274 —

241 1322 509 1373 „secundum
547 1336 769 1360 numerum
812 1319 1000 1360 filiorum
1041 1319 1189 1360 Israel:
1239 1331 1279 1360 et
1318 1320 1427 1360 facta
1470 1331 1530 1360 est
1569 1335 1665 1375 pars

240 1397 420 1439 Domini
456 1397 646 1453 populus
683 1395 770 1453 ejus
809 1397 985 1437 Jacob.“
1042 1396 1129 1436 Alii
1150 1396 1193 1452 ⁴)
1231 1395 1415 1452 principi
1457 1398 1563 1438 facta
1602 1408 1664 1438 est

242 1491 338 1531 pars
367 1475 522 1532 Tyrus,
559 1473 630 1514 alii
668 1473 883 1530 Babylon,
924 1473 1016 1514 aliis
1054 1473 1158 1514 aliae
1196 1473 1406 1514 nationes:
1445 1485 1570 1529 atque
1607 1474 1666 1514 ita

242 1552 286 1598 in
324 1552 434 1592 hunc
469 1551 648 1592 modum
684 1550 897 1606 principes
932 1552 1212 1606 possederunt
1250 1566 1395 1592 omnes
1435 1551 1537 1592 fines
1567 1567 1665 1603 gen-

243 1629 364 1670 tium.
422 1628 469 1671 Si
507 1627 599 1683 quis
636 1638 775 1668 autem
815 1639 933 1683 putat
965 1628 1103 1679 legens
1129 1627 1173 1667 in
1205 1627 1436 1682 Scripturis
1463 1629 1580 1684 quasi
1610 1630 1664 1671 de

243 1705 486 1747 hominibus
515 1704 696 1754 dictum,
735 1704 942 1756 intelligat
979 1704 1105 1745 altius
1132 1704 1381 1759 spiritualis,
1420 1717 1462 1745 et
1491 1721 1513 1746 a
1542 1706 1664 1746 nullo

243 1782 463 1840 judicatus.
533 1781 852 1834 Dignoscuntur
893 1780 1006 1822 enim
1044 1782 1249 1838 quaedam
1289 1782 1340 1821 de
1379 1782 1667 1822 Nabuchodo-

245 1877 375 1901 nosor
412 1875 507 1913 rege
545 1858 834 1916 Assyriorum,
879 1875 985 1914 quae
1027 1875 1114 1900 non
1159 1858 1414 1900 conveniunt
1457 1875 1664 1914 personae

247 1937 347 1995 ejus.
405 1936 525 1978 Dixit
554 1935 686 1977 enim:
725 1936 803 1987 „in
828 1937 870 1993 ⁵)
900 1935 1150 1976 fortitudine
1180 1935 1352 1986 faciam,
1393 1947 1433 1976 et
1462 1936 1666 1992 sapientia

246 2014 485 2055 intellectus
515 2014 701 2054 auferam
730 2013 832 2054 fines
862 2012 1063 2066 gentium,
1093 2023 1134 2053 et
1164 2014 1445 2053 commovebo
1479 2013 1666 2054 civitates

246 2090 514 2139 inhabitatas,
553 2101 593 2130 et
633 2091 781 2131 orbem
820 2102 1023 2131 terrarum
1065 2105 1234 2130 omnem
1268 2091 1667 2146 comprehendam,“

248 2179 289 2209 et
317 2167 604 2219 „adscendam
625 2168 668 2222 ⁶)
700 2184 828 2223 super
854 2167 992 2209 sidera
1022 2167 1154 2217 coeli,
1195 2179 1236 2207 et
1263 2168 1456 2217 nubes,“
1496 2179 1537 2208 et
1565 2167 1665 2208 reli-

249 2261 349 2301 qua,
391 2256 433 2286 et
457 2244 502 2300 ⁷)
541 2260 650 2294 „ero
681 2244 830 2286 similis
859 2244 1120 2285 Altissimo.“
1177 2245 1291 2285 Haec
1320 2245 1666 2286 Nabuchodono-

247 2338 349 2378 sor4
395 2321 467 2364 Sic
506 2333 547 2362 et
583 2322 778 2377 princeps
815 2320 917 2378 Tyri
956 2332 998 2362 et
1033 2321 1210 2362 Pharao.
1280 2322 1428 2377 Neque
1470 2321 1580 2363 enim
1618 2322 1662 2363 in

368 2456 406 2511 ¹)
434 2439 587 2497 Psalm.
619 2456 674 2505 ῃ,
706 2454 744 2497 2.

363 2527 407 2581 ²)
438 2525 591 2566 Psalm.
619 2524 833 2574 LXXXII,
864 2524 901 2568 6.
934 2525 970 2567 7.
1001 2524 1241 2581 (LXXXI.)

363 2596 405 2650 ³)
435 2595 562 2636 Deut.
592 2594 773 2643 XXXII,
803 2593 841 2636 8.
875 2594 913 2637 9.

362 2666 403 2721 ⁴)
433 2665 541 2706 Edd.
573 2663 765 2706 Merlini:
797 2663 1103 2728 Alia-principi
1135 2687 1186 2695 -
1218 2664 1374 2722 Tyrus:
1415 2663 1495 2704 alia
1524 2662 1660 2720 Baby-

251 2725 340 2764 lon:
369 2721 473 2762 aliae
503 2721 713 2762 nationes:
745 2731 867 2776 atque
899 2733 955 2762 lta
987 2733 1064 2762 etc.

361 2792 402 2847 ⁵)
435 2791 519 2835 Cfr.
550 2790 673 2832 Jesai.
702 2790 757 2837 X,
791 2789 853 2833 13.
889 2790 952 2833 14.

355 2864 398 2916 ¹³)
432 2861 517 2904 Cfr.
547 2859 669 2902 Jesai.
700 2861 815 2910 XIV,
848 2860 911 2904 13.
945 2861 1009 2905 14.
1135 2862 1174 2917 ⁷)
1204 2861 1327 2903 Jesai.
1360 2862 1476 2911 XIV,
1510 2860 1574 2904 14.
