1759 3134
720 123 859 164 Lmen
890 122 943 162 ΙΙ.
1462 123 1543 168 373

128 234 309 290 peccatis
340 233 564 275 infuscatus
597 246 678 285 est,
718 246 759 275 et
796 246 886 275 atro
919 234 1103 274 malitiae
1147 236 1245 275 fuco
1278 233 1455 275 infectus
1488 235 1549 276 ni-

128 329 199 364 ger
230 323 271 353 et
299 311 585 353 tenebricosus
606 312 642 366 ¹)
675 323 735 352 est
771 311 983 353 redditus:
1027 323 1068 352 et
1096 323 1234 354 tamen
1263 328 1316 353 ne
1346 312 1422 353 hos
1453 313 1546 368 qui-

129 390 224 430 dem
255 387 426 445 repellit
455 388 688 438 Dominus,
732 389 806 429 sed
838 405 1007 437 omnes,
1058 388 1128 444 qui
1158 388 1360 430 sacrificia
1390 389 1546 431 contri-

127 466 258 507 bulati
288 465 481 521 spiritus,
525 478 566 507 et
595 465 804 507 humiliati
835 466 973 507 cordis
1004 467 1193 507 offerunt
1222 467 1341 516 Deo,
1382 469 1546 509 conses-

126 542 252 585 sionis
282 542 443 584 scilicet
472 560 518 585 ac
547 543 831 599 poenitentiae
862 543 988 584 titulo
1024 544 1075 584 ad
1103 560 1196 583 eum
1224 544 1428 594 conversi,
1459 561 1545 587 non

125 619 388 676 repelluntur
433 622 484 662 ab
533 637 597 662 eo.
667 621 737 663 Sic
786 621 897 662 enim
944 620 1144 677 pacificus
1194 620 1295 661 dicit
1332 621 1546 663 Dominus

123 708 287 739 noster:
335 698 503 755 „ego2')
535 698 774 740 venientem
805 699 856 740 ad
892 715 960 740 me
1000 715 1086 740 non
1123 698 1302 754 repello.
1316 704 1340 723 “
1398 698 1547 741 Potest

123 787 263 817 autem
295 788 336 817 et
365 777 416 817 de
449 776 533 817 illis
566 776 724 818 dictum
763 776 917 826 videri,
964 777 1080 832 quod
1108 776 1220 817 ultra
1257 775 1430 818 flumina
1462 777 1545 818 Ae-

121 853 317 910 thiopum
347 854 500 910 positi,
547 853 716 895 venient
747 853 872 895 etiam
912 852 994 909 ipsi
1026 853 1078 894 ad
1107 853 1250 894 Deum
1279 854 1433 895 hostias
1472 855 1544 896 de-

121 931 315 981 serentes,
348 931 439 987 qui,
470 942 744 987 posteaquam
774 929 992 972 intraverit
1023 930 1158 971 omnis
1187 930 1412 987 plenitudo
1444 949 1544 985 gen-

122 1008 249 1059 tium,
295 1025 399 1064 quae
447 1007 689 1049 fluminibus
727 1007 989 1064 Aethiopum
1035 1019 1326 1064 comparatur,
1374 1008 1543 1049 venient

122 1086 244 1127 etiam
276 1085 379 1142 ipsi,
428 1097 468 1127 et
497 1097 596 1127 tunc
628 1086 764 1128 omnis
795 1086 981 1143 Israel³)
1011 1086 1258 1127 salvabitur:
1308 1096 1349 1126 et
1377 1102 1456 1142 pro
1490 1101 1540 1126 eo

121 1164 231 1204 ultra
260 1162 433 1205 flumina
464 1162 724 1219 Aethiopum
740 1163 781 1220 ⁴)
815 1163 1026 1214 dicantur,
1069 1162 1184 1219 quasi
1216 1162 1288 1219 qui
1315 1163 1541 1204 ulteriores

122 1252 163 1281 et
192 1240 448 1297 posteriores
477 1240 559 1282 sint
601 1241 720 1298 his⁵)
751 1241 907 1297 spatiis,
938 1240 980 1281 in
1013 1240 1162 1296 quibus
1194 1239 1322 1281 currit
1337 1237 1377 1295 6)
1412 1251 1452 1281 et
1481 1239 1544 1281 in-

121 1319 302 1360 undatur
342 1319 527 1371 gentium
575 1319 697 1360 salus.
767 1319 823 1360 Et
860 1318 918 1360 ita
965 1319 1076 1359 forte
1130 1317 1337 1374 compleri
1376 1316 1545 1358 videtur

119 1396 213 1445 hoc,
254 1396 368 1451 quod
409 1395 531 1445 dicit,
573 1395 669 1451 quia
717 1394 853 1451 ‚,in7)
895 1395 962 1435 die
1011 1394 1085 1437 illa
1122 1412 1209 1437 non
1261 1395 1544 1446 confunderis,

121 1472 254 1514 omnis
279 1473 422 1523 Israel,
455 1490 502 1514 ex
530 1473 723 1514 omnibus
750 1472 1117 1514 adinventionibus
1135 1473 1229 1524 tuis,
1261 1472 1359 1528 ins)
1392 1472 1542 1529 quibus

120 1550 249 1607 impie
282 1550 399 1603 egisti
430 1551 471 1592 in
490 1557 600 1592 me.“
647 1552 862 1607 Superest,
891 1562 939 1591 ut
959 1550 1069 1592 illud
1090 1551 1393 1601 testimonium,
1426 1552 1540 1607 quod

121 1631 172 1671 de
202 1627 418 1671 Hieremia
440 1629 481 1684 9)
522 1628 809 1677 assumsimus‚
851 1627 1103 1683 explicetur,
1149 1628 1222 1669 ubi
1259 1628 1541 1670 Abdimelech

120 1706 397 1748 nihilominus
436 1705 641 1762 Aethiops
680 1704 744 1746 vir
783 1706 1014 1755 eunuchus,
1063 1723 1159 1748 cum
1193 1706 1397 1757 audisset,
1444 1705 1542 1762 quia

120 1784 352 1826 Hieremias
386 1782 427 1824 in
457 1783 597 1824 lacum
627 1782 775 1823 missus
807 1794 868 1823 est
897 1799 919 1824 a
949 1783 1211 1840 principibus
1242 1784 1408 1841 populi,
1440 1785 1542 1825 edu-

122 1862 178 1904 cit
208 1879 304 1903 eum
333 1861 444 1903 inde.
503 1861 558 1902 Et
587 1872 691 1917 puto
723 1860 1020 1903 inconveniens
1050 1876 1134 1902 non
1166 1861 1321 1912 videri,
1362 1861 1396 1903 si
1428 1861 1540 1903 dica-

120 1958 224 1991 mus,
256 1956 382 1997 quem
411 1938 623 1995 principes
653 1937 783 1979 Israel
814 1939 1222 1991 condemnaverunt,
1254 1951 1295 1981 et
1324 1939 1367 1981 in
1398 1940 1536 1981 lacum

120 2019 266 2062 mortis
304 2017 530 2067 miserunt,
578 2016 656 2057 iste
706 2015 938 2069 alienigena
965 2016 1032 2073 ¹⁰)
1073 2028 1115 2059 et
1155 2019 1358 2060 obscurae
1405 2016 1537 2071 gentis

243 2238 279 2290 ¹)
309 2236 418 2277 Edd.
449 2235 512 2276 M.
544 2235 878 2285 „tenebrosus.“

237 2308 280 2362 ²)
313 2307 398 2348 Cir.
432 2322 493 2346 εν.
524 2306 673 2346 Joann.
704 2306 777 2354 VI,
809 2304 876 2349 37.

237 2377 279 2432 3)
308 2377 418 2418 Edd.
449 2376 509 2417 M.
536 2376 732 2426 ‚,Juda.“

239 2448 282 2503 ⁴)
311 2448 443 2489 Deest
472 2446 803 2502 ‚,Aethiopum“
833 2445 875 2487 in
907 2446 1000 2487 edd.
1032 2447 1094 2488 M.

239 2521 281 2574 5)
310 2519 442 2559 Deest
473 2549 497 2567 „
514 2517 576 2558 his
589 2523 614 2541 “
646 2517 689 2558 in
720 2518 814 2558 edd.
844 2516 907 2558 M.

237 2590 278 2642 ⁶)
308 2589 417 2631 Edd.
449 2588 509 2629 M.
544 2586 708 2637 „currit
737 2587 1030 2644 inundatque“
1061 2598 1138 2628 etc.

239 2660 281 2717 ⁷)
313 2659 400 2701 Cfr.
430 2657 615 2714 Zephan.
646 2657 725 2707 III,
757 2655 823 2701 11.

237 2731 280 2786 ³3)
312 2729 444 2770 Deest
474 2727 588 2778 ,‚in“
617 2727 661 2768 in
693 2727 786 2769 edd.
816 2727 879 2769 M.

240 2800 282 2856 ⁹)
315 2799 399 2841 Cfr.
430 2800 584 2842 Jerem.
615 2797 859 2839 XXXVIII.

215 2869 285 2926 ¹⁰)
314 2868 423 2910 Edd.
453 2867 650 2910 Merlini:
681 2867 948 2922 alienigenae.
