1759 3134
235 119 317 163 146
640 115 860 157 Oamnms
889 127 934 156 m
964 113 1257 157 Ezzcumuzm

241 231 327 273 Sed
359 241 399 270 et
430 227 633 279 malignus
664 228 931 283 supplantare
964 226 1134 282 cupiens
1165 225 1422 277 „insidiatur
1449 227 1488 282 ¹)
1519 227 1561 268 iu
1592 244 1661 268 oc-

244 309 385 357 culto,
417 317 463 346 ut
495 306 563 345 leo
594 304 636 345 in
667 305 865 360 spelunca
893 321 965 344 sua
995 303 1234 354 insidiatur,
1265 316 1310 344 ut
1342 303 1473 358 rapizit
1507 320 1663 359 paupe-

245 390 373 426 rem.“
435 382 671 437 Quomodo
719 398 815 434 ergo
860 382 926 421 leo
971 381 1124 421 dicitur
1163 394 1203 422 et
1235 381 1275 421 in
1306 381 1457 420 malam
1488 392 1663 435 partem,

244 474 283 502 et
310 461 351 500 in
376 462 545 510 bonam,
570 476 656 500 non
683 472 742 500 est
768 459 1058 511 incongruum,
1089 459 1212 499 etiam
1236 458 1420 514 aquilam
1445 457 1485 497 in
1512 470 1666 498 utram—

245 554 323 594 que
355 548 517 594 partem
548 536 693 592 accipi.
754 537 809 577 Et
839 549 884 577 ut
910 536 952 590 2)
987 553 1061 589 ego
1094 536 1298 592 suspicor,
1327 534 1458 592 justus
1489 551 1576 575 non
1607 547 1667 575 est

243 614 404 671 aquila,
453 615 527 655 sed
559 613 674 670 quasi
704 614 864 669 aquila,
906 615 1138 654 aemulatur
1170 613 1326 669 quippe
1359 613 1554 668 aquilam.
1612 613 1667 652 Et

242 692 462 748 quomodo
493 707 663 746 serpens
688 707 831 731 aereus
857 702 979 748 typus
1010 691 1088 731 fuit
1105 690 1355 732 salvatoris:
1386 706 1523 745 neque
1555 689 1665 730 enim

242 785 412 825 serpens
442 781 529 809 erat
558 784 680 817 vere,
713 769 786 808 sed
817 768 1058 809 imitabatur
1090 779 1350 824 serpentem,
1382 767 1546 808 dicente
1576 767 1669 807 Do-

243 845 383 886 mino:
431 857 513 895 „ut
539 846 581 901 ³)
631 845 773 886 Moses
813 845 992 886 elevavit
1030 857 1268 901 serpentem
1306 845 1348 884 in
1389 845 1574 894 deserto,
1612 844 1669 884 sic

247 933 421 978 oportet
459 922 630 962 exaltari
671 923 807 962 filium
839 922 1079 963 hominis:“
1124 923 1277 963 eodem
1306 923 1438 963 modo
1471 934 1511 962 et
1541 921 1674 978 justus

245 1016 332 1040 non
370 1011 455 1041 tam
495 999 635 1056 aquila
666 1011 746 1049 est,
792 1016 916 1055 quam
958 1000 1119 1055 aquilae
1162 999 1331 1049 similis,
1371 999 1467 1054 quia
1499 999 1538 1039 ei
1566 998 1671 1039 utile

250 1089 310 1117 est
349 1077 574 1128 imaginem
613 1077 776 1132 aquilae
818 1076 980 1118 sectari.
1040 1077 1166 1117 Juxta
1195 1078 1305 1116 hunc
1335 1076 1598 1117 intellectum
1630 1089 1667 1117 et

247 1153 288 1193 in
320 1153 404 1193 alio
437 1154 534 1193 loco
566 1165 841 1208 praeceptum
871 1153 1034 1207 accepit
1064 1152 1219 1209 justus,
1258 1165 1305 1193 ut
1343 1153 1394 1193 sit
1424 1153 1586 1208 sapiens
1617 1153 1670 1193 si-

248 1241 317 1270 cut
345 1246 530 1286 serpens,
559 1246 647 1270 non
672 1231 713 1285 ⁴)
744 1241 792 1270 ut
822 1229 894 1270 fiat
924 1245 1115 1284 serpens,
1147 1229 1222 1269 sed
1251 1244 1303 1269 ne
1334 1245 1357 1269 a
1390 1230 1474 1270 veri
1503 1246 1672 1285 serpen-

247 1308 297 1348 tis
330 1306 518 1363 capiatur
548 1306 711 1352 astutia.
770 1305 817 1348 Si
851 1318 992 1347 autem
1022 1322 1162 1347 sermo
1192 1306 1277 1347 Dei
1308 1306 1545 1363 Scripturas
1577 1308 1671 1348 dili-

245 1395 391 1437 genter
420 1383 655 1434 excutiens,
686 1395 727 1424 et
758 1383 952 1439 spiritus,
996 1384 1048 1424 de
1080 1398 1166 1439 quo
1196 1383 1399 1440 scriptum
1431 1396 1512 1425 est:
1552 1385 1674 1441 „spi-

246 1460 349 1501 ritus
367 1460 407 1516 ⁵)
439 1460 580 1501 omnia
609 1473 829 1510 scrutatur,
861 1460 990 1501 etiam
1022 1461 1104 1501 alta
1133 1460 1277 1500 Dei:“
1308 1461 1352 1501 in
1382 1461 1557 1518 alicujus
1586 1463 1673 1503 ani-

246 1554 360 1579 mam
402 1537 588 1588 venerit,
631 1537 970 1579 manifestissime
1016 1538 1210 1578 ostendet
1259 1538 1310 1578 de
1357 1538 1585 1594 Scripturis
1631 1552 1671 1579 et

249 1615 453 1670 aquilam,
499 1626 540 1654 et
583 1615 753 1654 leonem
794 1614 838 1655 in
878 1627 997 1670 parte
1034 1616 1292 1655 mundorum
1322 1615 1566 1656 animalium
1594 1633 1674 1672 po-

246 1692 342 1733 sita:
375 1690 605 1733 Cherubim
631 1691 717 1732 Dei
746 1692 899 1732 hahere
931 1691 1084 1732 faciem
1112 1691 1295 1732 hominis
1327 1704 1368 1732 et
1398 1692 1551 1733 faciem
1579 1693 1670 1733 leo—

247 1769 311 1810 nis
341 1785 363 1810 a
395 1768 549 1809 dextris
581 1780 764 1824 quatuor
792 1767 998 1824 partium,
1044 1779 1085 1808 et
1114 1768 1267 1808 faciem
1296 1768 1418 1809 vituli
1450 1781 1490 1810 et
1519 1769 1671 1811 faciem

249 1845 414 1902 aquilae
445 1862 468 1887 a
497 1844 672 1887 sinistris
705 1856 885 1901 quatuor
914 1845 1119 1901 partium:
1153 1857 1194 1886 et
1222 1845 1337 1896 haec,
1369 1863 1473 1902 quae
1497 1847 1543 1889 in
1563 1848 1670 1890 Che-

247 1922 388 1964 rubim
417 1923 634 1972 videntur,
672 1922 716 1963 id
747 1934 807 1963 est
825 1954 834 1972 ,
866 1923 1006 1979 aquila
1036 1934 1076 1963 et
1102 1923 1172 1964 leo
1202 1924 1358 1964 munda
1389 1936 1496 1967 sunt.
1554 1926 1670 1967 Nihil

249 1999 408 2055 quippe
439 1998 707 2040 immundum
738 2011 799 2040 est
829 1999 872 2040 in
903 2016 1027 2041 curru
1053 1999 1150 2042 Dei.
1207 2000 1263 2041 Et
1292 2002 1511 2056 quomodo
1539 2013 1585 2042 tu
1617 2004 1669 2044 de

248 2075 440 2128 gentibus
484 2076 658 2117 credens
697 2076 878 2116 mundus
920 2077 1096 2117 effectus
1132 2092 1193 2117 es:
1235 2090 1312 2127 „et
1332 2078 1377 2133 ⁶)
1408 2079 1523 2134 quod
1552 2079 1669 2120 Deus

247 2152 485 2203 mundavit,
525 2164 572 2193 tu
602 2168 654 2193 ne
687 2168 910 2193 commune
942 2153 1150 2195 dixeris:“
1192 2153 1345 2194 dicitur
1376 2155 1429 2195 de
1460 2155 1668 2205 omnibus,

247 2245 352 2285 quae
394 2229 516 2270 coelo
555 2229 783 2285 pendentia
824 2241 987 2273 ostensa
1024 2243 1120 2272 sunt
1157 2231 1308 2272 Petro:
1348 2231 1406 2273 sic
1445 2234 1667 2274 mundatus

248 2316 309 2346 est
343 2305 411 2346 leo
454 2316 495 2346 et
523 2306 685 2361 aquila,
723 2323 827 2362 quae
869 2306 911 2348 in
952 2307 1182 2349 Cherubim
1221 2322 1518 2365 apparuerunt,
1577 2312 1664 2352 Nec

366 2501 408 2556 ¹)
439 2501 526 2542 Cfr.
556 2502 708 2543 Psalm.
740 2503 793 2553 X,
824 2502 862 2546 9.
894 2504 1015 2560 (ΙΧ.)

361 2570 405 2625 ²)
434 2571 567 2612 Deest
596 2578 712 2623 ‚,ut“
746 2571 789 2612 in
821 2574 885 2615 ed.
916 2572 1062 2615 Ruaei.

359 2640 402 2693 ³)
431 2640 508 2683 Ev.
538 2641 691 2683 Joann.
718 2642 797 2692 ΙΙῙ,
829 2642 893 2685 14.

318 2764 329 2774 .
356 2708 402 2761 ⁴)
431 2709 541 2752 Edd.
571 2711 766 2753 Merlini:
803 2729 888 2753 non
926 2712 987 2752 uti
1027 2713 1099 2753 fiat
1136 2730 1328 2771 serpens,
1367 2716 1525 2759 scilicet
1554 2733 1605 2759 ne
1636 2735 1657 2759 a

243 2781 330 2806 vex-1
365 2776 440 2806 etc.

357 2834 402 2888 ε)
432 2835 451 2874 1
474 2834 572 2878 cor.
603 2805 660 2887 1¹1,
692 2836 756 2882 10.
876 2840 919 2894 ε)
949 2840 1042 2881 Aet.
1073 2839 1127 2891 x,
1163 2839 1229 2885 15.
