1759 3134
228 112 312 158 314
523 112 745 154 Omoems
776 124 820 153 ιΝ
852 111 1033 155 CAN'ric.
1067 112 1367 159 CAN-neonem

229 225 358 270 Verbi
388 225 495 277 Dei,
532 226 703 269 salutari
742 226 784 269 in
822 243 918 268 eum
957 243 1101 269 amore
1135 228 1356 279 succendi,
1396 240 1441 271 ut
1481 243 1523 272 et
1562 232 1650 289 ipse

229 305 423 359 dignetur
451 302 694 363 hujusmodi
723 304 904 347 animam
927 304 1116 358 diligere,
1145 323 1271 362 quam
1301 306 1556 350 desiderium
1587 310 1651 352 sui

226 385 381 425 habere
419 381 633 440 perspexit
659 382 714 440 ¹).
786 383 891 426 Post
930 383 1032 424 haec
1075 383 1200 444 exigit
1236 401 1314 426 nos
1354 388 1653 443 consequentia

223 460 452 512 sermonis,
504 460 645 503 dicere
694 461 818 503 etiam
866 463 918 503 dc
963 461 1321 518 superscriptione
1360 463 1448 519 ipsa
1488 464 1651 507 Cantici

226 539 511 581 canticorum.
571 539 721 582 Simile
762 540 874 582 enim
914 552 973 582 est
1013 541 1093 581 hoc
1138 539 1245 591 illis,
1285 557 1390 597 quae
1426 542 1470 583 in
1512 544 1651 585 taber-

224 617 377 660 naculo
406 617 640 660 testimonii
669 618 996 676 appellantur2)
1027 629 1166 660 sancta
1195 629 1450 671 sanctorum,
1481 632 1523 662 et
1552 621 1652 673 illis,

224 712 331 753 quae
375 695 420 738 in
462 696 574 738 libro
616 697 904 738 Numerorum
950 708 1242 738 memorantur
1286 713 1414 754 opera
1459 715 1651 756 operum,

224 790 414 832 quaeque
446 776 560 832 apud
588 774 770 817 Paulum
801 774 1000 817 dicuntur
1029 775 1195 817 saecula
1223 776 1502 818 saeculorum.
1564 778 1650 820 Sed

221 853 443 910 quomodo
485 853 684 896 differant
724 871 747 896 a
784 853 933 896 sanctis
972 865 1112 895 sancta
1141 865 1382 895 sanctorum
1413 854 1455 895 in
1484 854 1652 907 Exodo,

220 942 264 973 et
301 932 521 989 quomodo
564 933 763 974 differant
804 948 935 988 opera
966 933 1017 974 ab
1051 931 1251 989 operibus
1283 948 1462 989 operum
1491 933 1536 975 in
1564 935 1653 976 Nu-

218 1025 437 1052 merorum
465 1010 577 1052 libro
600 1010 668 1066 3),
698 1009 941 1052 tractatibus
968 1011 1032 1067 ⁴),
1068 1022 1198 1067 prout
1226 1009 1459 1067 potuimus,
1490 1010 1650 1054 dictum

221 1098 283 1130 est
311 1104 335 1129 a
363 1087 499 1131 nobis.
559 1088 646 1130 Sed
677 1099 718 1128 et
748 1088 800 1128 de
833 1087 1001 1129 saeculo
1034 1088 1303 1129 saeculorum
1333 1088 1377 1129 in
1406 1089 1533 1140 locis,
1558 1090 1648 1147 qui-

216 1166 295 1207 bus
327 1164 534 1215 occurrit,
571 1181 660 1206 non
690 1164 893 1207 omissum
925 1176 1009 1216 est,
1055 1176 1097 1206 et
1132 1181 1186 1206 ne
1224 1166 1372 1207 eadem
1398 1177 1651 1222 repetamus,

215 1243 292 1285 illa
331 1241 554 1285 sufficiant.
612 1243 736 1284 Nunc
777 1258 875 1296 ergo
916 1242 1179 1299 requiramus
1218 1242 1384 1299 primo,
1424 1260 1530 1300 quae
1570 1243 1652 1288 sint

216 1321 399 1373 cantica,
444 1337 627 1379 quorum
673 1320 935 1364 canticorum
975 1321 1059 1363 hoc
1099 1336 1187 1363 esse
1230 1321 1440 1364 canticum
1481 1322 1647 1366 dicitur.

214 1401 327 1442 Puto
354 1415 476 1454 ergo,
516 1400 632 1457 quod
664 1399 824 1442 cantica
854 1400 937 1442 sint
967 1399 1065 1451 illa,
1107 1416 1213 1457 quae
1251 1400 1412 1442 dudum
1442 1416 1520 1458 per
1546 1418 1648 1458 pro-

213 1479 386 1535 phetas,
424 1478 494 1519 vel
530 1494 608 1535 per
636 1478 806 1531 angelos
838 1480 1103 1520 canebantur.
1164 1479 1250 1519 Lex
1281 1478 1393 1520 enim
1425 1479 1580 1521 dicitur
1604 1480 1648 1537 ⁵)

214 1572 294 1613 per
336 1556 507 1610 angelos
552 1556 785 1599 ministrata
836 1556 878 1598 in
920 1573 1047 1598 manu
1085 1556 1345 1599 mediatoris.
1423 1558 1505 1600 Illa
1546 1575 1644 1612 ergo

216 1634 381 1685 omnia,
421 1650 528 1691 quae
565 1651 644 1692 per
680 1635 779 1676 illos
819 1635 1196 1686 annuntiabantur,
1238 1635 1396 1677 cantica
1426 1649 1543 1679 erant
1571 1654 1647 1694 per

213 1712 372 1756 amicos
409 1712 555 1770 sponsi
593 1714 901 1771 praecedentia.
962 1713 1082 1755 Istud
1122 1730 1223 1755 vero
1266 1730 1396 1756 unum
1438 1715 1646 1758 canticum

213 1804 297 1843 est,
344 1791 461 1848 quod
504 1790 585 1848 ipsi
630 1791 716 1849 jam
756 1808 935 1848 sponso,
980 1808 1180 1849 sponsam
1226 1808 1342 1834 suam
1383 1806 1647 1850 suscepturo,

213 1869 477 1926 epithalamii
517 1870 659 1927 specie
690 1881 778 1912 erat
809 1872 1069 1913 canendum:
1109 1870 1152 1912 in
1194 1888 1277 1928 quo
1309 1887 1463 1928 sponsa
1485 1872 1527 1927 ⁶)
1559 1889 1644 1915 non

211 1949 349 1991 adhuc
377 1965 456 2006 per
485 1948 644 1991 amicos
673 1948 818 2006 sponsi
851 1948 1008 1991 cantari
1038 1948 1119 1990 sibi
1148 1949 1264 1999 vult,
1297 1951 1371 1991 sed
1400 1949 1531 2008 ipsius
1558 1950 1642 2009 jam

208 2028 354 2085 sponsi
381 2026 613 2084 praesentis
643 2026 787 2069 audire
822 2028 950 2068 verba
983 2026 1206 2078 desiderat,
1237 2028 1399 2070 dicens:
1443 2029 1644 2080 „osculee

209 2118 278 2149 tur
305 2107 347 2164 ⁷)
384 2123 453 2148 me
493 2106 641 2148 osculo
682 2104 766 2148 oris
806 2105 923 2147 sui.“
991 2106 1116 2149 Unde
1157 2117 1199 2149 et
1237 2106 1433 2151 omnibus
1473 2108 1643 2152 canticis

330 2327 372 2383 ¹)
400 2326 512 2372 Edd.
543 2325 740 2368 Merlini:
770 2325 1042 2384 perspexerit.

332 2397 377 2454 ²)
409 2396 497 2439 Cfr.
526 2396 662 2439 Exod.
694 2398 833 2448 XXX,
863 2397 930 2442 29.

326 2467 372 2523 3)
401 2467 511 2509 Edd.
545 2467 740 2510 Merlini:
772 2468 871 2509 libri
901 2469 1161 2515 tractatibus.

329 2536 372 2592 ⁴)
403 2538 504 2580 Mss.
537 2538 868 2588 „tractatibus.“
929 2541 1148 2597 Impressi:
1189 2541 1544 2595 „tractantibusf‘
1586 2545 1637 2587 R.

215 2620 266 2630 —-
300 2596 387 2639 Cfr.
418 2611 510 2651 pag.
542 2594 626 2653 huj.
656 2607 744 2637 not.
767 2595 805 2640 3.

328 2666 372 2722 ⁵)
405 2664 492 2708 Cfr.
526 2665 620 2707 Gal.
651 2665 731 2716 ΙΙΙ,
763 2666 827 2710 19.

329 2737 373 2793 6)
403 2737 537 2779 Deest
566 2743 788 2792 „sponsa“
820 2738 861 2781 in
893 2740 989 2781 edd.
1021 2739 1082 2782 Μ.

328 2807 370 2866 ⁷)
402 2807 561 2850 Cantic.
593 2807 627 2857 Ι,
658 2806 698 2851 2.
