<?xml version="1.0" encoding="UTF-8"?>
<!DOCTYPE html PUBLIC "-//W3C//DTD XHTML 1.0 Transitional//EN"
    "http://www.w3.org/TR/xhtml1/DTD/xhtml1-transitional.dtd">
<html xmlns="http://www.w3.org/1999/xhtml" xml:lang="en" lang="en">
 <head>
  <title>
</title>
<meta http-equiv="Content-Type" content="text/html;charset=utf-8" />
  <meta name='ocr-system' content='tesseract 3.04.00' />
  <meta name='ocr-capabilities' content='ocr_page ocr_carea ocr_par ocr_line ocrx_word'/>
</head>
<body>
  <div class='ocr_page' id='page_1' title='image "./operaomniaquaegr14orig/operaomniaquaegr14orig_0265.png"; bbox 0 0 1759 3134; ppageno 0'>
   <div class='ocr_carea' id='block_1_1' title="bbox 700 121 1538 168">
    <p class='ocr_par' dir='ltr' id='par_1_1' title="bbox 700 121 1538 168">
     <span class='ocr_line' id='line_1_1' title="bbox 700 121 1538 168; baseline 0.007 -7"><span class='ocrx_word' id='word_1_1' title='bbox 700 121 900 162; x_wconf 71' lang='lat' dir='ltr'>Homltm</span> <span class='ocrx_word' id='word_1_2' title='bbox 931 121 962 159; x_wconf 91' lang='lat' dir='ltr'>I.</span> <span class='ocrx_word' id='word_1_3' title='bbox 1457 124 1538 168; x_wconf 70' lang='lat'>249</span> 
     </span>
    </p>
   </div>
   <div class='ocr_carea' id='block_1_2' title="bbox 123 233 1551 2374">
    <p class='ocr_par' dir='ltr' id='par_1_2' title="bbox 123 233 1551 2374">
     <span class='ocr_line' id='line_1_2' title="bbox 125 233 1539 289; baseline 0.002 -15"><span class='ocrx_word' id='word_1_4' title='bbox 125 235 245 284; x_wconf 79' lang='lat' dir='ltr'>dere,</span> <span class='ocrx_word' id='word_1_5' title='bbox 277 233 510 288; x_wconf 79' lang='lat' dir='ltr'>diciturque</span> <span class='ocrx_word' id='word_1_6' title='bbox 543 235 593 274; x_wconf 90' lang='lat' dir='ltr'>de</span> <span class='ocrx_word' id='word_1_7' title='bbox 626 249 692 273; x_wconf 90' lang='lat' dir='ltr'>ea:</span> <span class='ocrx_word' id='word_1_8' title='bbox 735 249 875 288; x_wconf 87' lang='lat' dir='ltr'>„quae</span> <span class='ocrx_word' id='word_1_9' title='bbox 904 233 942 287; x_wconf 84' lang='lat'>¹)</span> <span class='ocrx_word' id='word_1_10' title='bbox 976 244 1034 272; x_wconf 82' lang='lat' dir='ltr'>est</span> <span class='ocrx_word' id='word_1_11' title='bbox 1063 233 1160 282; x_wconf 89' lang='lat' dir='ltr'>ista,</span> <span class='ocrx_word' id='word_1_12' title='bbox 1193 249 1296 289; x_wconf 90' lang='lat' dir='ltr'>quae</span> <span class='ocrx_word' id='word_1_13' title='bbox 1325 236 1539 277; x_wconf 83' lang='lat' dir='ltr'>adscendit</span> 
     </span>
     <span class='ocr_line' id='line_1_3' title="bbox 126 309 1539 367; baseline 0.003 -17"><span class='ocrx_word' id='word_1_14' title='bbox 126 311 379 351; x_wconf 79' lang='lat' dir='ltr'>dealbata?“</span> <span class='ocrx_word' id='word_1_15' title='bbox 436 310 491 349; x_wconf 85' lang='lat' dir='ltr'>Et</span> <span class='ocrx_word' id='word_1_16' title='bbox 522 327 605 366; x_wconf 92' lang='lat' dir='ltr'>quo</span> <span class='ocrx_word' id='word_1_17' title='bbox 637 309 895 350; x_wconf 81' lang='lat' dir='ltr'>manifestius</span> <span class='ocrx_word' id='word_1_18' title='bbox 927 310 1008 350; x_wconf 88' lang='lat' dir='ltr'>hoc</span> <span class='ocrx_word' id='word_1_19' title='bbox 1048 311 1294 367; x_wconf 75' lang='lat' dir='ltr'>mysterium</span> <span class='ocrx_word' id='word_1_20' title='bbox 1332 312 1539 354; x_wconf 82' lang='lat' dir='ltr'>describa-</span> 
     </span>
     <span class='ocr_line' id='line_1_4' title="bbox 125 385 1538 446; baseline 0.002 -18"><span class='ocrx_word' id='word_1_21' title='bbox 125 400 204 437; x_wconf 87' lang='lat' dir='ltr'>tur,</span> <span class='ocrx_word' id='word_1_22' title='bbox 235 404 320 428; x_wconf 90' lang='lat' dir='ltr'>non</span> <span class='ocrx_word' id='word_1_23' title='bbox 350 387 419 436; x_wconf 87' lang='lat' dir='ltr'>ait,</span> <span class='ocrx_word' id='word_1_24' title='bbox 452 399 498 427; x_wconf 81' lang='lat' dir='ltr'>ut</span> <span class='ocrx_word' id='word_1_25' title='bbox 528 387 569 427; x_wconf 90' lang='lat' dir='ltr'>in</span> <span class='ocrx_word' id='word_1_26' title='bbox 599 386 811 442; x_wconf 89' lang='lat' dir='ltr'>plerisque</span> <span class='ocrx_word' id='word_1_27' title='bbox 847 385 1079 428; x_wconf 84' lang='lat' dir='ltr'>Codicibus</span> <span class='ocrx_word' id='word_1_28' title='bbox 1111 387 1282 439; x_wconf 80' lang='lat' dir='ltr'>legitur:</span> <span class='ocrx_word' id='word_1_29' title='bbox 1313 390 1538 446; x_wconf 75' lang='lat' dir='ltr'>„innixa²)</span> 
     </span>
     <span class='ocr_line' id='line_1_5' title="bbox 124 463 1540 520; baseline 0.002 -15"><span class='ocrx_word' id='word_1_30' title='bbox 124 481 250 519; x_wconf 87' lang='lat' dir='ltr'>super</span> <span class='ocrx_word' id='word_1_31' title='bbox 277 465 521 504; x_wconf 85' lang='lat' dir='ltr'>fratruelem</span> <span class='ocrx_word' id='word_1_32' title='bbox 551 469 730 504; x_wconf 88' lang='lat' dir='ltr'>suum:“</span> <span class='ocrx_word' id='word_1_33' title='bbox 762 463 805 503; x_wconf 88' lang='lat' dir='ltr'>id</span> <span class='ocrx_word' id='word_1_34' title='bbox 837 475 917 503; x_wconf 89' lang='lat' dir='ltr'>est:</span> <span class='ocrx_word' id='word_1_35' title='bbox 957 464 1369 520; x_wconf 40' lang='grc' dir='ltr'>Ἆέπιστηριζολιιένη</span> <span class='ocrx_word' id='word_1_36' title='bbox 1391 467 1433 520; x_wconf 84' lang='lat'>3)</span> <span class='ocrx_word' id='word_1_37' title='bbox 1466 469 1540 510; x_wconf 70' lang='grc' dir='ltr'>ἐπὶ</span> 
     </span>
     <span class='ocr_line' id='line_1_6' title="bbox 126 535 1540 598; baseline 0.003 -14"><span class='ocrx_word' id='word_1_38' title='bbox 126 540 206 585; x_wconf 79' lang='grc' dir='ltr'>τὸν</span> <span class='ocrx_word' id='word_1_39' title='bbox 249 539 501 596; x_wconf 74' lang='grc' dir='ltr'>ἄδελ([.ιδὸν</span> <span class='ocrx_word' id='word_1_40' title='bbox 521 542 562 596; x_wconf 69' lang='lat'>⁴)</span> <span class='ocrx_word' id='word_1_41' title='bbox 596 540 793 594; x_wconf 70' lang='grc' dir='ltr'>αὐτῆς·“’</span> <span class='ocrx_word' id='word_1_42' title='bbox 839 535 911 580; x_wconf 82' lang='lat' dir='ltr'>sed</span> <span class='ocrx_word' id='word_1_43' title='bbox 943 541 1347 598; x_wconf 71' lang='grc' dir='ltr'><em>,,ἐπιστηριζομε’νη</em></span> <span class='ocrx_word' id='word_1_44' title='bbox 1379 545 1454 586; x_wconf 69' lang='grc' dir='ltr'>ἐπὶ</span> <span class='ocrx_word' id='word_1_45' title='bbox 1491 545 1540 588; x_wconf 72' lang='grc' dir='ltr'>τὸ</span> 
     </span>
     <span class='ocr_line' id='line_1_7' title="bbox 127 616 1541 674; baseline 0.001 -14"><span class='ocrx_word' id='word_1_46' title='bbox 127 620 291 669; x_wconf 73' lang='grc' dir='ltr'><em>στῆθος</em></span> <span class='ocrx_word' id='word_1_47' title='bbox 322 616 528 660; x_wconf 54' lang='lat' dir='ltr'>‹akob-‘⁶</span> <span class='ocrx_word' id='word_1_48' title='bbox 559 618 602 658; x_wconf 85' lang='lat' dir='ltr'>id</span> <span class='ocrx_word' id='word_1_49' title='bbox 635 629 717 658; x_wconf 86' lang='lat' dir='ltr'>est:</span> <span class='ocrx_word' id='word_1_50' title='bbox 751 633 915 672; x_wconf 85' lang='lat' dir='ltr'>„super</span> <span class='ocrx_word' id='word_1_51' title='bbox 943 629 1090 673; x_wconf 87' lang='lat' dir='ltr'>pectus</span> <span class='ocrx_word' id='word_1_52' title='bbox 1122 616 1208 674; x_wconf 84' lang='lat' dir='ltr'>ejus</span> <span class='ocrx_word' id='word_1_53' title='bbox 1238 621 1541 662; x_wconf 87' lang='lat' dir='ltr'>recumbens:“</span> 
     </span>
     <span class='ocr_line' id='line_1_8' title="bbox 124 693 1543 750; baseline 0.002 -15"><span class='ocrx_word' id='word_1_54' title='bbox 124 693 486 750; x_wconf 82' lang='lat' dir='ltr'>significanterque</span> <span class='ocrx_word' id='word_1_55' title='bbox 518 696 569 735; x_wconf 88' lang='lat' dir='ltr'>de</span> <span class='ocrx_word' id='word_1_56' title='bbox 600 694 735 734; x_wconf 83' lang='lat' dir='ltr'>anima</span> <span class='ocrx_word' id='word_1_57' title='bbox 767 710 943 749; x_wconf 80' lang='lat' dir='ltr'>sponsae</span> <span class='ocrx_word' id='word_1_58' title='bbox 976 706 1016 735; x_wconf 87' lang='lat' dir='ltr'>et</span> <span class='ocrx_word' id='word_1_59' title='bbox 1047 711 1240 735; x_wconf 82' lang='lat' dir='ltr'>sermone</span> <span class='ocrx_word' id='word_1_60' title='bbox 1273 696 1447 747; x_wconf 88' lang='lat' dir='ltr'>dicitur,</span> <span class='ocrx_word' id='word_1_61' title='bbox 1478 716 1543 738; x_wconf 88' lang='lat' dir='ltr'>su-</span> 
     </span>
     <span class='ocr_line' id='line_1_9' title="bbox 123 770 1544 828; baseline 0.004 -18"><span class='ocrx_word' id='word_1_62' title='bbox 123 788 201 827; x_wconf 86' lang='lat' dir='ltr'>per</span> <span class='ocrx_word' id='word_1_63' title='bbox 236 784 384 826; x_wconf 88' lang='lat' dir='ltr'>pectus</span> <span class='ocrx_word' id='word_1_64' title='bbox 423 770 537 811; x_wconf 84' lang='lat' dir='ltr'>illius</span> <span class='ocrx_word' id='word_1_65' title='bbox 576 772 850 820; x_wconf 87' lang='lat' dir='ltr'>recumbens,</span> <span class='ocrx_word' id='word_1_66' title='bbox 897 771 993 828; x_wconf 88' lang='lat' dir='ltr'>quia</span> <span class='ocrx_word' id='word_1_67' title='bbox 1034 771 1268 828; x_wconf 78' lang='lat' dir='ltr'>principale</span> <span class='ocrx_word' id='word_1_68' title='bbox 1306 773 1366 814; x_wconf 85' lang='lat' dir='ltr'>ibi</span> <span class='ocrx_word' id='word_1_69' title='bbox 1407 776 1544 816; x_wconf 86' lang='lat' dir='ltr'>cordis</span> 
     </span>
     <span class='ocr_line' id='line_1_10' title="bbox 126 848 1542 906; baseline 0.004 -18"><span class='ocrx_word' id='word_1_70' title='bbox 126 860 186 888; x_wconf 89' lang='lat' dir='ltr'>est</span> <span class='ocrx_word' id='word_1_71' title='bbox 215 848 360 888; x_wconf 81' lang='lat' dir='ltr'>nostri.</span> <span class='ocrx_word' id='word_1_72' title='bbox 419 848 542 889; x_wconf 79' lang='lat' dir='ltr'>Unde</span> <span class='ocrx_word' id='word_1_73' title='bbox 573 865 595 888; x_wconf 85' lang='lat' dir='ltr'>a</span> <span class='ocrx_word' id='word_1_74' title='bbox 627 848 858 888; x_wconf 88' lang='lat' dir='ltr'>carnalibus</span> <span class='ocrx_word' id='word_1_75' title='bbox 889 848 1154 899; x_wconf 82' lang='lat' dir='ltr'>recedentes,</span> <span class='ocrx_word' id='word_1_76' title='bbox 1191 850 1423 906; x_wconf 77' lang='lat' dir='ltr'>spiritualia</span> <span class='ocrx_word' id='word_1_77' title='bbox 1454 869 1542 894; x_wconf 84' lang='lat' dir='ltr'>sen-</span> 
     </span>
     <span class='ocr_line' id='line_1_11' title="bbox 125 924 1544 980; baseline 0.005 -16"><span class='ocrx_word' id='word_1_78' title='bbox 125 925 204 965; x_wconf 84' lang='lat' dir='ltr'>tire</span> <span class='ocrx_word' id='word_1_79' title='bbox 236 926 450 974; x_wconf 86' lang='lat' dir='ltr'>debemus,</span> <span class='ocrx_word' id='word_1_80' title='bbox 483 935 524 964; x_wconf 87' lang='lat' dir='ltr'>et</span> <span class='ocrx_word' id='word_1_81' title='bbox 554 924 803 977; x_wconf 83' lang='lat' dir='ltr'>intelligere,</span> <span class='ocrx_word' id='word_1_82' title='bbox 834 925 971 966; x_wconf 87' lang='lat' dir='ltr'>multo</span> <span class='ocrx_word' id='word_1_83' title='bbox 1004 926 1156 967; x_wconf 88' lang='lat' dir='ltr'>melius</span> <span class='ocrx_word' id='word_1_84' title='bbox 1183 944 1283 977; x_wconf 88' lang='lat' dir='ltr'>esse,</span> <span class='ocrx_word' id='word_1_85' title='bbox 1313 928 1372 969; x_wconf 90' lang='lat' dir='ltr'>sic</span> <span class='ocrx_word' id='word_1_86' title='bbox 1393 946 1544 980; x_wconf 86' lang='lat' dir='ltr'>amare,</span> 
     </span>
     <span class='ocr_line' id='line_1_12' title="bbox 131 1000 1547 1062; baseline 0.005 -21"><span class='ocrx_word' id='word_1_87' title='bbox 131 1018 254 1057; x_wconf 85' lang='lat' dir='ltr'>quam</span> <span class='ocrx_word' id='word_1_88' title='bbox 285 1017 422 1041; x_wconf 88' lang='lat' dir='ltr'>amare</span> <span class='ocrx_word' id='word_1_89' title='bbox 455 1000 666 1041; x_wconf 76' lang='lat' dir='ltr'>desistere.</span> <span class='ocrx_word' id='word_1_90' title='bbox 714 1002 946 1042; x_wconf 85' lang='lat' dir='ltr'>Adscendit</span> <span class='ocrx_word' id='word_1_91' title='bbox 974 1002 1115 1055; x_wconf 83' lang='lat' dir='ltr'>igitur,</span> <span class='ocrx_word' id='word_1_92' title='bbox 1142 1006 1390 1046; x_wconf 89' lang='lat' dir='ltr'>recumbens</span> <span class='ocrx_word' id='word_1_93' title='bbox 1422 1023 1547 1062; x_wconf 84' lang='lat' dir='ltr'>super</span> 
     </span>
     <span class='ocr_line' id='line_1_13' title="bbox 127 1078 1542 1134; baseline 0.005 -16"><span class='ocrx_word' id='word_1_94' title='bbox 127 1090 273 1133; x_wconf 88' lang='lat' dir='ltr'>pectus</span> <span class='ocrx_word' id='word_1_95' title='bbox 302 1078 515 1119; x_wconf 78' lang='lat' dir='ltr'>fratruelis</span> <span class='ocrx_word' id='word_1_96' title='bbox 546 1078 631 1118; x_wconf 88' lang='lat' dir='ltr'>sui:</span> <span class='ocrx_word' id='word_1_97' title='bbox 674 1090 715 1119; x_wconf 89' lang='lat' dir='ltr'>et</span> <span class='ocrx_word' id='word_1_98' title='bbox 745 1095 850 1134; x_wconf 85' lang='lat' dir='ltr'>quae</span> <span class='ocrx_word' id='word_1_99' title='bbox 880 1096 993 1120; x_wconf 89' lang='lat' dir='ltr'>nunc</span> <span class='ocrx_word' id='word_1_100' title='bbox 1023 1079 1066 1120; x_wconf 89' lang='lat' dir='ltr'>in</span> <span class='ocrx_word' id='word_1_101' title='bbox 1098 1081 1270 1121; x_wconf 81' lang='lat' dir='ltr'>exordio</span> <span class='ocrx_word' id='word_1_102' title='bbox 1304 1083 1453 1124; x_wconf 87' lang='lat' dir='ltr'>cantici</span> <span class='ocrx_word' id='word_1_103' title='bbox 1482 1086 1542 1125; x_wconf 88' lang='lat' dir='ltr'>ni—</span> 
     </span>
     <span class='ocr_line' id='line_1_14' title="bbox 126 1154 1542 1216; baseline 0.005 -22"><span class='ocrx_word' id='word_1_104' title='bbox 126 1171 194 1206; x_wconf 83' lang='lat' dir='ltr'>gra</span> <span class='ocrx_word' id='word_1_105' title='bbox 223 1155 420 1210; x_wconf 89' lang='lat' dir='ltr'>ponitur,</span> <span class='ocrx_word' id='word_1_106' title='bbox 451 1156 494 1195; x_wconf 89' lang='lat' dir='ltr'>in</span> <span class='ocrx_word' id='word_1_107' title='bbox 526 1154 784 1210; x_wconf 77' lang='lat' dir='ltr'>epithalamii</span> <span class='ocrx_word' id='word_1_108' title='bbox 813 1156 895 1195; x_wconf 82' lang='lat' dir='ltr'>fine</span> <span class='ocrx_word' id='word_1_109' title='bbox 928 1157 979 1196; x_wconf 90' lang='lat' dir='ltr'>de</span> <span class='ocrx_word' id='word_1_110' title='bbox 1012 1172 1059 1197; x_wconf 88' lang='lat' dir='ltr'>ea</span> <span class='ocrx_word' id='word_1_111' title='bbox 1090 1169 1299 1199; x_wconf 81' lang='lat' dir='ltr'>cantatur:</span> <span class='ocrx_word' id='word_1_112' title='bbox 1339 1177 1482 1216; x_wconf 89' lang='lat' dir='ltr'>„quae</span> <span class='ocrx_word' id='word_1_113' title='bbox 1501 1163 1542 1215; x_wconf 88' lang='lat'>⁵)</span> 
     </span>
     <span class='ocr_line' id='line_1_15' title="bbox 131 1232 1546 1294; baseline 0.004 -21"><span class='ocrx_word' id='word_1_114' title='bbox 131 1245 191 1274; x_wconf 86' lang='lat' dir='ltr'>est</span> <span class='ocrx_word' id='word_1_115' title='bbox 228 1233 326 1282; x_wconf 90' lang='lat' dir='ltr'>ista,</span> <span class='ocrx_word' id='word_1_116' title='bbox 368 1248 472 1288; x_wconf 84' lang='lat' dir='ltr'>quae</span> <span class='ocrx_word' id='word_1_117' title='bbox 511 1232 727 1272; x_wconf 83' lang='lat' dir='ltr'>adscendit</span> <span class='ocrx_word' id='word_1_118' title='bbox 767 1232 1022 1275; x_wconf 81' lang='lat' dir='ltr'>dealbata?“</span> <span class='ocrx_word' id='word_1_119' title='bbox 1089 1234 1400 1286; x_wconf 81' lang='lat' dir='ltr'>Intelleximus,</span> <span class='ocrx_word' id='word_1_120' title='bbox 1442 1255 1546 1294; x_wconf 92' lang='lat' dir='ltr'>quo-</span> 
     </span>
     <span class='ocr_line' id='line_1_16' title="bbox 130 1308 1546 1366; baseline 0.006 -18"><span class='ocrx_word' id='word_1_121' title='bbox 130 1310 260 1349; x_wconf 84' lang='lat' dir='ltr'>modo</span> <span class='ocrx_word' id='word_1_122' title='bbox 301 1321 342 1349; x_wconf 88' lang='lat' dir='ltr'>et</span> <span class='ocrx_word' id='word_1_123' title='bbox 378 1308 494 1360; x_wconf 82' lang='lat' dir='ltr'>nigra</span> <span class='ocrx_word' id='word_1_124' title='bbox 532 1321 573 1349; x_wconf 89' lang='lat' dir='ltr'>et</span> <span class='ocrx_word' id='word_1_125' title='bbox 611 1311 799 1349; x_wconf 88' lang='lat' dir='ltr'>formosa</span> <span class='ocrx_word' id='word_1_126' title='bbox 837 1309 889 1350; x_wconf 87' lang='lat' dir='ltr'>sit</span> <span class='ocrx_word' id='word_1_127' title='bbox 927 1327 1090 1366; x_wconf 85' lang='lat' dir='ltr'>sponsa.</span> <span class='ocrx_word' id='word_1_128' title='bbox 1158 1313 1205 1353; x_wconf 85' lang='lat' dir='ltr'>Si</span> <span class='ocrx_word' id='word_1_129' title='bbox 1243 1325 1383 1354; x_wconf 86' lang='lat' dir='ltr'>autem</span> <span class='ocrx_word' id='word_1_130' title='bbox 1422 1327 1462 1355; x_wconf 92' lang='lat' dir='ltr'>et</span> <span class='ocrx_word' id='word_1_131' title='bbox 1500 1328 1546 1357; x_wconf 90' lang='lat' dir='ltr'>tu</span> 
     </span>
     <span class='ocr_line' id='line_1_17' title="bbox 129 1385 1547 1442; baseline 0.006 -17"><span class='ocrx_word' id='word_1_132' title='bbox 129 1403 213 1426; x_wconf 61' lang='lat' dir='ltr'>Lon</span> <span class='ocrx_word' id='word_1_133' title='bbox 247 1385 375 1438; x_wconf 85' lang='lat' dir='ltr'>egeris</span> <span class='ocrx_word' id='word_1_134' title='bbox 406 1385 724 1441; x_wconf 86' lang='lat' dir='ltr'>poenitentiam,</span> <span class='ocrx_word' id='word_1_135' title='bbox 759 1403 870 1436; x_wconf 80' lang='lat' dir='ltr'>cave,</span> <span class='ocrx_word' id='word_1_136' title='bbox 900 1403 952 1427; x_wconf 91' lang='lat' dir='ltr'>ne</span> <span class='ocrx_word' id='word_1_137' title='bbox 985 1388 1122 1429; x_wconf 84' lang='lat' dir='ltr'>anima</span> <span class='ocrx_word' id='word_1_138' title='bbox 1152 1400 1222 1430; x_wconf 87' lang='lat' dir='ltr'>tua</span> <span class='ocrx_word' id='word_1_139' title='bbox 1247 1390 1364 1442; x_wconf 85' lang='lat' dir='ltr'>nigra</span> <span class='ocrx_word' id='word_1_140' title='bbox 1385 1391 1547 1433; x_wconf 82' lang='lat' dir='ltr'>dicatur</span> 
     </span>
     <span class='ocr_line' id='line_1_18' title="bbox 128 1462 1547 1525; baseline 0.005 -22"><span class='ocrx_word' id='word_1_141' title='bbox 128 1475 168 1504; x_wconf 89' lang='lat' dir='ltr'>et</span> <span class='ocrx_word' id='word_1_142' title='bbox 197 1462 344 1518; x_wconf 88' lang='lat' dir='ltr'>turpis,</span> <span class='ocrx_word' id='word_1_143' title='bbox 376 1474 416 1502; x_wconf 89' lang='lat' dir='ltr'>et</span> <span class='ocrx_word' id='word_1_144' title='bbox 445 1463 608 1518; x_wconf 85' lang='lat' dir='ltr'>duplici</span> <span class='ocrx_word' id='word_1_145' title='bbox 636 1462 841 1503; x_wconf 87' lang='lat' dir='ltr'>foeditate</span> <span class='ocrx_word' id='word_1_146' title='bbox 871 1465 1072 1520; x_wconf 85' lang='lat' dir='ltr'>turperis:</span> <span class='ocrx_word' id='word_1_147' title='bbox 1103 1465 1220 1518; x_wconf 84' lang='lat' dir='ltr'>nigra</span> <span class='ocrx_word' id='word_1_148' title='bbox 1248 1479 1426 1523; x_wconf 90' lang='lat' dir='ltr'>propter</span> <span class='ocrx_word' id='word_1_149' title='bbox 1446 1486 1547 1525; x_wconf 91' lang='lat' dir='ltr'>pec-</span> 
     </span>
     <span class='ocr_line' id='line_1_19' title="bbox 129 1539 1547 1599; baseline 0.006 -20"><span class='ocrx_word' id='word_1_150' title='bbox 129 1551 216 1580; x_wconf 85' lang='lat' dir='ltr'>cata</span> <span class='ocrx_word' id='word_1_151' title='bbox 245 1539 492 1595; x_wconf 87' lang='lat' dir='ltr'>praeterita,</span> <span class='ocrx_word' id='word_1_152' title='bbox 533 1540 667 1596; x_wconf 86' lang='lat' dir='ltr'>turpis</span> <span class='ocrx_word' id='word_1_153' title='bbox 697 1552 876 1596; x_wconf 89' lang='lat' dir='ltr'>propter</span> <span class='ocrx_word' id='word_1_154' title='bbox 904 1542 1007 1593; x_wconf 87' lang='lat' dir='ltr'>hoc,</span> <span class='ocrx_word' id='word_1_155' title='bbox 1050 1543 1147 1599; x_wconf 86' lang='lat' dir='ltr'>quia</span> <span class='ocrx_word' id='word_1_156' title='bbox 1186 1543 1228 1583; x_wconf 87' lang='lat' dir='ltr'>in</span> <span class='ocrx_word' id='word_1_157' title='bbox 1257 1543 1407 1585; x_wconf 85' lang='lat' dir='ltr'>iisdem</span> <span class='ocrx_word' id='word_1_158' title='bbox 1437 1546 1547 1588; x_wconf 86' lang='lat' dir='ltr'>vitiis</span> 
     </span>
     <span class='ocr_line' id='line_1_20' title="bbox 127 1616 1547 1673; baseline 0.005 -16"><span class='ocrx_word' id='word_1_159' title='bbox 127 1633 377 1673; x_wconf 84' lang='lat' dir='ltr'>perseveras.</span> <span class='ocrx_word' id='word_1_160' title='bbox 437 1617 483 1658; x_wconf 89' lang='lat' dir='ltr'>Si</span> <span class='ocrx_word' id='word_1_161' title='bbox 514 1633 614 1657; x_wconf 79' lang='lat' dir='ltr'>vero</span> <span class='ocrx_word' id='word_1_162' title='bbox 645 1616 951 1672; x_wconf 82' lang='lat' dir='ltr'>poenitentiam</span> <span class='ocrx_word' id='word_1_163' title='bbox 983 1619 1127 1671; x_wconf 84' lang='lat' dir='ltr'>egeris,</span> <span class='ocrx_word' id='word_1_164' title='bbox 1156 1619 1273 1671; x_wconf 86' lang='lat' dir='ltr'>nigra</span> <span class='ocrx_word' id='word_1_165' title='bbox 1304 1621 1384 1662; x_wconf 86' lang='lat' dir='ltr'>erit</span> <span class='ocrx_word' id='word_1_166' title='bbox 1411 1623 1547 1664; x_wconf 84' lang='lat' dir='ltr'>anima</span> 
     </span>
     <span class='ocr_line' id='line_1_21' title="bbox 127 1693 1546 1750; baseline 0.004 -15"><span class='ocrx_word' id='word_1_167' title='bbox 127 1707 198 1735; x_wconf 83' lang='lat' dir='ltr'>tua</span> <span class='ocrx_word' id='word_1_168' title='bbox 235 1705 415 1750; x_wconf 86' lang='lat' dir='ltr'>propter</span> <span class='ocrx_word' id='word_1_169' title='bbox 452 1694 619 1750; x_wconf 84' lang='lat' dir='ltr'>antiqua</span> <span class='ocrx_word' id='word_1_170' title='bbox 658 1693 833 1743; x_wconf 83' lang='lat' dir='ltr'>delicta,</span> <span class='ocrx_word' id='word_1_171' title='bbox 882 1706 1061 1750; x_wconf 88' lang='lat' dir='ltr'>propter</span> <span class='ocrx_word' id='word_1_172' title='bbox 1102 1695 1407 1749; x_wconf 85' lang='lat' dir='ltr'>poenitentiam</span> <span class='ocrx_word' id='word_1_173' title='bbox 1446 1715 1546 1740; x_wconf 87' lang='lat' dir='ltr'>vero</span> 
     </span>
     <span class='ocr_line' id='line_1_22' title="bbox 129 1770 1548 1828; baseline 0.004 -16"><span class='ocrx_word' id='word_1_174' title='bbox 129 1771 300 1812; x_wconf 84' lang='lat' dir='ltr'>habebit</span> <span class='ocrx_word' id='word_1_175' title='bbox 339 1771 522 1827; x_wconf 82' lang='lat' dir='ltr'>aliquid,</span> <span class='ocrx_word' id='word_1_176' title='bbox 569 1782 616 1811; x_wconf 82' lang='lat' dir='ltr'>ut</span> <span class='ocrx_word' id='word_1_177' title='bbox 652 1770 710 1811; x_wconf 83' lang='lat' dir='ltr'>ita</span> <span class='ocrx_word' id='word_1_178' title='bbox 748 1770 907 1822; x_wconf 79' lang='lat' dir='ltr'>dicam,</span> <span class='ocrx_word' id='word_1_179' title='bbox 956 1772 1202 1828; x_wconf 83' lang='lat' dir='ltr'>Aethiopici</span> <span class='ocrx_word' id='word_1_180' title='bbox 1240 1774 1416 1816; x_wconf 83' lang='lat' dir='ltr'>decoris.</span> <span class='ocrx_word' id='word_1_181' title='bbox 1492 1777 1548 1818; x_wconf 87' lang='lat' dir='ltr'>Et</span> 
     </span>
     <span class='ocr_line' id='line_1_23' title="bbox 132 1848 1549 1909; baseline 0.004 -20"><span class='ocrx_word' id='word_1_182' title='bbox 132 1849 227 1905; x_wconf 87' lang='lat' dir='ltr'>quia</span> <span class='ocrx_word' id='word_1_183' title='bbox 259 1849 390 1889; x_wconf 90' lang='lat' dir='ltr'>semel</span> <span class='ocrx_word' id='word_1_184' title='bbox 420 1848 674 1904; x_wconf 84' lang='lat' dir='ltr'>Aethiopem</span> <span class='ocrx_word' id='word_1_185' title='bbox 704 1848 941 1898; x_wconf 80' lang='lat' dir='ltr'>nominavi,</span> <span class='ocrx_word' id='word_1_186' title='bbox 976 1849 1075 1902; x_wconf 82' lang='lat' dir='ltr'>volo</span> <span class='ocrx_word' id='word_1_187' title='bbox 1105 1861 1257 1891; x_wconf 88' lang='lat' dir='ltr'>testem</span> <span class='ocrx_word' id='word_1_188' title='bbox 1287 1851 1549 1909; x_wconf 87' lang='lat' dir='ltr'>Scripturam</span> 
     </span>
     <span class='ocr_line' id='line_1_24' title="bbox 129 1926 1550 1984; baseline 0.004 -18"><span class='ocrx_word' id='word_1_189' title='bbox 129 1942 254 1982; x_wconf 86' lang='lat' dir='ltr'>super</span> <span class='ocrx_word' id='word_1_190' title='bbox 283 1926 393 1966; x_wconf 88' lang='lat' dir='ltr'>hunc</span> <span class='ocrx_word' id='word_1_191' title='bbox 423 1927 629 1966; x_wconf 82' lang='lat' dir='ltr'>advocare</span> <span class='ocrx_word' id='word_1_192' title='bbox 659 1941 910 1966; x_wconf 87' lang='lat' dir='ltr'>sermonem.</span> <span class='ocrx_word' id='word_1_193' title='bbox 970 1928 1112 1968; x_wconf 80' lang='lat' dir='ltr'>Aaron</span> <span class='ocrx_word' id='word_1_194' title='bbox 1129 1929 1172 1984; x_wconf 74' lang='grc'>6)</span> <span class='ocrx_word' id='word_1_195' title='bbox 1205 1940 1245 1969; x_wconf 91' lang='lat' dir='ltr'>et</span> <span class='ocrx_word' id='word_1_196' title='bbox 1271 1929 1408 1970; x_wconf 84' lang='lat' dir='ltr'>Maria</span> <span class='ocrx_word' id='word_1_197' title='bbox 1435 1948 1550 1972; x_wconf 84' lang='lat' dir='ltr'>mur-</span> 
     </span>
     <span class='ocr_line' id='line_1_25' title="bbox 129 2002 1547 2058; baseline 0.005 -15"><span class='ocrx_word' id='word_1_198' title='bbox 129 2014 309 2052; x_wconf 89' lang='lat' dir='ltr'>murant,</span> <span class='ocrx_word' id='word_1_199' title='bbox 341 2002 439 2058; x_wconf 86' lang='lat' dir='ltr'>quia</span> <span class='ocrx_word' id='word_1_200' title='bbox 454 2002 596 2043; x_wconf 82' lang='lat' dir='ltr'>Moses</span> <span class='ocrx_word' id='word_1_201' title='bbox 612 2002 923 2058; x_wconf 82' lang='lat' dir='ltr'>Aethiopissam</span> <span class='ocrx_word' id='word_1_202' title='bbox 953 2004 1078 2046; x_wconf 83' lang='lat' dir='ltr'>habet</span> <span class='ocrx_word' id='word_1_203' title='bbox 1107 2022 1295 2047; x_wconf 83' lang='lat' dir='ltr'>uxorem.</span> <span class='ocrx_word' id='word_1_204' title='bbox 1354 2007 1410 2048; x_wconf 87' lang='lat' dir='ltr'>Et</span> <span class='ocrx_word' id='word_1_205' title='bbox 1438 2025 1547 2051; x_wconf 90' lang='lat' dir='ltr'>nunc</span> 
     </span>
     <span class='ocr_line' id='line_1_26' title="bbox 129 2079 1549 2143; baseline 0.004 -22"><span class='ocrx_word' id='word_1_206' title='bbox 129 2082 272 2122; x_wconf 81' lang='lat' dir='ltr'>Moses</span> <span class='ocrx_word' id='word_1_207' title='bbox 301 2079 613 2136; x_wconf 84' lang='lat' dir='ltr'>Aethiopissam</span> <span class='ocrx_word' id='word_1_208' title='bbox 644 2079 759 2120; x_wconf 85' lang='lat' dir='ltr'>ducit</span> <span class='ocrx_word' id='word_1_209' title='bbox 788 2096 984 2122; x_wconf 79' lang='lat' dir='ltr'>uxorem:</span> <span class='ocrx_word' id='word_1_210' title='bbox 1015 2082 1049 2122; x_wconf 90' lang='lat' dir='ltr'>si</span> <span class='ocrx_word' id='word_1_211' title='bbox 1078 2083 1250 2139; x_wconf 86' lang='lat' dir='ltr'>quidem</span> <span class='ocrx_word' id='word_1_212' title='bbox 1280 2084 1346 2124; x_wconf 79' lang='lat' dir='ltr'>lex</span> <span class='ocrx_word' id='word_1_213' title='bbox 1379 2084 1466 2143; x_wconf 87' lang='lat' dir='ltr'>ejus</span> <span class='ocrx_word' id='word_1_214' title='bbox 1496 2087 1549 2127; x_wconf 86' lang='lat' dir='ltr'>ad</span> 
     </span>
     <span class='ocr_line' id='line_1_27' title="bbox 130 2156 1550 2213; baseline 0.004 -16"><span class='ocrx_word' id='word_1_215' title='bbox 130 2159 234 2198; x_wconf 85' lang='lat' dir='ltr'>hanc</span> <span class='ocrx_word' id='word_1_216' title='bbox 252 2169 437 2198; x_wconf 86' lang='lat' dir='ltr'>nostram</span> <span class='ocrx_word' id='word_1_217' title='bbox 454 2156 765 2213; x_wconf 81' lang='lat' dir='ltr'>Aethiopissam</span> <span class='ocrx_word' id='word_1_218' title='bbox 790 2158 1109 2212; x_wconf 84' lang='lat' dir='ltr'>transmigravit.</span> <span class='ocrx_word' id='word_1_219' title='bbox 1148 2159 1391 2201; x_wconf 86' lang='lat' dir='ltr'>Murmuret</span> <span class='ocrx_word' id='word_1_220' title='bbox 1410 2163 1550 2204; x_wconf 83' lang='lat' dir='ltr'>Aaron</span> 
     </span>
     <span class='ocr_line' id='line_1_28' title="bbox 132 2235 1549 2296; baseline 0.004 -21"><span class='ocrx_word' id='word_1_221' title='bbox 132 2235 412 2276; x_wconf 80' lang='lat' dir='ltr'>sacerdotium</span> <span class='ocrx_word' id='word_1_222' title='bbox 423 2235 698 2285; x_wconf 84' lang='lat' dir='ltr'>Judaeorum,</span> <span class='ocrx_word' id='word_1_223' title='bbox 714 2248 950 2277; x_wconf 89' lang='lat' dir='ltr'>murmuret</span> <span class='ocrx_word' id='word_1_224' title='bbox 967 2248 1007 2278; x_wconf 88' lang='lat' dir='ltr'>et</span> <span class='ocrx_word' id='word_1_225' title='bbox 1016 2237 1152 2279; x_wconf 67' lang='lat' dir='ltr'>Nlaria</span> <span class='ocrx_word' id='word_1_226' title='bbox 1167 2254 1371 2296; x_wconf 83' lang='lat' dir='ltr'>synagoga</span> <span class='ocrx_word' id='word_1_227' title='bbox 1388 2256 1549 2290; x_wconf 88' lang='lat' dir='ltr'>eorum,</span> 
     </span>
     <span class='ocr_line' id='line_1_29' title="bbox 133 2313 1551 2374; baseline 0.005 -21"><span class='ocrx_word' id='word_1_228' title='bbox 133 2313 276 2353; x_wconf 83' lang='lat' dir='ltr'>Moses</span> <span class='ocrx_word' id='word_1_229' title='bbox 316 2313 367 2353; x_wconf 88' lang='lat' dir='ltr'>de</span> <span class='ocrx_word' id='word_1_230' title='bbox 404 2313 737 2354; x_wconf 83' lang='lat' dir='ltr'>murmuratione</span> <span class='ocrx_word' id='word_1_231' title='bbox 780 2329 866 2353; x_wconf 91' lang='lat' dir='ltr'>non</span> <span class='ocrx_word' id='word_1_232' title='bbox 908 2326 1046 2367; x_wconf 87' lang='lat' dir='ltr'>curat,</span> <span class='ocrx_word' id='word_1_233' title='bbox 1091 2328 1202 2357; x_wconf 86' lang='lat' dir='ltr'>amat</span> <span class='ocrx_word' id='word_1_234' title='bbox 1240 2317 1551 2374; x_wconf 84' lang='lat' dir='ltr'>Aethiopissam</span> 
     </span>
    </p>
   </div>
   <div class='ocr_carea' id='block_1_3' title="bbox 135 2389 1551 2450">
    <p class='ocr_par' dir='ltr' id='par_1_3' title="bbox 135 2389 1551 2450">
     <span class='ocr_line' id='line_1_30' title="bbox 135 2389 1551 2450; baseline -0.001 -22"><span class='ocrx_word' id='word_1_235' title='bbox 135 2405 273 2438; x_wconf 86' lang='lat' dir='ltr'>suam,</span> <span class='ocrx_word' id='word_1_236' title='bbox 314 2390 367 2429; x_wconf 84' lang='lat' dir='ltr'>de</span> <span class='ocrx_word' id='word_1_237' title='bbox 397 2406 477 2445; x_wconf 87' lang='lat' dir='ltr'>qua</span> <span class='ocrx_word' id='word_1_238' title='bbox 508 2402 547 2431; x_wconf 81' lang='lat' dir='ltr'>et</span> <span class='ocrx_word' id='word_1_239' title='bbox 582 2390 681 2431; x_wconf 81' lang='lat' dir='ltr'>alibi</span> <span class='ocrx_word' id='word_1_240' title='bbox 714 2389 867 2431; x_wconf 80' lang='lat' dir='ltr'>dicitur</span> <span class='ocrx_word' id='word_1_241' title='bbox 896 2407 973 2446; x_wconf 86' lang='lat' dir='ltr'>per</span> <span class='ocrx_word' id='word_1_242' title='bbox 1001 2393 1276 2449; x_wconf 82' lang='lat' dir='ltr'>prophetam:</span> <span class='ocrx_word' id='word_1_243' title='bbox 1310 2396 1395 2445; x_wconf 85' lang='lat' dir='ltr'>„ab</span> <span class='ocrx_word' id='word_1_244' title='bbox 1414 2394 1455 2450; x_wconf 81' lang='lat'>⁷)</span> <span class='ocrx_word' id='word_1_245' title='bbox 1486 2411 1551 2436; x_wconf 66' lang='lat' dir='ltr'>ex-</span> 
     </span>
    </p>
   </div>
   <div class='ocr_carea' id='block_1_4' title="bbox 273 2505 468 2510">
    <p class='ocr_par' dir='ltr' id='par_1_4' title="bbox 273 2505 468 2510">
     <span class='ocr_line' id='line_1_31' title="bbox 273 2505 468 2510; baseline 0 0"><span class='ocrx_word' id='word_1_246' title='bbox 273 2505 468 2510; x_wconf 95' lang='lat' dir='ltr'> </span> 
     </span>
    </p>
   </div>
   <div class='ocr_carea' id='block_1_5' title="bbox 252 2571 1547 2911">
    <p class='ocr_par' dir='ltr' id='par_1_5' title="bbox 253 2571 1278 2630">
     <span class='ocr_line' id='line_1_32' title="bbox 253 2571 1278 2630; baseline 0.005 -18"><span class='ocrx_word' id='word_1_247' title='bbox 253 2572 293 2624; x_wconf 84' lang='lat'>¹.)</span> <span class='ocrx_word' id='word_1_248' title='bbox 328 2571 486 2613; x_wconf 87' lang='lat' dir='ltr'>Cantic.</span> <span class='ocrx_word' id='word_1_249' title='bbox 517 2574 634 2623; x_wconf 89' lang='lat' dir='ltr'>VIII,</span> <span class='ocrx_word' id='word_1_250' title='bbox 666 2574 703 2616; x_wconf 86' lang='lat'>5.</span> <span class='ocrx_word' id='word_1_251' title='bbox 824 2575 868 2630; x_wconf 87' lang='lat'>²)</span> <span class='ocrx_word' id='word_1_252' title='bbox 903 2577 1060 2618; x_wconf 87' lang='lat' dir='ltr'>Cantic.</span> <span class='ocrx_word' id='word_1_253' title='bbox 1091 2579 1210 2627; x_wconf 84' lang='lat' dir='ltr'>VIII,</span> <span class='ocrx_word' id='word_1_254' title='bbox 1241 2577 1278 2620; x_wconf 82' lang='lat'>5.</span> 
     </span>
    </p>

    <p class='ocr_par' dir='ltr' id='par_1_6' title="bbox 252 2642 1273 2698">
     <span class='ocr_line' id='line_1_33' title="bbox 252 2642 1273 2698; baseline 0.007 -16"><span class='ocrx_word' id='word_1_255' title='bbox 252 2643 295 2698; x_wconf 83' lang='lat'>³)</span> <span class='ocrx_word' id='word_1_256' title='bbox 325 2642 432 2683; x_wconf 89' lang='lat' dir='ltr'>Edd.</span> <span class='ocrx_word' id='word_1_257' title='bbox 465 2642 526 2682; x_wconf 88' lang='lat' dir='ltr'>M.</span> <span class='ocrx_word' id='word_1_258' title='bbox 558 2643 680 2684; x_wconf 89' lang='lat' dir='ltr'>valde</span> <span class='ocrx_word' id='word_1_259' title='bbox 712 2656 903 2687; x_wconf 87' lang='lat' dir='ltr'>contorte</span> <span class='ocrx_word' id='word_1_260' title='bbox 933 2647 1035 2688; x_wconf 87' lang='lat' dir='ltr'>haec</span> <span class='ocrx_word' id='word_1_261' title='bbox 1067 2648 1273 2690; x_wconf 77' lang='lat' dir='ltr'>exhibent.</span> 
     </span>
    </p>

    <p class='ocr_par' dir='ltr' id='par_1_7' title="bbox 253 2712 893 2772">
     <span class='ocr_line' id='line_1_34' title="bbox 253 2712 893 2772; baseline 0.009 -21"><span class='ocrx_word' id='word_1_262' title='bbox 253 2712 294 2766; x_wconf 76' lang='lat'>4)</span> <span class='ocrx_word' id='word_1_263' title='bbox 327 2712 407 2753; x_wconf 88' lang='lat' dir='ltr'>Ed.</span> <span class='ocrx_word' id='word_1_264' title='bbox 438 2712 593 2753; x_wconf 80' lang='lat' dir='ltr'>Ruaei:</span> <span class='ocrx_word' id='word_1_265' title='bbox 622 2712 893 2772; x_wconf 67' lang='grc' dir='ltr'>(ὶόελφιδήν.</span> 
     </span>
    </p>

    <p class='ocr_par' dir='ltr' id='par_1_8' title="bbox 254 2782 1224 2841">
     <span class='ocr_line' id='line_1_35' title="bbox 254 2782 1224 2841; baseline 0.007 -19"><span class='ocrx_word' id='word_1_266' title='bbox 254 2782 294 2837; x_wconf 77' lang='lat'>⁶)</span> <span class='ocrx_word' id='word_1_267' title='bbox 328 2783 485 2824; x_wconf 79' lang='lat' dir='ltr'>Cantic.</span> <span class='ocrx_word' id='word_1_268' title='bbox 517 2784 636 2834; x_wconf 77' lang='lat' dir='ltr'>VIII,</span> <span class='ocrx_word' id='word_1_269' title='bbox 667 2784 705 2827; x_wconf 88' lang='lat'>5.</span> <span class='ocrx_word' id='word_1_270' title='bbox 824 2785 871 2841; x_wconf 88' lang='lat'>⁶)</span> <span class='ocrx_word' id='word_1_271' title='bbox 901 2788 1025 2829; x_wconf 73' lang='lat' dir='ltr'>Num.</span> <span class='ocrx_word' id='word_1_272' title='bbox 1056 2788 1155 2839; x_wconf 86' lang='lat' dir='ltr'>XII,</span> <span class='ocrx_word' id='word_1_273' title='bbox 1188 2789 1224 2831; x_wconf 88' lang='lat'>1.</span> 
     </span>
    </p>

    <p class='ocr_par' dir='ltr' id='par_1_9' title="bbox 256 2853 1547 2911">
     <span class='ocr_line' id='line_1_36' title="bbox 256 2853 1547 2911; baseline 0.002 -17"><span class='ocrx_word' id='word_1_274' title='bbox 256 2854 294 2907; x_wconf 67' lang='grc'>7)</span> <span class='ocrx_word' id='word_1_275' title='bbox 329 2853 413 2895; x_wconf 81' lang='lat' dir='ltr'>Cfr.</span> <span class='ocrx_word' id='word_1_276' title='bbox 431 2853 583 2894; x_wconf 84' lang='lat' dir='ltr'>Psalm.</span> <span class='ocrx_word' id='word_1_277' title='bbox 603 2854 778 2906; x_wconf 86' lang='lat' dir='ltr'>LXXII,</span> <span class='ocrx_word' id='word_1_278' title='bbox 793 2853 913 2911; x_wconf 53' lang='lat'><strong>8:10.</strong></span> <span class='ocrx_word' id='word_1_279' title='bbox 938 2880 986 2887; x_wconf 90' lang='lat'>-—</span> <span class='ocrx_word' id='word_1_280' title='bbox 1010 2857 1326 2900; x_wconf 64' lang='lat' dir='ltr'>Edd.B&#39;Ie1-lini:</span> <span class='ocrx_word' id='word_1_281' title='bbox 1357 2859 1547 2899; x_wconf 70' lang='lat' dir='ltr'>offerent.</span> 
     </span>
    </p>
   </div>
  </div>
 </body>
</html>
