1759 3134
675 118 927 162 PROLOGUS·
1431 124 1510 170 321

95 245 182 273 esse
215 247 512 287 cognoscamus
543 231 792 273 coelestem:
831 243 932 272 tunc
969 230 1053 290 jam
1091 233 1214 275 nobis
1255 236 1380 279 etiam
1421 239 1512 295 ipse

94 309 282 351 Christus
307 310 578 352 Ecclesiastes
609 309 803 360 efficitur,
835 320 876 349 et
904 324 991 349 non
1022 310 1161 352 solum
1191 312 1233 353 in
1263 314 1406 366 Israel,
1435 318 1511 357 sed

93 398 134 427 et
173 387 214 427 in
255 387 520 429 Hierusalem
556 403 726 440 regnare
768 385 933 427 dicitur.
994 386 1103 428 Cum
1146 406 1244 431 vcro
1287 393 1338 433 ad
1368 395 1510 449 perfe-

91 463 274 505 ctionem
320 466 510 508 omnium
555 477 726 507 ventum
770 464 920 515 fuerit,
967 476 1008 506 et
1052 482 1204 522 sponsa
1245 469 1283 509 ei
1321 472 1510 526 perfecta

89 540 224 582 omnis
265 542 461 586 duntaxat
499 542 712 586 rationalis
752 552 940 582 creatura
977 540 1192 598 jungetur,
1232 545 1328 600 quia
1365 548 1510 602 pacifi-

88 619 196 660 cavit
231 636 309 676 per
333 621 373 677 ¹)
414 622 655 675 sanguinem
695 636 818 661 suum
857 634 943 660 non
973 620 1133 671 solum,
1178 638 1283 678 quae
1313 623 1358 663 in
1387 625 1508 666 terris

84 708 201 746 sunt,
239 698 314 738 sed
353 710 394 739 et
432 715 538 756 quae
574 700 617 740 in
651 696 801 740 coelis:
839 707 940 737 tunc
971 697 1178 739 Salomon
1208 702 1504 742 tantummodo

83 772 260 825 dicetur,
292 777 443 832 cum2)
473 774 722 828 „tradiderit
739 790 915 828 regnum
934 775 1031 816 Deo
1062 788 1104 816 et
1131 777 1256 833 patri,
1289 795 1384 820 cum
1415 795 1508 821 eva-

84 852 271 893 cuaverit
300 868 471 894 omnem
500 853 786 910 principatum
817 864 858 894 et
877 864 1143 909 potestatem.
1190 855 1376 912 Oportet
1395 857 1508 898 enim

83 944 181 970 eum
207 945 395 983 regnare,
426 931 561 971 donec
590 942 723 986 ponat
752 930 946 971 inimicos
977 947 1074 972 suos
1105 933 1182 972 sub
1213 933 1392 988 pedibus
1410 935 1508 986 suis,

82 1017 125 1047 et
153 1006 403 1049 novissimus
434 1007 628 1049 inimicus
660 1009 898 1050 destruatur
926 1015 1082 1052 mors.“
1141 1009 1196 1051 Et
1226 1010 1284 1052 ita
1313 1011 1508 1067 pacifica-

81 1084 136 1126 tis
164 1086 360 1127 omnibus
390 1086 582 1143 patrique
613 1086 834 1146 subjectis,
867 1104 964 1129 cum
995 1087 1074 1128 erit
1100 1087 1186 1146 jam
1214 1089 1334 1130 Deus
1365 1091 1507 1132 omnia

81 1162 126 1204 in
157 1164 365 1215 omnibus,
396 1165 603 1206 Salomon
631 1165 944 1216 tantummodo,
974 1164 1018 1206 id
1051 1176 1134 1217 est,
1163 1166 1278 1208 solus
1308 1169 1508 1224 pacificus

81 1240 382 1285 nominabitur.
443 1241 748 1298 Competenter
787 1259 884 1296 ergo
926 1243 969 1284 in
1007 1244 1091 1284 hoc
1130 1242 1304 1295 libello,
1344 1245 1417 1302 qui
1454 1247 1506 1287 de

80 1335 226 1362 amore
263 1337 440 1377 sponsae
483 1332 525 1361 et
554 1320 698 1376 sponsi
729 1333 816 1362 erat
845 1321 1111 1372 scribendus,
1152 1321 1279 1363 ctiam
1314 1340 1394 1379 pro
1425 1323 1508 1365 hoc

79 1415 216 1455 neque
246 1398 357 1439 filius
387 1397 547 1448 David,
577 1414 714 1454 neque
744 1415 839 1448 rex,
869 1414 1007 1454 neque
1039 1398 1156 1439 aliud
1184 1399 1360 1451 horum,
1393 1402 1510 1457 quod

78 1477 132 1517 ad
172 1493 428 1534 corporeum
463 1474 675 1532 pertinere
705 1476 841 1532 possit
876 1475 1163 1528 intellectum,
1203 1478 1420 1531 scribitur,
1461 1492 1508 1521 ut

78 1554 232 1595 merito
274 1554 327 1595 de
368 1571 418 1595 eo
459 1555 647 1611 perfecta
685 1553 770 1613 jam
800 1570 953 1610 sponsa
985 1554 1119 1606 dicat,
1161 1556 1258 1612 quia
1295 1569 1379 1608 „et
1399 1558 1442 1614 ³)
1474 1558 1509 1600 si

77 1632 305 1689 aliquando
344 1632 618 1686 cognovimus
661 1632 876 1674 Christum
923 1634 1156 1674 secundum
1196 1651 1386 1687 carnem,
1430 1637 1505 1677 sed

78 1725 190 1751 nunc
217 1710 302 1769 jam
330 1727 420 1751 non
446 1710 706 1751 novimus:“
743 1726 796 1751 ne
819 1709 862 1766 ⁴²)
902 1710 992 1766 quis
1034 1722 1180 1766 putet,
1219 1728 1311 1754 eam
1354 1730 1507 1770 corpo-

80 1804 202 1829 reum
239 1787 402 1845 aliquid
439 1804 600 1839 amare,
649 1799 719 1828 aut
756 1787 800 1828 in
839 1803 960 1829 carne
998 1788 1208 1845 positum,
1256 1803 1299 1832 et
1342 1793 1508 1834 macula

81 1866 220 1923 aliqua
257 1865 393 1908 amori
433 1864 521 1923 ejus
567 1866 761 1907 credatur
799 1864 958 1907 induci.
1018 1866 1251 1923 Propterea
1284 1869 1507 1911 Canticum

82 1943 357 1986 Canticorum
384 1943 609 1985 Salomoni
637 1945 934 1986 tantummodo
967 1957 1044 1996 est,
1072 1962 1210 2003 neque
1227 1948 1268 2004 5)
1298 1947 1390 1989 filio
1420 1949 1509 1990 Da-

79 2021 165 2073 vid,
195 2038 333 2079 neque
362 2021 450 2076 regi
480 2022 624 2072 Israel,
653 2038 790 2079 neque
819 2021 960 2078 aliqua
991 2022 1032 2064 in
1063 2023 1127 2065 his
1155 2041 1327 2081 prorsus
1359 2026 1511 2067 misce·

78 2109 149 2140 tur
186 2099 360 2141 carnalis
399 2099 583 2142 nominis
621 2098 912 2153 intelligentia.
971 2099 1030 2141 Et
1065 2117 1118 2142 ne
1147 2101 1336 2154 mireris,
1376 2104 1506 2160 quod,

83 2194 180 2219 cum
209 2194 314 2219 unus
349 2190 474 2235 atque
505 2178 621 2220 idem
649 2177 704 2220 sit
735 2177 932 2219 dominus
963 2190 1089 2236 atque
1132 2180 1316 2222 salvator
1351 2192 1511 2233 noster,

82 2255 294 2307 dicamus,
341 2272 437 2297 eum
475 2256 593 2298 velut
628 2257 838 2299 minorem
882 2256 1024 2314 primo
1069 2257 1114 2299 in
1157 2258 1422 2311 Proverbiis,
1468 2270 1510 2300 et

81 2334 234 2376 deinde
271 2333 568 2391 proficientem
604 2334 649 2376 in
678 2334 960 2388 Ecclesiaste,
1000 2347 1043 2379 et
1079 2348 1179 2394 post
1214 2336 1317 2380 haec
1356 2337 1508 2379 habere

200 2539 241 2596 ¹)
269 2537 379 2580 Edd.
410 2538 609 2581 Merlini:
649 2557 762 2597 „per
790 2540 1035 2596 sanguinem
1074 2555 1163 2583 non
1201 2541 1362 2593 solum,
1403 2558 1509 2599 quae

83 2618 134 2627 —-
166 2607 280 2647 sunt,
312 2595 385 2636 sed
416 2612 521 2651 quae
550 2595 596 2637 in
626 2597 797 2639 coelis.“
827 2625 883 2633 —
915 2600 1002 2644 Cfr.
1036 2600 1200 2644 Coloss.
1232 2601 1267 2651 I,
1293 2599 1363 2646 20.

196 2668 240 2725 ²)
274 2666 360 2708 Cfr.
391 2667 412 2707 I
431 2666 528 2708 Cor.
559 2666 654 2718 XV,
682 2667 880 2714 24-26.

195 2739 239 2796 3)
271 2738 313 2778 II
335 2737 431 2779 Cor.
464 2737 514 2787 V,
545 2737 610 2780 16.

198 2809 242 2866 ⁴)
272 2808 380 2849 Edd.
410 2807 605 2849 Merlini:
635 2825 771 2866 neque
804 2811 895 2867 quis
925 2824 1059 2869 putet.

196 2880 240 2936 ⁵)
269 2879 378 2921 Edd.
410 2877 603 2920 Merlini:
636 2891 676 2920 ct
705 2897 842 2938 ncquc
873 2882 964 2924 filio
997 2897 1075 2928 etc,

85 2950 509 3001 Onmms'opsm.
541 2957 660 3000 Tom.
684 2958 802 3003 XIV.
1143 2958 1196 3007 21
