<?xml version="1.0" encoding="UTF-8"?>
<!DOCTYPE html PUBLIC "-//W3C//DTD XHTML 1.0 Transitional//EN"
    "http://www.w3.org/TR/xhtml1/DTD/xhtml1-transitional.dtd">
<html xmlns="http://www.w3.org/1999/xhtml" xml:lang="en" lang="en">
 <head>
  <title>
</title>
<meta http-equiv="Content-Type" content="text/html;charset=utf-8" />
  <meta name='ocr-system' content='tesseract 3.04.00' />
  <meta name='ocr-capabilities' content='ocr_page ocr_carea ocr_par ocr_line ocrx_word'/>
</head>
<body>
  <div class='ocr_page' id='page_1' title='image "./operaomniaquaegr14orig_0049.png"; bbox 0 0 1738 3134; ppageno 0'>
   <div class='ocr_carea' id='block_1_1' title="bbox 654 129 1505 174">
    <p class='ocr_par' dir='ltr' id='par_1_1' title="bbox 654 129 1505 174">
     <span class='ocr_line' id='line_1_1' title="bbox 654 129 1505 174; baseline 0.005 -4"><span class='ocrx_word' id='word_1_1' title='bbox 654 129 853 171; x_wconf 77' lang='lat' dir='ltr'>HommA</span> <span class='ocrx_word' id='word_1_2' title='bbox 883 129 937 168; x_wconf 92' lang='grc' dir='ltr'>ΙΙ.</span> <span class='ocrx_word' id='word_1_3' title='bbox 1450 130 1505 174; x_wconf 86' lang='grc'>33</span> 
     </span>
    </p>
   </div>
   <div class='ocr_carea' id='block_1_2' title="bbox 83 238 1514 2678">
    <p class='ocr_par' dir='ltr' id='par_1_2' title="bbox 83 238 1514 2678">
     <span class='ocr_line' id='line_1_2' title="bbox 91 238 1504 296; baseline -0.001 -13"><span class='ocrx_word' id='word_1_4' title='bbox 91 243 282 292; x_wconf 87' lang='lat' dir='ltr'>chielem,</span> <span class='ocrx_word' id='word_1_5' title='bbox 317 241 457 282; x_wconf 87' lang='lat' dir='ltr'>dicens</span> <span class='ocrx_word' id='word_1_6' title='bbox 489 241 547 282; x_wconf 84' lang='lat' dir='ltr'>ei:</span> <span class='ocrx_word' id='word_1_7' title='bbox 580 241 642 282; x_wconf 84' lang='lat' dir='ltr'>fili</span> <span class='ocrx_word' id='word_1_8' title='bbox 671 240 865 290; x_wconf 87' lang='lat' dir='ltr'>hominis,</span> <span class='ocrx_word' id='word_1_9' title='bbox 896 239 1104 295; x_wconf 85' lang='lat' dir='ltr'>propheta</span> <span class='ocrx_word' id='word_1_10' title='bbox 1129 238 1232 279; x_wconf 88' lang='lat' dir='ltr'>mihi</span> <span class='ocrx_word' id='word_1_11' title='bbox 1255 254 1383 295; x_wconf 86' lang='lat' dir='ltr'>super</span> <span class='ocrx_word' id='word_1_12' title='bbox 1405 256 1504 296; x_wconf 83' lang='lat' dir='ltr'>pro-</span> 
     </span>
     <span class='ocr_line' id='line_1_3' title="bbox 89 317 1507 376; baseline -0.002 -15"><span class='ocrx_word' id='word_1_13' title='bbox 89 321 234 376; x_wconf 87' lang='lat' dir='ltr'>phetas</span> <span class='ocrx_word' id='word_1_14' title='bbox 264 320 434 360; x_wconf 89' lang='lat' dir='ltr'>Israel.“</span> <span class='ocrx_word' id='word_1_15' title='bbox 493 319 682 359; x_wconf 85' lang='lat' dir='ltr'>Fuerunt</span> <span class='ocrx_word' id='word_1_16' title='bbox 722 317 895 373; x_wconf 85' lang='lat' dir='ltr'>quidem</span> <span class='ocrx_word' id='word_1_17' title='bbox 932 328 973 357; x_wconf 90' lang='lat' dir='ltr'>et</span> <span class='ocrx_word' id='word_1_18' title='bbox 1008 317 1242 373; x_wconf 87' lang='lat' dir='ltr'>prophetae</span> <span class='ocrx_word' id='word_1_19' title='bbox 1272 317 1402 358; x_wconf 82' lang='lat' dir='ltr'>Israel</span> <span class='ocrx_word' id='word_1_20' title='bbox 1429 334 1507 358; x_wconf 84' lang='lat' dir='ltr'>no-</span> 
     </span>
     <span class='ocr_line' id='line_1_4' title="bbox 89 393 1503 452; baseline -0.001 -15"><span class='ocrx_word' id='word_1_21' title='bbox 89 397 202 437; x_wconf 87' lang='lat' dir='ltr'>mine</span> <span class='ocrx_word' id='word_1_22' title='bbox 232 396 373 452; x_wconf 86' lang='lat' dir='ltr'>potius</span> <span class='ocrx_word' id='word_1_23' title='bbox 404 412 527 451; x_wconf 87' lang='lat' dir='ltr'>quam</span> <span class='ocrx_word' id='word_1_24' title='bbox 557 393 742 435; x_wconf 84' lang='lat' dir='ltr'>veritate.</span> <span class='ocrx_word' id='word_1_25' title='bbox 791 393 897 434; x_wconf 85' lang='lat' dir='ltr'><strong>Sunt</strong></span> <span class='ocrx_word' id='word_1_26' title='bbox 928 405 1068 434; x_wconf 89' lang='lat' dir='ltr'>autem</span> <span class='ocrx_word' id='word_1_27' title='bbox 1100 405 1141 434; x_wconf 89' lang='lat' dir='ltr'>et</span> <span class='ocrx_word' id='word_1_28' title='bbox 1169 393 1297 435; x_wconf 87' lang='lat' dir='ltr'>hodie</span> <span class='ocrx_word' id='word_1_29' title='bbox 1327 394 1368 435; x_wconf 88' lang='lat' dir='ltr'>in</span> <span class='ocrx_word' id='word_1_30' title='bbox 1400 410 1503 435; x_wconf 86' lang='lat' dir='ltr'>vero</span> 
     </span>
     <span class='ocr_line' id='line_1_5' title="bbox 91 470 1508 526; baseline -0.002 -12"><span class='ocrx_word' id='word_1_31' title='bbox 91 475 242 524; x_wconf 83' lang='lat' dir='ltr'>Israel,</span> <span class='ocrx_word' id='word_1_32' title='bbox 272 474 317 514; x_wconf 88' lang='lat' dir='ltr'>id</span> <span class='ocrx_word' id='word_1_33' title='bbox 351 484 411 513; x_wconf 92' lang='lat' dir='ltr'>est</span> <span class='ocrx_word' id='word_1_34' title='bbox 442 471 635 521; x_wconf 81' lang='lat' dir='ltr'>ecclesia,</span> <span class='ocrx_word' id='word_1_35' title='bbox 667 470 837 526; x_wconf 85' lang='lat' dir='ltr'>quidam</span> <span class='ocrx_word' id='word_1_36' title='bbox 866 471 1302 525; x_wconf 88' lang='lat' dir='ltr'>pseudo-prophetae,</span> <span class='ocrx_word' id='word_1_37' title='bbox 1344 482 1385 511; x_wconf 87' lang='lat' dir='ltr'>et</span> <span class='ocrx_word' id='word_1_38' title='bbox 1412 471 1508 512; x_wconf 88' lang='lat' dir='ltr'>falsi</span> 
     </span>
     <span class='ocr_line' id='line_1_6' title="bbox 90 547 1510 606; baseline -0.002 -14"><span class='ocrx_word' id='word_1_39' title='bbox 90 551 293 604; x_wconf 80' lang='lat' dir='ltr'>magistri,</span> <span class='ocrx_word' id='word_1_40' title='bbox 335 550 484 606; x_wconf 88' lang='lat' dir='ltr'>quibus</span> <span class='ocrx_word' id='word_1_41' title='bbox 521 547 589 589; x_wconf 86' lang='lat' dir='ltr'>hic</span> <span class='ocrx_word' id='word_1_42' title='bbox 615 548 654 602; x_wconf 87' lang='lat'>¹)</span> <span class='ocrx_word' id='word_1_43' title='bbox 687 563 825 586; x_wconf 87' lang='lat' dir='ltr'>sermo</span> <span class='ocrx_word' id='word_1_44' title='bbox 850 547 1132 602; x_wconf 81' lang='lat' dir='ltr'>praenuntiat.</span> <span class='ocrx_word' id='word_1_45' title='bbox 1192 547 1239 588; x_wconf 88' lang='lat' dir='ltr'>Si</span> <span class='ocrx_word' id='word_1_46' title='bbox 1268 564 1336 587; x_wconf 89' lang='lat' dir='ltr'>me</span> <span class='ocrx_word' id='word_1_47' title='bbox 1367 560 1510 600; x_wconf 83' lang='lat' dir='ltr'>arguat</span> 
     </span>
     <span class='ocr_line' id='line_1_7' title="bbox 89 623 1507 679; baseline -0.003 -10"><span class='ocrx_word' id='word_1_48' title='bbox 89 629 174 669; x_wconf 85' lang='lat' dir='ltr'>Dei</span> <span class='ocrx_word' id='word_1_49' title='bbox 203 644 357 677; x_wconf 89' lang='lat' dir='ltr'>sermo,</span> <span class='ocrx_word' id='word_1_50' title='bbox 386 626 556 667; x_wconf 81' lang='lat' dir='ltr'>tentabo</span> <span class='ocrx_word' id='word_1_51' title='bbox 590 623 797 665; x_wconf 85' lang='lat' dir='ltr'>converti:</span> <span class='ocrx_word' id='word_1_52' title='bbox 828 639 928 673; x_wconf 84' lang='lat' dir='ltr'>nee,</span> <span class='ocrx_word' id='word_1_53' title='bbox 960 623 1055 679; x_wconf 86' lang='lat' dir='ltr'>quia</span> <span class='ocrx_word' id='word_1_54' title='bbox 1083 625 1306 664; x_wconf 81' lang='lat' dir='ltr'>adversum</span> <span class='ocrx_word' id='word_1_55' title='bbox 1333 640 1403 664; x_wconf 88' lang='lat' dir='ltr'>me</span> <span class='ocrx_word' id='word_1_56' title='bbox 1432 625 1507 665; x_wconf 80' lang='lat' dir='ltr'>ali-</span> 
     </span>
     <span class='ocr_line' id='line_1_8' title="bbox 91 700 1507 761; baseline -0.003 -15"><span class='ocrx_word' id='word_1_57' title='bbox 91 722 172 761; x_wconf 91' lang='lat' dir='ltr'>qua</span> <span class='ocrx_word' id='word_1_58' title='bbox 202 705 415 753; x_wconf 87' lang='lat' dir='ltr'>dicuntur,</span> <span class='ocrx_word' id='word_1_59' title='bbox 447 702 518 758; x_wconf 87' lang='lat' dir='ltr'>qui</span> <span class='ocrx_word' id='word_1_60' title='bbox 551 702 696 742; x_wconf 86' lang='lat' dir='ltr'>videor</span> <span class='ocrx_word' id='word_1_61' title='bbox 727 702 878 741; x_wconf 90' lang='lat' dir='ltr'>doctor</span> <span class='ocrx_word' id='word_1_62' title='bbox 909 717 995 741; x_wconf 81' lang='lat' dir='ltr'>esse</span> <span class='ocrx_word' id='word_1_63' title='bbox 1028 700 1250 751; x_wconf 87' lang='lat' dir='ltr'>ecclesiae,</span> <span class='ocrx_word' id='word_1_64' title='bbox 1282 702 1417 742; x_wconf 83' lang='lat' dir='ltr'>debeo</span> <span class='ocrx_word' id='word_1_65' title='bbox 1445 712 1507 742; x_wconf 85' lang='lat' dir='ltr'>ta-</span> 
     </span>
     <span class='ocr_line' id='line_1_9' title="bbox 90 778 1507 834; baseline -0.004 -11"><span class='ocrx_word' id='word_1_66' title='bbox 90 798 204 823; x_wconf 91' lang='lat' dir='ltr'>cere:</span> <span class='ocrx_word' id='word_1_67' title='bbox 239 797 386 821; x_wconf 84' lang='lat' dir='ltr'>verum</span> <span class='ocrx_word' id='word_1_68' title='bbox 424 778 617 819; x_wconf 84' lang='lat' dir='ltr'><strong>mihimet</strong></span> <span class='ocrx_word' id='word_1_69' title='bbox 655 778 736 834; x_wconf 88' lang='lat' dir='ltr'>ipsi</span> <span class='ocrx_word' id='word_1_70' title='bbox 773 794 860 818; x_wconf 91' lang='lat' dir='ltr'>non</span> <span class='ocrx_word' id='word_1_71' title='bbox 895 793 1069 832; x_wconf 81' lang='lat' dir='ltr'>parcens</span> <span class='ocrx_word' id='word_1_72' title='bbox 1108 789 1258 818; x_wconf 89' lang='lat' dir='ltr'>cuncta</span> <span class='ocrx_word' id='word_1_73' title='bbox 1293 778 1507 828; x_wconf 81' lang='lat' dir='ltr'>revelabo,</span> 
     </span>
     <span class='ocr_line' id='line_1_10' title="bbox 89 854 1508 914; baseline -0.002 -16"><span class='ocrx_word' id='word_1_74' title='bbox 89 874 193 914; x_wconf 85' lang='lat' dir='ltr'>quae</span> <span class='ocrx_word' id='word_1_75' title='bbox 226 857 337 897; x_wconf 88' lang='lat' dir='ltr'>dicta</span> <span class='ocrx_word' id='word_1_76' title='bbox 365 868 471 906; x_wconf 89' lang='lat' dir='ltr'>sunt,</span> <span class='ocrx_word' id='word_1_77' title='bbox 502 867 549 896; x_wconf 90' lang='lat' dir='ltr'>ut</span> <span class='ocrx_word' id='word_1_78' title='bbox 580 867 800 896; x_wconf 90' lang='lat' dir='ltr'>convertar</span> <span class='ocrx_word' id='word_1_79' title='bbox 828 870 850 895; x_wconf 82' lang='lat' dir='ltr'>a</span> <span class='ocrx_word' id='word_1_80' title='bbox 882 854 1004 904; x_wconf 82' lang='lat' dir='ltr'>vitiis,</span> <span class='ocrx_word' id='word_1_81' title='bbox 1034 866 1082 895; x_wconf 87' lang='lat' dir='ltr'>ut</span> <span class='ocrx_word' id='word_1_82' title='bbox 1109 855 1208 895; x_wconf 87' lang='lat' dir='ltr'>fiam</span> <span class='ocrx_word' id='word_1_83' title='bbox 1236 871 1323 895; x_wconf 93' lang='lat' dir='ltr'>non</span> <span class='ocrx_word' id='word_1_84' title='bbox 1355 871 1403 895; x_wconf 85' lang='lat' dir='ltr'>ex</span> <span class='ocrx_word' id='word_1_85' title='bbox 1432 855 1508 906; x_wconf 83' lang='lat' dir='ltr'>his,</span> 
     </span>
     <span class='ocr_line' id='line_1_11' title="bbox 88 931 1506 990; baseline -0.001 -15"><span class='ocrx_word' id='word_1_86' title='bbox 88 951 192 990; x_wconf 88' lang='lat' dir='ltr'>quos</span> <span class='ocrx_word' id='word_1_87' title='bbox 222 934 439 989; x_wconf 80' lang='lat' dir='ltr'>Scriptura</span> <span class='ocrx_word' id='word_1_88' title='bbox 476 949 586 973; x_wconf 91' lang='lat' dir='ltr'>nunc</span> <span class='ocrx_word' id='word_1_89' title='bbox 616 931 812 987; x_wconf 82' lang='lat' dir='ltr'>corripit,</span> <span class='ocrx_word' id='word_1_90' title='bbox 853 932 927 972; x_wconf 86' lang='lat' dir='ltr'>sed</span> <span class='ocrx_word' id='word_1_91' title='bbox 959 948 1007 972; x_wconf 82' lang='lat' dir='ltr'>ex</span> <span class='ocrx_word' id='word_1_92' title='bbox 1036 931 1121 982; x_wconf 88' lang='lat' dir='ltr'>his,</span> <span class='ocrx_word' id='word_1_93' title='bbox 1165 932 1238 988; x_wconf 88' lang='lat' dir='ltr'>qui</span> <span class='ocrx_word' id='word_1_94' title='bbox 1266 949 1506 973; x_wconf 87' lang='lat' dir='ltr'>sermonem</span> 
     </span>
     <span class='ocr_line' id='line_1_12' title="bbox 85 1009 1507 1065; baseline 0 -14"><span class='ocrx_word' id='word_1_95' title='bbox 85 1012 171 1051; x_wconf 87' lang='lat' dir='ltr'>Dei</span> <span class='ocrx_word' id='word_1_96' title='bbox 199 1010 411 1051; x_wconf 82' lang='lat' dir='ltr'>verissime</span> <span class='ocrx_word' id='word_1_97' title='bbox 437 1009 725 1065; x_wconf 83' lang='lat' dir='ltr'>praedicantes</span> <span class='ocrx_word' id='word_1_98' title='bbox 755 1009 797 1049; x_wconf 89' lang='lat' dir='ltr'>in</span> <span class='ocrx_word' id='word_1_99' title='bbox 829 1009 1004 1049; x_wconf 87' lang='lat' dir='ltr'>ecclesia</span> <span class='ocrx_word' id='word_1_100' title='bbox 1035 1009 1279 1050; x_wconf 77' lang='lat' dir='ltr'>exstiterunt</span> <span class='ocrx_word' id='word_1_101' title='bbox 1308 1010 1507 1063; x_wconf 86' lang='lat' dir='ltr'>magistri.</span> 
     </span>
     <span class='ocr_line' id='line_1_13' title="bbox 86 1085 1507 1144; baseline -0.001 -16"><span class='ocrx_word' id='word_1_102' title='bbox 86 1089 335 1144; x_wconf 83' lang='lat' dir='ltr'>„Propheta</span> <span class='ocrx_word' id='word_1_103' title='bbox 357 1086 400 1143; x_wconf 83' lang='grc'>2&gt;</span> <span class='ocrx_word' id='word_1_104' title='bbox 439 1089 578 1141; x_wconf 81' lang='lat' dir='ltr'>super&#39;</span> <span class='ocrx_word' id='word_1_105' title='bbox 602 1086 829 1142; x_wconf 86' lang='lat' dir='ltr'>prophetas</span> <span class='ocrx_word' id='word_1_106' title='bbox 859 1085 1008 1135; x_wconf 90' lang='lat' dir='ltr'>Israel,</span> <span class='ocrx_word' id='word_1_107' title='bbox 1048 1085 1119 1141; x_wconf 89' lang='lat' dir='ltr'>qui</span> <span class='ocrx_word' id='word_1_108' title='bbox 1148 1087 1425 1142; x_wconf 88' lang='lat' dir='ltr'>prophetant,</span> <span class='ocrx_word' id='word_1_109' title='bbox 1466 1098 1507 1127; x_wconf 88' lang='lat' dir='ltr'>et</span> 
     </span>
     <span class='ocr_line' id='line_1_14' title="bbox 88 1163 1510 1220; baseline 0.001 -16"><span class='ocrx_word' id='word_1_110' title='bbox 88 1165 200 1205; x_wconf 89' lang='lat' dir='ltr'>dices</span> <span class='ocrx_word' id='word_1_111' title='bbox 231 1164 492 1220; x_wconf 86' lang='lat' dir='ltr'>prophetis.“</span> <span class='ocrx_word' id='word_1_112' title='bbox 552 1163 786 1217; x_wconf 82' lang='lat' dir='ltr'>Quomodo</span> <span class='ocrx_word' id='word_1_113' title='bbox 820 1179 925 1218; x_wconf 91' lang='lat' dir='ltr'>opus</span> <span class='ocrx_word' id='word_1_114' title='bbox 956 1163 1259 1218; x_wconf 86' lang='lat' dir='ltr'>prophetarum</span> <span class='ocrx_word' id='word_1_115' title='bbox 1290 1175 1378 1204; x_wconf 85' lang='lat' dir='ltr'>erat</span> <span class='ocrx_word' id='word_1_116' title='bbox 1406 1165 1510 1205; x_wconf 87' lang='lat' dir='ltr'>haec</span> 
     </span>
     <span class='ocr_line' id='line_1_15' title="bbox 86 1239 1508 1297; baseline 0 -15"><span class='ocrx_word' id='word_1_117' title='bbox 86 1241 237 1296; x_wconf 88' lang='lat' dir='ltr'>spiritu</span> <span class='ocrx_word' id='word_1_118' title='bbox 266 1242 523 1296; x_wconf 81' lang='lat' dir='ltr'>praedicere,</span> <span class='ocrx_word' id='word_1_119' title='bbox 554 1256 659 1295; x_wconf 87' lang='lat' dir='ltr'>quae</span> <span class='ocrx_word' id='word_1_120' title='bbox 680 1240 941 1290; x_wconf 86' lang='lat' dir='ltr'>videbantur,</span> <span class='ocrx_word' id='word_1_121' title='bbox 971 1239 1030 1280; x_wconf 84' lang='lat' dir='ltr'>sic</span> <span class='ocrx_word' id='word_1_122' title='bbox 1053 1241 1207 1280; x_wconf 89' lang='lat' dir='ltr'>eodem</span> <span class='ocrx_word' id='word_1_123' title='bbox 1230 1240 1380 1296; x_wconf 80' lang='lat' dir='ltr'>spiritu</span> <span class='ocrx_word' id='word_1_124' title='bbox 1402 1258 1508 1297; x_wconf 89' lang='lat' dir='ltr'>opus</span> 
     </span>
     <span class='ocr_line' id='line_1_16' title="bbox 88 1315 1510 1372; baseline 0.001 -16"><span class='ocrx_word' id='word_1_125' title='bbox 88 1328 149 1357; x_wconf 84' lang='lat' dir='ltr'>est</span> <span class='ocrx_word' id='word_1_126' title='bbox 187 1315 244 1366; x_wconf 87' lang='lat' dir='ltr'>ei,</span> <span class='ocrx_word' id='word_1_127' title='bbox 288 1316 359 1372; x_wconf 89' lang='lat' dir='ltr'>qui</span> <span class='ocrx_word' id='word_1_128' title='bbox 389 1333 598 1372; x_wconf 80' lang='lat' dir='ltr'>exponere</span> <span class='ocrx_word' id='word_1_129' title='bbox 631 1316 746 1372; x_wconf 86' lang='lat' dir='ltr'>cupit</span> <span class='ocrx_word' id='word_1_130' title='bbox 781 1332 848 1366; x_wconf 88' lang='lat' dir='ltr'>ea,</span> <span class='ocrx_word' id='word_1_131' title='bbox 889 1333 993 1372; x_wconf 89' lang='lat' dir='ltr'>quae</span> <span class='ocrx_word' id='word_1_132' title='bbox 1023 1328 1118 1357; x_wconf 87' lang='lat' dir='ltr'>sunt</span> <span class='ocrx_word' id='word_1_133' title='bbox 1148 1318 1327 1358; x_wconf 87' lang='lat' dir='ltr'>latenter</span> <span class='ocrx_word' id='word_1_134' title='bbox 1354 1317 1510 1370; x_wconf 80' lang='lat' dir='ltr'>signifi-</span> 
     </span>
     <span class='ocr_line' id='line_1_17' title="bbox 88 1393 1507 1449; baseline 0.001 -16"><span class='ocrx_word' id='word_1_135' title='bbox 88 1404 188 1443; x_wconf 84' lang='lat' dir='ltr'>cata,</span> <span class='ocrx_word' id='word_1_136' title='bbox 219 1405 267 1433; x_wconf 94' lang='lat' dir='ltr'>ut</span> <span class='ocrx_word' id='word_1_137' title='bbox 295 1405 502 1433; x_wconf 80' lang='lat' dir='ltr'>monstret</span> <span class='ocrx_word' id='word_1_138' title='bbox 527 1409 615 1433; x_wconf 90' lang='lat' dir='ltr'>non</span> <span class='ocrx_word' id='word_1_139' title='bbox 645 1394 698 1433; x_wconf 85' lang='lat' dir='ltr'>ad</span> <span class='ocrx_word' id='word_1_140' title='bbox 730 1409 825 1433; x_wconf 89' lang='lat' dir='ltr'>eum</span> <span class='ocrx_word' id='word_1_141' title='bbox 854 1393 947 1433; x_wconf 82' lang='lat' dir='ltr'>fieri</span> <span class='ocrx_word' id='word_1_142' title='bbox 976 1393 1270 1449; x_wconf 82' lang='lat' dir='ltr'>prophetiam,</span> <span class='ocrx_word' id='word_1_143' title='bbox 1302 1393 1375 1449; x_wconf 88' lang='lat' dir='ltr'>qui</span> <span class='ocrx_word' id='word_1_144' title='bbox 1407 1411 1507 1435; x_wconf 78' lang='lat' dir='ltr'>con·</span> 
     </span>
     <span class='ocr_line' id='line_1_18' title="bbox 85 1469 1506 1526; baseline 0.001 -17"><span class='ocrx_word' id='word_1_145' title='bbox 85 1480 148 1509; x_wconf 88' lang='lat' dir='ltr'>tra</span> <span class='ocrx_word' id='word_1_146' title='bbox 177 1469 262 1509; x_wconf 83' lang='lat' dir='ltr'>Dei</span> <span class='ocrx_word' id='word_1_147' title='bbox 300 1470 426 1509; x_wconf 88' lang='lat' dir='ltr'>docet</span> <span class='ocrx_word' id='word_1_148' title='bbox 464 1470 750 1520; x_wconf 75' lang='lat' dir='ltr'>voluntatem,</span> <span class='ocrx_word' id='word_1_149' title='bbox 791 1469 863 1525; x_wconf 89' lang='lat' dir='ltr'>qui</span> <span class='ocrx_word' id='word_1_150' title='bbox 899 1470 1127 1526; x_wconf 85' lang='lat' dir='ltr'>prophetat</span> <span class='ocrx_word' id='word_1_151' title='bbox 1166 1471 1218 1510; x_wconf 91' lang='lat' dir='ltr'>de</span> <span class='ocrx_word' id='word_1_152' title='bbox 1258 1471 1386 1511; x_wconf 89' lang='lat' dir='ltr'>corde</span> <span class='ocrx_word' id='word_1_153' title='bbox 1416 1487 1506 1512; x_wconf 89' lang='lat' dir='ltr'>su0.</span> 
     </span>
     <span class='ocr_line' id='line_1_19' title="bbox 86 1540 1510 1604; baseline 0.002 -19"><span class='ocrx_word' id='word_1_154' title='bbox 86 1545 208 1585; x_wconf 79' lang='lat' dir='ltr'>Juxta</span> <span class='ocrx_word' id='word_1_155' title='bbox 237 1540 477 1601; x_wconf 86' lang='lat' dir='ltr'>simplicem</span> <span class='ocrx_word' id='word_1_156' title='bbox 508 1546 680 1602; x_wconf 87' lang='lat' dir='ltr'>quidem</span> <span class='ocrx_word' id='word_1_157' title='bbox 704 1546 981 1598; x_wconf 84' lang='lat' dir='ltr'>intellectum,</span> <span class='ocrx_word' id='word_1_158' title='bbox 1012 1547 1184 1604; x_wconf 83' lang='lat' dir='ltr'>quidam</span> <span class='ocrx_word' id='word_1_159' title='bbox 1207 1548 1510 1604; x_wconf 81' lang='lat' dir='ltr'>prophetarum</span> 
     </span>
     <span class='ocr_line' id='line_1_20' title="bbox 87 1621 1508 1680; baseline 0.003 -19"><span class='ocrx_word' id='word_1_160' title='bbox 87 1623 138 1662; x_wconf 91' lang='lat' dir='ltr'>de</span> <span class='ocrx_word' id='word_1_161' title='bbox 170 1621 314 1662; x_wconf 88' lang='lat' dir='ltr'>divino</span> <span class='ocrx_word' id='word_1_162' title='bbox 345 1623 495 1678; x_wconf 84' lang='lat' dir='ltr'>spiritu</span> <span class='ocrx_word' id='word_1_163' title='bbox 526 1624 762 1680; x_wconf 88' lang='lat' dir='ltr'>loquentes,</span> <span class='ocrx_word' id='word_1_164' title='bbox 792 1641 878 1664; x_wconf 90' lang='lat' dir='ltr'>non</span> <span class='ocrx_word' id='word_1_165' title='bbox 911 1626 963 1665; x_wconf 88' lang='lat' dir='ltr'>de</span> <span class='ocrx_word' id='word_1_166' title='bbox 990 1625 1119 1665; x_wconf 85' lang='lat' dir='ltr'>corde</span> <span class='ocrx_word' id='word_1_167' title='bbox 1139 1641 1215 1665; x_wconf 91' lang='lat' dir='ltr'>suo</span> <span class='ocrx_word' id='word_1_168' title='bbox 1241 1624 1375 1665; x_wconf 85' lang='lat' dir='ltr'>locuti</span> <span class='ocrx_word' id='word_1_169' title='bbox 1399 1636 1508 1675; x_wconf 88' lang='lat' dir='ltr'>sunt,</span> 
     </span>
     <span class='ocr_line' id='line_1_21' title="bbox 83 1699 1510 1755; baseline 0.001 -17"><span class='ocrx_word' id='word_1_170' title='bbox 83 1699 159 1739; x_wconf 86' lang='lat' dir='ltr'>sed</span> <span class='ocrx_word' id='word_1_171' title='bbox 190 1699 241 1738; x_wconf 90' lang='lat' dir='ltr'>de</span> <span class='ocrx_word' id='word_1_172' title='bbox 271 1715 394 1739; x_wconf 88' lang='lat' dir='ltr'>sensu</span> <span class='ocrx_word' id='word_1_173' title='bbox 423 1700 532 1741; x_wconf 88' lang='lat' dir='ltr'>Dei:</span> <span class='ocrx_word' id='word_1_174' title='bbox 575 1700 746 1755; x_wconf 84' lang='lat' dir='ltr'>quidam</span> <span class='ocrx_word' id='word_1_175' title='bbox 784 1717 884 1740; x_wconf 86' lang='lat' dir='ltr'>vero</span> <span class='ocrx_word' id='word_1_176' title='bbox 923 1700 1165 1740; x_wconf 85' lang='lat' dir='ltr'>simulantes</span> <span class='ocrx_word' id='word_1_177' title='bbox 1195 1716 1238 1740; x_wconf 90' lang='lat' dir='ltr'>se</span> <span class='ocrx_word' id='word_1_178' title='bbox 1267 1701 1510 1755; x_wconf 85' lang='lat' dir='ltr'>prophetas,</span> 
     </span>
     <span class='ocr_line' id='line_1_22' title="bbox 85 1775 1510 1830; baseline 0.001 -14"><span class='ocrx_word' id='word_1_179' title='bbox 85 1787 209 1830; x_wconf 86' lang='lat' dir='ltr'>atque</span> <span class='ocrx_word' id='word_1_180' title='bbox 242 1775 450 1817; x_wconf 86' lang='lat' dir='ltr'>dicentes:</span> <span class='ocrx_word' id='word_1_181' title='bbox 494 1777 632 1826; x_wconf 89' lang='lat' dir='ltr'>„haec</span> <span class='ocrx_word' id='word_1_182' title='bbox 672 1777 774 1817; x_wconf 79' lang='lat' dir='ltr'>dicit</span> <span class='ocrx_word' id='word_1_183' title='bbox 801 1777 1074 1817; x_wconf 86' lang='lat' dir='ltr'>Dominus:“</span> <span class='ocrx_word' id='word_1_184' title='bbox 1111 1777 1303 1817; x_wconf 90' lang='lat' dir='ltr'>Domino</span> <span class='ocrx_word' id='word_1_185' title='bbox 1327 1793 1415 1817; x_wconf 88' lang='lat' dir='ltr'>non</span> <span class='ocrx_word' id='word_1_186' title='bbox 1445 1777 1510 1817; x_wconf 91' lang='lat' dir='ltr'>lo-</span> 
     </span>
     <span class='ocr_line' id='line_1_23' title="bbox 87 1851 1507 1909; baseline 0.002 -18"><span class='ocrx_word' id='word_1_187' title='bbox 87 1864 240 1908; x_wconf 89' lang='lat' dir='ltr'>quente</span> <span class='ocrx_word' id='word_1_188' title='bbox 270 1851 313 1892; x_wconf 86' lang='lat' dir='ltr'>in</span> <span class='ocrx_word' id='word_1_189' title='bbox 343 1852 406 1902; x_wconf 87' lang='lat' dir='ltr'>iis,</span> <span class='ocrx_word' id='word_1_190' title='bbox 436 1854 854 1909; x_wconf 86' lang='lat' dir='ltr'>pseudo-prophetae</span> <span class='ocrx_word' id='word_1_191' title='bbox 885 1854 1143 1895; x_wconf 81' lang='lat' dir='ltr'>exstiterunt.</span> <span class='ocrx_word' id='word_1_192' title='bbox 1188 1854 1337 1895; x_wconf 86' lang='lat' dir='ltr'>Potest</span> <span class='ocrx_word' id='word_1_193' title='bbox 1366 1865 1507 1894; x_wconf 87' lang='lat' dir='ltr'>autem</span> 
     </span>
     <span class='ocr_line' id='line_1_24' title="bbox 87 1929 1511 1988; baseline 0.002 -19"><span class='ocrx_word' id='word_1_194' title='bbox 87 1941 128 1969; x_wconf 90' lang='lat' dir='ltr'>et</span> <span class='ocrx_word' id='word_1_195' title='bbox 157 1945 284 1985; x_wconf 89' lang='lat' dir='ltr'>super</span> <span class='ocrx_word' id='word_1_196' title='bbox 314 1945 399 1980; x_wconf 86' lang='lat' dir='ltr'>eos,</span> <span class='ocrx_word' id='word_1_197' title='bbox 431 1929 504 1986; x_wconf 87' lang='lat' dir='ltr'>qui</span> <span class='ocrx_word' id='word_1_198' title='bbox 534 1931 689 1970; x_wconf 86' lang='lat' dir='ltr'>docent</span> <span class='ocrx_word' id='word_1_199' title='bbox 717 1930 761 1971; x_wconf 85' lang='lat' dir='ltr'>in</span> <span class='ocrx_word' id='word_1_200' title='bbox 792 1930 993 1981; x_wconf 83' lang='lat' dir='ltr'>ecclesiis,</span> <span class='ocrx_word' id='word_1_201' title='bbox 1026 1931 1060 1971; x_wconf 89' lang='lat' dir='ltr'>si</span> <span class='ocrx_word' id='word_1_202' title='bbox 1083 1931 1208 1972; x_wconf 88' lang='lat' dir='ltr'>aliter</span> <span class='ocrx_word' id='word_1_203' title='bbox 1229 1948 1352 1987; x_wconf 88' lang='lat' dir='ltr'>quam</span> <span class='ocrx_word' id='word_1_204' title='bbox 1371 1931 1511 1988; x_wconf 88' lang='lat' dir='ltr'>poscit</span> 
     </span>
     <span class='ocr_line' id='line_1_25' title="bbox 85 2006 1511 2064; baseline 0.002 -18"><span class='ocrx_word' id='word_1_205' title='bbox 85 2006 235 2047; x_wconf 82' lang='lat' dir='ltr'>veritas</span> <span class='ocrx_word' id='word_1_206' title='bbox 269 2007 446 2057; x_wconf 84' lang='lat' dir='ltr'>docent,</span> <span class='ocrx_word' id='word_1_207' title='bbox 484 2023 679 2062; x_wconf 87' lang='lat' dir='ltr'>praesens</span> <span class='ocrx_word' id='word_1_208' title='bbox 721 2022 859 2048; x_wconf 87' lang='lat' dir='ltr'>sermo</span> <span class='ocrx_word' id='word_1_209' title='bbox 895 2024 1138 2060; x_wconf 84' lang='lat' dir='ltr'>congruere.</span> <span class='ocrx_word' id='word_1_210' title='bbox 1198 2008 1246 2050; x_wconf 89' lang='lat' dir='ltr'>Si</span> <span class='ocrx_word' id='word_1_211' title='bbox 1275 2008 1367 2064; x_wconf 85' lang='lat' dir='ltr'>quis</span> <span class='ocrx_word' id='word_1_212' title='bbox 1399 2008 1511 2049; x_wconf 86' lang='lat' dir='ltr'>enim</span> 
     </span>
     <span class='ocr_line' id='line_1_26' title="bbox 87 2083 1511 2141; baseline 0.001 -18"><span class='ocrx_word' id='word_1_213' title='bbox 87 2099 155 2132; x_wconf 86' lang='lat' dir='ltr'>ea,</span> <span class='ocrx_word' id='word_1_214' title='bbox 187 2098 292 2138; x_wconf 88' lang='lat' dir='ltr'>quae</span> <span class='ocrx_word' id='word_1_215' title='bbox 321 2083 441 2124; x_wconf 81' lang='lat' dir='ltr'>Jesus</span> <span class='ocrx_word' id='word_1_216' title='bbox 474 2083 663 2125; x_wconf 86' lang='lat' dir='ltr'>Christus</span> <span class='ocrx_word' id='word_1_217' title='bbox 692 2084 904 2125; x_wconf 89' lang='lat' dir='ltr'>Dominus</span> <span class='ocrx_word' id='word_1_218' title='bbox 937 2085 1103 2126; x_wconf 88' lang='lat' dir='ltr'>locutus</span> <span class='ocrx_word' id='word_1_219' title='bbox 1136 2097 1220 2136; x_wconf 89' lang='lat' dir='ltr'>est,</span> <span class='ocrx_word' id='word_1_220' title='bbox 1259 2085 1349 2141; x_wconf 85' lang='lat' dir='ltr'>ipsa</span> <span class='ocrx_word' id='word_1_221' title='bbox 1379 2100 1511 2140; x_wconf 89' lang='lat' dir='ltr'>aeque</span> 
     </span>
     <span class='ocr_line' id='line_1_27' title="bbox 86 2152 1512 2218; baseline 0.002 -19"><span class='ocrx_word' id='word_1_222' title='bbox 86 2161 248 2210; x_wconf 84' lang='lat' dir='ltr'>doceat,</span> <span class='ocrx_word' id='word_1_223' title='bbox 280 2176 368 2200; x_wconf 89' lang='lat' dir='ltr'>non</span> <span class='ocrx_word' id='word_1_224' title='bbox 398 2161 450 2200; x_wconf 89' lang='lat' dir='ltr'>de</span> <span class='ocrx_word' id='word_1_225' title='bbox 483 2162 610 2201; x_wconf 89' lang='lat' dir='ltr'>corde</span> <span class='ocrx_word' id='word_1_226' title='bbox 641 2177 732 2212; x_wconf 91' lang='lat' dir='ltr'>suo,</span> <span class='ocrx_word' id='word_1_227' title='bbox 762 2163 836 2202; x_wconf 88' lang='lat' dir='ltr'>sed</span> <span class='ocrx_word' id='word_1_228' title='bbox 868 2162 919 2201; x_wconf 86' lang='lat' dir='ltr'>de</span> <span class='ocrx_word' id='word_1_229' title='bbox 951 2152 1113 2217; x_wconf 86' lang='lat' dir='ltr'>Spiritu</span> <span class='ocrx_word' id='word_1_230' title='bbox 1143 2174 1287 2203; x_wconf 85' lang='lat' dir='ltr'>sancto</span> <span class='ocrx_word' id='word_1_231' title='bbox 1320 2162 1512 2218; x_wconf 85' lang='lat' dir='ltr'>loquitur</span> 
     </span>
     <span class='ocr_line' id='line_1_28' title="bbox 85 2236 1513 2296; baseline 0.001 -18"><span class='ocrx_word' id='word_1_232' title='bbox 85 2253 297 2278; x_wconf 88' lang='lat' dir='ltr'>sermones</span> <span class='ocrx_word' id='word_1_233' title='bbox 338 2236 417 2277; x_wconf 84' lang='lat' dir='ltr'>filii</span> <span class='ocrx_word' id='word_1_234' title='bbox 447 2238 531 2278; x_wconf 84' lang='lat' dir='ltr'>Dei</span> <span class='ocrx_word' id='word_1_235' title='bbox 561 2239 676 2279; x_wconf 88' lang='lat' dir='ltr'>Jesu.</span> <span class='ocrx_word' id='word_1_236' title='bbox 737 2239 784 2281; x_wconf 91' lang='lat' dir='ltr'>Si</span> <span class='ocrx_word' id='word_1_237' title='bbox 826 2239 1034 2280; x_wconf 88' lang='lat' dir='ltr'>consentit</span> <span class='ocrx_word' id='word_1_238' title='bbox 1063 2239 1194 2280; x_wconf 85' lang='lat' dir='ltr'>sancti</span> <span class='ocrx_word' id='word_1_239' title='bbox 1226 2240 1409 2296; x_wconf 86' lang='lat' dir='ltr'>Spiritus</span> <span class='ocrx_word' id='word_1_240' title='bbox 1438 2256 1513 2280; x_wconf 83' lang='lat' dir='ltr'>vo-</span> 
     </span>
     <span class='ocr_line' id='line_1_29' title="bbox 85 2313 1512 2370; baseline 0.001 -17"><span class='ocrx_word' id='word_1_241' title='bbox 85 2314 257 2364; x_wconf 81' lang='lat' dir='ltr'>luntati,</span> <span class='ocrx_word' id='word_1_242' title='bbox 299 2313 408 2370; x_wconf 82' lang='lat' dir='ltr'>ejus,</span> <span class='ocrx_word' id='word_1_243' title='bbox 441 2314 512 2369; x_wconf 92' lang='lat' dir='ltr'>qui</span> <span class='ocrx_word' id='word_1_244' title='bbox 540 2314 583 2354; x_wconf 86' lang='lat' dir='ltr'>in</span> <span class='ocrx_word' id='word_1_245' title='bbox 613 2315 833 2370; x_wconf 85' lang='lat' dir='ltr'>Apostolis</span> <span class='ocrx_word' id='word_1_246' title='bbox 865 2316 1032 2357; x_wconf 86' lang='lat' dir='ltr'>locutus</span> <span class='ocrx_word' id='word_1_247' title='bbox 1064 2328 1148 2367; x_wconf 90' lang='lat' dir='ltr'>est,</span> <span class='ocrx_word' id='word_1_248' title='bbox 1178 2332 1268 2357; x_wconf 88' lang='lat' dir='ltr'>non</span> <span class='ocrx_word' id='word_1_249' title='bbox 1298 2317 1350 2356; x_wconf 86' lang='lat' dir='ltr'>de</span> <span class='ocrx_word' id='word_1_250' title='bbox 1384 2315 1512 2356; x_wconf 87' lang='lat' dir='ltr'>corde</span> 
     </span>
     <span class='ocr_line' id='line_1_30' title="bbox 85 2390 1514 2448; baseline 0.002 -19"><span class='ocrx_word' id='word_1_251' title='bbox 85 2390 262 2445; x_wconf 88' lang='lat' dir='ltr'>proprio</span> <span class='ocrx_word' id='word_1_252' title='bbox 301 2390 508 2446; x_wconf 86' lang='lat' dir='ltr'>loquitur,</span> <span class='ocrx_word' id='word_1_253' title='bbox 549 2392 623 2432; x_wconf 88' lang='lat' dir='ltr'>sed</span> <span class='ocrx_word' id='word_1_254' title='bbox 663 2392 715 2432; x_wconf 84' lang='lat' dir='ltr'>de</span> <span class='ocrx_word' id='word_1_255' title='bbox 755 2394 882 2434; x_wconf 89' lang='lat' dir='ltr'>corde</span> <span class='ocrx_word' id='word_1_256' title='bbox 921 2393 1104 2448; x_wconf 86' lang='lat' dir='ltr'>Spiritus</span> <span class='ocrx_word' id='word_1_257' title='bbox 1140 2392 1295 2443; x_wconf 85' lang='lat' dir='ltr'>sancti,</span> <span class='ocrx_word' id='word_1_258' title='bbox 1342 2392 1414 2448; x_wconf 90' lang='lat' dir='ltr'>qui</span> <span class='ocrx_word' id='word_1_259' title='bbox 1451 2402 1514 2432; x_wconf 88' lang='lat' dir='ltr'>est</span> 
     </span>
     <span class='ocr_line' id='line_1_31' title="bbox 86 2465 1512 2524; baseline 0.001 -19"><span class='ocrx_word' id='word_1_260' title='bbox 86 2467 253 2506; x_wconf 89' lang='lat' dir='ltr'>locutus</span> <span class='ocrx_word' id='word_1_261' title='bbox 283 2466 325 2506; x_wconf 88' lang='lat' dir='ltr'>in</span> <span class='ocrx_word' id='word_1_262' title='bbox 353 2467 515 2518; x_wconf 88' lang='lat' dir='ltr'>Paulo,</span> <span class='ocrx_word' id='word_1_263' title='bbox 556 2467 628 2524; x_wconf 83' lang='lat' dir='ltr'>qui</span> <span class='ocrx_word' id='word_1_264' title='bbox 660 2480 720 2509; x_wconf 87' lang='lat' dir='ltr'>est</span> <span class='ocrx_word' id='word_1_265' title='bbox 751 2469 916 2510; x_wconf 85' lang='lat' dir='ltr'>locutus</span> <span class='ocrx_word' id='word_1_266' title='bbox 947 2470 990 2510; x_wconf 87' lang='lat' dir='ltr'>in</span> <span class='ocrx_word' id='word_1_267' title='bbox 1019 2470 1176 2522; x_wconf 86' lang='lat' dir='ltr'>Petro,</span> <span class='ocrx_word' id='word_1_268' title='bbox 1218 2480 1260 2509; x_wconf 86' lang='lat' dir='ltr'>et</span> <span class='ocrx_word' id='word_1_269' title='bbox 1289 2467 1331 2508; x_wconf 87' lang='lat' dir='ltr'>in</span> <span class='ocrx_word' id='word_1_270' title='bbox 1363 2465 1512 2508; x_wconf 82' lang='lat' dir='ltr'>ceteris</span> 
     </span>
     <span class='ocr_line' id='line_1_32' title="bbox 85 2543 1512 2603; baseline 0 -20"><span class='ocrx_word' id='word_1_271' title='bbox 85 2543 306 2599; x_wconf 88' lang='lat' dir='ltr'>Apostolis</span> <span class='ocrx_word' id='word_1_272' title='bbox 347 2555 408 2583; x_wconf 86' lang='lat' dir='ltr'>est</span> <span class='ocrx_word' id='word_1_273' title='bbox 444 2544 622 2586; x_wconf 86' lang='lat' dir='ltr'>locutus.</span> <span class='ocrx_word' id='word_1_274' title='bbox 696 2546 744 2587; x_wconf 91' lang='lat' dir='ltr'>Si</span> <span class='ocrx_word' id='word_1_275' title='bbox 782 2546 873 2603; x_wconf 90' lang='lat' dir='ltr'>quis</span> <span class='ocrx_word' id='word_1_276' title='bbox 911 2564 1012 2588; x_wconf 87' lang='lat' dir='ltr'>vero</span> <span class='ocrx_word' id='word_1_277' title='bbox 1054 2548 1195 2601; x_wconf 86' lang='lat' dir='ltr'>legens</span> <span class='ocrx_word' id='word_1_278' title='bbox 1232 2544 1512 2597; x_wconf 84' lang='lat' dir='ltr'>evangelium,</span> 
     </span>
     <span class='ocr_line' id='line_1_33' title="bbox 85 2619 1513 2678; baseline 0 -18"><span class='ocrx_word' id='word_1_279' title='bbox 85 2619 310 2675; x_wconf 88' lang='lat' dir='ltr'>proprium</span> <span class='ocrx_word' id='word_1_280' title='bbox 339 2635 502 2661; x_wconf 89' lang='lat' dir='ltr'>sensum</span> <span class='ocrx_word' id='word_1_281' title='bbox 537 2633 651 2678; x_wconf 78' lang='lat' dir='ltr'>aptat</span> <span class='ocrx_word' id='word_1_282' title='bbox 681 2624 921 2675; x_wconf 84' lang='lat' dir='ltr'>evangelio,</span> <span class='ocrx_word' id='word_1_283' title='bbox 960 2641 1048 2665; x_wconf 81' lang='lat' dir='ltr'>non</span> <span class='ocrx_word' id='word_1_284' title='bbox 1076 2624 1135 2665; x_wconf 81' lang='lat' dir='ltr'>ita</span> <span class='ocrx_word' id='word_1_285' title='bbox 1165 2621 1428 2674; x_wconf 85' lang='lat' dir='ltr'>intelligens,</span> <span class='ocrx_word' id='word_1_286' title='bbox 1465 2630 1513 2660; x_wconf 88' lang='lat' dir='ltr'>ut</span> 
     </span>
    </p>
   </div>
   <div class='ocr_carea' id='block_1_3' title="bbox 84 2696 1511 2758">
    <p class='ocr_par' dir='ltr' id='par_1_3' title="bbox 84 2696 1511 2758">
     <span class='ocr_line' id='line_1_34' title="bbox 84 2696 1511 2758; baseline 0 -22"><span class='ocrx_word' id='word_1_287' title='bbox 84 2696 297 2738; x_wconf 88' lang='lat' dir='ltr'>Dominus</span> <span class='ocrx_word' id='word_1_288' title='bbox 328 2697 494 2738; x_wconf 87' lang='lat' dir='ltr'>locutus</span> <span class='ocrx_word' id='word_1_289' title='bbox 525 2710 626 2753; x_wconf 50' lang='lat' dir='ltr'>est„</span> <span class='ocrx_word' id='word_1_290' title='bbox 644 2699 722 2741; x_wconf 83' lang='lat' dir='ltr'>iste</span> <span class='ocrx_word' id='word_1_291' title='bbox 762 2701 889 2743; x_wconf 86' lang='lat' dir='ltr'>falsus</span> <span class='ocrx_word' id='word_1_292' title='bbox 919 2701 1129 2758; x_wconf 86' lang='lat' dir='ltr'>propheta</span> <span class='ocrx_word' id='word_1_293' title='bbox 1155 2711 1223 2741; x_wconf 87' lang='lat' dir='ltr'>est</span> <span class='ocrx_word' id='word_1_294' title='bbox 1252 2699 1430 2755; x_wconf 88' lang='lat' dir='ltr'>loquens</span> <span class='ocrx_word' id='word_1_295' title='bbox 1460 2696 1511 2737; x_wconf 87' lang='lat' dir='ltr'>de</span> 
     </span>
    </p>
   </div>
   <div class='ocr_carea' id='block_1_4' title="bbox 90 2851 1330 2980">
    <p class='ocr_par' dir='ltr' id='par_1_4' title="bbox 90 2851 1330 2980">
     <span class='ocr_line' id='line_1_35' title="bbox 206 2851 1330 2912; baseline 0.004 -20"><span class='ocrx_word' id='word_1_296' title='bbox 206 2851 244 2907; x_wconf 87' lang='lat'>¹)</span> <span class='ocrx_word' id='word_1_297' title='bbox 274 2851 383 2893; x_wconf 89' lang='lat' dir='ltr'>Edd.</span> <span class='ocrx_word' id='word_1_298' title='bbox 416 2851 612 2893; x_wconf 79' lang='lat' dir='ltr'>Merlini:</span> <span class='ocrx_word' id='word_1_299' title='bbox 644 2852 756 2894; x_wconf 86' lang='lat' dir='ltr'>haec.</span> <span class='ocrx_word' id='word_1_300' title='bbox 877 2855 920 2912; x_wconf 77' lang='grc'>2)</span> <span class='ocrx_word' id='word_1_301' title='bbox 950 2854 1104 2897; x_wconf 86' lang='lat' dir='ltr'>Ezech.</span> <span class='ocrx_word' id='word_1_302' title='bbox 1135 2853 1259 2903; x_wconf 88' lang='lat' dir='ltr'>XIII,</span> <span class='ocrx_word' id='word_1_303' title='bbox 1287 2851 1330 2896; x_wconf 82' lang='lat'>2·</span> 
     </span>
     <span class='ocr_line' id='line_1_36' title="bbox 90 2934 1207 2980; baseline 0.003 -6"><span class='ocrx_word' id='word_1_304' title='bbox 90 2934 313 2977; x_wconf 75' lang='lat' dir='ltr'>Omcl-:ms</span> <span class='ocrx_word' id='word_1_305' title='bbox 337 2937 508 2980; x_wconf 81' lang='lat' dir='ltr'><strong>OPERA.</strong></span> <span class='ocrx_word' id='word_1_306' title='bbox 556 2937 675 2979; x_wconf 82' lang='lat' dir='ltr'>Tom.</span> <span class='ocrx_word' id='word_1_307' title='bbox 692 2937 806 2978; x_wconf 85' lang='lat' dir='ltr'><strong>XIV.</strong></span> <span class='ocrx_word' id='word_1_308' title='bbox 1181 2935 1207 2977; x_wconf 90' lang='lat'><strong>3</strong></span> 
     </span>
    </p>
   </div>
  </div>
 </body>
</html>
