1759 3134
230 105 314 152 320
524 105 744 149 OmGEms
775 116 820 148 m
851 104 1032 148 CANTm.
1066 104 1370 149 Cmnconum

231 235 353 271 men,
381 234 517 277 neque
548 219 714 271 locum,
744 220 787 262 in
821 235 905 276 quo
934 230 1098 273 regnet,
1135 235 1272 276 neque
1303 220 1502 271 omnino,
1539 223 1653 277 quod

233 316 305 341 rex
335 298 408 349 sit,
447 313 606 355 neque,
645 297 761 354 quod
798 310 961 355 patrem
991 297 1133 340 David
1170 297 1340 349 habeat,
1377 297 1543 350 scribit,
1581 301 1654 341 sed

231 376 527 418 tantummodo
559 374 808 428 „Canticum
834 377 888 432 ¹),
920 376 989 427 ait,
1021 375 1307 427 canticorum,
1339 376 1455 433 quod
1487 388 1547 418 est
1575 375 1656 432 ipsi

230 452 498 497 Salomoni-‘⁴
556 454 612 496 Et
642 453 829 511 quamvis
861 454 1038 495 difficile
1066 454 1171 495 mihi
1208 454 1422 506 videatur,
1461 466 1532 496 aut
1560 471 1656 511 per-

231 531 427 584 scrutari,
468 543 538 573 aut
567 531 802 589 pertingere
833 549 957 588 posse
987 532 1140 572 horum
1171 531 1452 583 differentias,
1490 544 1562 573 aut
1590 544 1655 573 ut-

233 626 398 667 cunque
429 609 692 663 investigatas
722 610 863 666 palam
894 611 1107 666 proferre,
1149 621 1189 650 et
1230 609 1427 651 chartulis
1460 610 1653 651 credere:

229 701 391 740 tamen,
432 688 477 729 in
507 699 709 745 quantum
741 702 890 744 capere
919 687 988 728 vel
1021 703 1163 729 sensus
1192 700 1359 739 noster,
1393 688 1459 729 vel
1489 687 1653 729 auditus

231 766 463 821 legentium
489 778 654 823 potest,
691 765 836 823 paucis
867 764 1029 822 aperire
1060 766 1326 808 tentabimus.
1386 767 1435 808 In
1459 766 1653 823 plurimis

234 846 516 888 Salomonem
548 844 703 887 Christi
742 856 891 903 typum
928 844 1063 895 serre,
1103 845 1170 885 vel
1208 845 1440 887 secundum
1457 845 1500 902 ²)
1541 844 1657 902 quod

230 923 429 980 pacificus
471 922 647 973 dicitur,
686 922 755 963 vcl
795 923 1026 964 secundum
1056 922 1161 974 hoc,
1203 924 1320 980 quod
1358 923 1499 977 regina
1528 920 1656 964 austri

231 1002 348 1044 venit
378 1017 401 1044 a
431 1001 586 1044 finibus
615 1010 772 1050 terrae,
815 1000 959 1042 audire
989 1000 1237 1058 sapientiam
1267 1001 1531 1052 Salomonis,
1568 1015 1655 1041 non

229 1092 336 1138 puto
380 1079 671 1122 dubitandum.
732 1077 813 1119 Hic
853 1094 952 1131 ergo
995 1090 1035 1120 et
1069 1079 1301 1121 secundum
1321 1079 1365 1135 ³)
1400 1079 1516 1136 quod
1543 1078 1655 1119 filius

228 1157 374 1200 David
404 1156 580 1207 (licitur,
609 1166 754 1209 regnat
786 1154 829 1195 in
857 1156 1009 1206 Israel,
1051 1168 1092 1197 et
1121 1158 1353 1198 secundum
1385 1157 1503 1213 quod
1531 1173 1657 1213 supra

232 1253 303 1279 eos
334 1251 464 1290 reges,
495 1250 573 1291 pro
607 1233 757 1290 quibus
789 1232 878 1290 ipse
907 1250 980 1275 rex
1010 1249 1156 1287 regum
1187 1233 1356 1286 dicitur,
1386 1245 1542 1288 regnat.
1599 1233 1656 1274 Et

229 1331 369 1357 rursus
402 1329 523 1355 verus
552 1311 830 1353 Ecclesiastes
862 1311 951 1368 ipse
983 1323 1065 1362 est,
1106 1310 1178 1367 qui
1203 1310 1244 1368 ⁴)
1286 1329 1417 1364 „cum
1448 1312 1491 1353 in
1520 1312 1657 1353 forma

228 1392 314 1434 Dei
333 1403 452 1442 esset,
484 1401 617 1432 semet
639 1389 777 1446 ipsum
804 1389 1043 1441 exinanivit,
1074 1390 1256 1431 formam
1277 1391 1387 1432 servi
1405 1391 1655 1448 accipiens,“

228 1484 274 1513 ut
313 1481 584 1524 congregaret
624 1467 866 1522 ecclesiam3
905 1484 927 1509 a
969 1469 1260 1522 congregando
1293 1469 1405 1510 enim
1436 1469 1656 1511 ecclesiam

226 1548 500 1592 Ecclesiastes
541 1547 793 1604 appellatur.
855 1545 968 1587 Tum
996 1562 1097 1586 vero
1137 1546 1228 1603 quis
1258 1547 1316 1589 ita
1347 1548 1572 1600 Salomon,
1611 1548 1654 1589 id

229 1640 303 1680 est,
333 1625 548 1684 pacificus,
578 1624 687 1666 sicut
714 1623 926 1665 Dominus
956 1635 1102 1665 noster
1129 1625 1250 1666 Jesus
1283 1624 1483 1678 Christus,
1515 1625 1588 1682 qui
1612 1626 1655 1682 ⁵)

232 1707 397 1759 „factus
439 1715 500 1745 est
536 1703 658 1744 nobis
703 1701 908 1758 sapientia
949 1718 972 1743 a
1008 1701 1105 1744 Deo
1145 1714 1187 1744 et
1222 1701 1381 1761 justitia
1421 1715 1461 1744 et
1511 1703 1652 1760 pax?“

228 1785 362 1839 Igitur
390 1782 435 1824 in
463 1781 604 1839 primo
635 1780 970 1823 Proverbiorum
999 1780 1133 1833 libro,
1172 1798 1270 1823 cum
1304 1798 1382 1823 nos
1423 1781 1654 1823 moralibus

228 1861 410 1907 instituit
441 1858 696 1917 disciplinis,
726 1875 798 1901 rex
832 1875 919 1901 esse
951 1858 1106 1901 dicitur
1135 1859 1178 1901 in
1207 1860 1360 1911 Israel,
1399 1860 1582 1902 necdum
1610 1860 1654 1902 in

229 1940 518 1985 Hierusalem:
551 1938 660 1996 quia,
694 1937 771 1980 etsi
800 1938 931 1980 Israel
962 1938 1151 1980 dicamur
1178 1949 1357 1995 propter
1385 1938 1537 1990 fidem,
1568 1954 1655 1980 non

231 2033 374 2063 tamen
402 2019 446 2060 in
475 2017 557 2058 hoc
587 2028 839 2072 perventum
871 2027 945 2068 est,
973 2028 1022 2058 ut
1049 2017 1101 2058 ad
1131 2016 1397 2058 Hierusalem
1427 2017 1655 2059 coelestem

233 2096 473 2157 pervenisse
510 2094 741 2136 videamur.
801 2093 889 2135 Ubi
927 2111 1028 2137 vero
1063 2093 1390 2152 profecerimus,
1434 2107 1475 2136 et
1505 2095 1546 2136 in
1573 2096 1656 2137 hoc

231 2188 406 2219 ventum
435 2173 585 2224 fuerit,
624 2184 671 2214 ut
702 2171 900 2214 ecclesiae
929 2172 1268 2229 primitivorum,
1308 2189 1411 2229 quae
1450 2173 1495 2215 in
1525 2174 1656 2215 coelis

233 2267 316 2308 est,
351 2253 580 2302 sociemur,
623 2262 747 2308 atque
777 2250 1043 2293 Hierusalem
1078 2252 1306 2293 coelestem
1337 2251 1527 2293 discussis
1559 2251 1654 2292 dili-

230 2333 393 2388 gentius
430 2331 576 2390 priscis
626 2341 666 2370 et
702 2328 961 2372 naturalibus
1008 2330 1139 2373 causis
1182 2342 1360 2373 matrem
1403 2342 1588 2373 nostram
1609 2330 1652 2388 6)

351 2541 392 2596 ¹)
427 2535 588 2581 Cantic.
617 2534 650 2583 I,
682 2533 719 2577 1.

347 2610 391 2668 ²)
420 2609 530 2651 Edd.
561 2604 758 2649 Merlini:
790 2607 1021 2648 secundum
1049 2605 1133 2648 hoc
1164 2606 1279 2664 quod
1312 2618 1389 2651 etc.

345 2681 390 2734 3)
420 2679 531 2720 Edd.
563 2675 755 2719 Merlini:
796 2677 1028 2719 secundum
1067 2680 1183 2735 quod
1211 2678 1353 2720 David
1393 2677 1567 2731 dicitur,
1610 2690 1652 2720 et

232 2738 464 2782 secundum
495 2734 612 2792 quod
641 2749 765 2789 supra
796 2745 872 2775 etc.

348 2809 391 2866 ⁴)
425 2807 511 2849 Cfr.
542 2803 730 2861 Philipp.
762 2805 819 2855 II,
849 2804 887 2847 6.
919 2805 957 2848 7.
1078 2806 1118 2862 ⁵)
1150 2805 1286 2847 ICor.
1318 2806 1352 2857 Ι,
1382 2805 1448 2850 30.

346 2880 390 2936 6)
421 2877 532 2920 Edd.
563 2875 753 2918 Merlini:
785 2888 972 2918 nostram
1003 2875 1216 2918 noscimus
1247 2876 1487 2917 coelestem.
