1759 3134
238 102 322 148 306
527 102 745 147 Onici-:ms
774 114 821 147 m
851 102 1032 145 CAN'rrc.
1067 101 1368 145 CANTICORUM

241 234 342 271 ergo
372 217 623 274 amorem¹)
653 217 844 274 loquitur
872 233 1065 274 praesens
1093 218 1311 274 scriptura,
1343 230 1428 274 quo
1463 228 1556 269 erga
1573 231 1665 258 ver⁴

241 297 344 337 bum
373 295 457 336 Dei
487 294 622 337 anima
651 296 774 338 beata
802 296 938 337 uritur
959 295 1028 352 ²),
1069 306 1109 336 et
1138 295 1440 338 inflammatur:
1481 306 1523 335 et
1552 294 1664 336 istud

245 373 508 431 epithalamii
540 389 706 415 carmen
736 390 813 430 per
842 374 1037 430 spiritum
1059 375 1180 425 canit,
1212 389 1296 431 quo
1320 371 1496 414 ecclesia
1511 387 1665 429 sponso

245 451 420 494 coelesti
466 450 632 494 Christo
675 450 940 510 conjungitur
981 468 1027 493 ac
1066 450 1271 502 sociatur,
1311 450 1550 493 desiderans
1590 449 1669 491 mi—

244 530 350 572 sceri
382 529 421 571 ci
450 546 528 586 per
557 530 759 580 verbum,
789 542 836 571 ut
869 529 1079 586 concipiat
1110 546 1158 571 ex
1189 545 1255 580 eo,
1288 541 1328 570 et
1357 528 1506 570 salvari
1535 527 1670 585 possit

242 625 321 665 per
357 609 462 650 hanc
489 609 532 665 3)
568 620 721 649 castam
750 606 939 648 filiorum
969 607 1303 660 generationem,
1350 624 1445 648 cum
1474 622 1668 663 perman-

243 686 373 729 serint
413 687 457 728 in
494 686 602 736 fide,
644 697 686 727 et
723 685 938 727 sanctitate
973 702 1068 727 cum
1099 685 1348 727 sobrietate:
1389 696 1539 742 utpote
1570 700 1670 726 con-

245 765 357 822 cepti
403 781 451 806 ex
488 763 647 805 semine
686 763 858 820 quidem
898 764 1015 804 verbi
1045 763 1151 815 Dei,
1192 763 1295 805 editi
1325 778 1426 805 vero
1457 762 1670 820 genitique

242 843 311 884 vel
342 844 393 884 ab
424 843 693 884 immaculata
725 842 914 894 ecclesia,
944 842 1012 884 vel
1043 844 1095 883 ab
1115 843 1252 883 anima
1271 841 1377 883 nihil
1400 857 1671 899 corporeum,

242 920 349 962 nihil
373 920 416 978 ⁴)
456 921 674 963 materiale
713 921 977 978 requirente,
1018 921 1092 963 sed
1132 922 1225 962 solo
1263 920 1382 961 verbi
1412 920 1497 962 Dei
1526 935 1671 962 amore

239 1000 451 1053 flagrante.
513 1000 630 1041 Haec
658 998 829 1040 interim
858 999 981 1040 nobis
1012 1000 1066 1040 ad
1093 1015 1290 1056 praesens
1321 999 1374 1040 de
1405 1014 1572 1051 amore,
1601 997 1672 1039 vel

242 1077 435 1129 caritate,
481 1093 587 1134 quae
624 1076 668 1117 in
707 1076 980 1133 epithalamio
1020 1077 1102 1117 hoc
1126 1078 1168 1133 ⁵)
1200 1076 1367 1118 Cantici
1398 1076 1673 1118 canticorum

239 1156 443 1206 refertur,
489 1170 711 1196 occurrere
753 1164 999 1210 potuerunt.
1074 1153 1161 1195 Sed
1205 1153 1423 1196 sciendum
1464 1165 1544 1205 est,
1586 1164 1673 1195 tam

239 1232 374 1274 multa
406 1248 516 1284 esse,
556 1248 663 1289 quae
695 1231 782 1272 dici
813 1232 995 1273 debeant
1024 1231 1076 1272 de
1109 1230 1278 1273 caritate
1308 1232 1406 1284 hac,
1448 1243 1601 1289 quanta
1632 1242 1673 1273 et

241 1312 294 1352 de
311 1311 432 1352 Deo:
459 1310 494 1351 si
517 1309 692 1367 quidem
715 1309 805 1366 ipse
826 1321 888 1352 est
914 1311 1072 1352 caritas.
1117 1310 1236 1353 Sicut
1250 1311 1295 1368 ⁶)
1321 1311 1434 1353 enim
1460 1326 1614 1363 „nemo
1630 1309 1674 1367 ⁷)

239 1388 358 1433 novit
386 1399 574 1446 patrem,
611 1387 692 1430 nisi
721 1387 833 1430 filius
851 1420 862 1440 ,
894 1400 935 1430 et
967 1388 1034 1429 cui
1064 1389 1250 1431 voluerit
1278 1389 1391 1433 filius
1423 1390 1673 1432 revelare:“

359 1545 400 1602 ¹)
431 1543 565 1586 Deest
595 1550 858 1596 „amorem“
888 1544 933 1587 in
964 1545 1057 1588 edd.
1089 1545 1151 1587 M.

355 1616 400 1672 2)
430 1615 509 1656 Ed.
541 1615 696 1656 Ruaei:
726 1615 871 1657 utitur.

355 1686 399 1742 ³)
429 1685 540 1727 Edd.
572 1686 634 1727 M.
664 1702 912 1743 perperamt
942 1685 1050 1728 hanc
1079 1684 1202 1727 istam
1230 1685 1422 1730 filiorum
1452 1699 1530 1731 etc.

356 1755 543 1813 ⁴)Edd.
574 1756 771 1799 Merlini:
809 1757 916 1799 nihil
945 1756 1187 1814 requirente
1215 1758 1446 1801 materiale.

356 1826 398 1882 ⁵)
428 1826 538 1869 Edd.
560 1827 758 1870 Merlini:
788 1829 871 1871 hoc
890 1828 1166 1871 canticorum
1185 1828 1350 1871 Cantici
1378 1830 1560 1871 refertur
1591 1840 1668 1871 etc.

355 1898 398 1955 ⁶)
430 1897 501 1940 Sic
540 1898 696 1940 habent
735 1899 861 1951 Mss„
902 1899 1002 1941 libri
1040 1911 1181 1942 autem
1222 1900 1346 1942 editi:
1388 1899 1517 1951 „Scit
1557 1899 1669 1941 enim

236 1971 363 1996 nemo
401 1966 567 2010 patrem
605 1955 686 1996 nisi
725 1955 864 2008 filius,
905 1968 947 1998 et
985 1957 1053 1998 cui
1091 1957 1278 1998 voluerit
1317 1957 1429 1998 filius
1466 1957 1667 1998 revelare.

237 2011 446 2054 Similiter
474 2024 616 2053 autem
647 2012 774 2054 etiam
802 2013 944 2079 ipsum
973 2014 1133 2065 filium,
1172 2013 1374 2071 quoniam
1411 2025 1453 2054 et
1480 2013 1570 2070 ipse
1603 2029 1670 2054 ca-

235 2068 335 2110 ritas
376 2080 458 2118 est,
496 2085 623 2110 nemo
665 2069 744 2111 scit
779 2070 862 2111 nisi
898 2082 1039 2126 pater,
1082 2083 1123 2112 et
1163 2072 1396 2113 secundum
1434 2071 1517 2111 hoc
1551 2071 1669 2126 quod

237 2125 384 2166 caritas
423 2125 589 2167 dicitur.
649 2126 778 2168 Solus
811 2139 950 2168 autem
982 2127 1165 2183 Spiritus
1197 2140 1361 2169 sanctus
1394 2138 1476 2177 est,
1514 2144 1587 2183 qul
1617 2127 1669 2167 ab

234 2193 354 2238 patre
383 2182 601 2237 procedit,
635 2194 676 2223 et
705 2182 803 2224 ideo
833 2184 935 2235 scit,
969 2200 1074 2249 quae
1104 2184 1148 2225 in
1177 2184 1275 2226 Deo
1306 2196 1416 2235 sunt,
1449 2183 1556 2225 sicut
1586 2183 1672 2240 spi-

235 2239 341 2280 ritus
378 2238 562 2280 hominis
598 2239 677 2280 scit
717 2256 822 2296 quae
861 2240 905 2281 in
936 2240 1109 2282 homine
1139 2253 1247 2283 sunt.
1306 2241 1389 2282 Hic
1418 2257 1521 2281 vero
1551 2256 1671 2297 para-

236 2295 370 2336 cletus
384 2301 408 2319 “
441 2307 518 2336 etc.
564 2296 745 2338 Ruaeus.
777 2319 832 2327 ·—
860 2297 971 2338 Edd.
1002 2297 1199 2339 Merlini:
1241 2298 1369 2350 „Scit
1399 2297 1511 2339 enim
1540 2313 1667 2339 nemo

233 2363 399 2408 patrem
437 2351 517 2393 nisi
553 2353 688 2394 filius:
733 2365 774 2394 et
815 2353 882 2394 cui
923 2354 1109 2395 voluerit
1137 2354 1250 2396 filius
1279 2354 1481 2396 revelare.
1541 2354 1670 2396 Simi-

234 2409 334 2450 liter
373 2420 515 2450 autem
555 2409 679 2452 etiam
715 2410 856 2467 ipsum
894 2411 1059 2452 filium:
1100 2411 1302 2468 quoniam
1333 2423 1375 2453 et
1405 2411 1552 2453 caritas
1585 2422 1668 2452 est:

232 2482 361 2507 nemo
405 2466 483 2507 scit
529 2466 612 2508 nisi
655 2479 798 2523 pater.
844 2479 886 2509 et
928 2468 1163 2510 secundum
1206 2469 1289 2511 hoc
1338 2469 1454 2526 quod
1500 2467 1665 2509 dicitur.

233 2524 362 2566 Solus
393 2535 536 2564 autem
563 2524 733 2580 spiritus
763 2537 927 2566 sanctus
960 2537 1046 2576 est,
1088 2527 1162 2582 qui
1201 2543 1250 2567 ex
1288 2538 1409 2582 patre
1448 2525 1666 2590 procedit:

234 2592 276 2621 et
304 2579 404 2621 ideo
435 2580 513 2621 scit
544 2597 649 2636 quae
679 2581 724 2622 in
755 2583 835 2623 deo
868 2593 985 2634 sunt,
1025 2582 1136 2624 sicut
1174 2582 1347 2639 spiritus
1376 2581 1559 2623 hominis
1589 2580 1667 2622 scit

235 2653 342 2693 quae
380 2636 425 2677 in
464 2637 635 2678 homine
673 2650 781 2680 sunt
841 2639 922 2681 Hic
965 2655 1065 2693 ergo
1109 2640 1346 2705 paracletus
1375 2639 1546 2704 spiritus
1576 2653 1665 2678 san-

232 2706 343 2735 ctus:
382 2692 553 2749 spiritus
582 2694 803 2736 veritatis“
835 2708 913 2738 etc.
955 2719 1011 2730 ·——
1050 2696 1268 2753 Equidem
1297 2712 1321 2737 a
1350 2695 1509 2737 verbis:
1549 2695 1667 2745 „So-

231 2752 298 2791 lus
339 2761 480 2791 autem
520 2750 725 2806 spiritus“
766 2764 844 2794 etc.
858 2787 868 2805 ‚
916 2754 985 2796 181
1025 2754 1164 2796 solam
1203 2753 1413 2796 librorum
1453 2751 1666 2794 editorum

231 2807 503 2864 probaverim
534 2807 775 2851 lectionem.

347 2876 391 2933 7)
420 2877 508 2920 Cfr.
538 2877 688 2920 Matth.
717 2878 794 2931 XI,
825 2881 892 2926 27.
