<?xml version="1.0" encoding="UTF-8"?>
<!DOCTYPE html PUBLIC "-//W3C//DTD XHTML 1.0 Transitional//EN"
    "http://www.w3.org/TR/xhtml1/DTD/xhtml1-transitional.dtd">
<html xmlns="http://www.w3.org/1999/xhtml" xml:lang="en" lang="en">
 <head>
  <title>
</title>
<meta http-equiv="Content-Type" content="text/html;charset=utf-8" />
  <meta name='ocr-system' content='tesseract 3.04.00' />
  <meta name='ocr-capabilities' content='ocr_page ocr_carea ocr_par ocr_line ocrx_word'/>
</head>
<body>
  <div class='ocr_page' id='page_1' title='image "./operaomniaquaegr14orig/operaomniaquaegr14orig_0375.png"; bbox 0 0 1759 3134; ppageno 0'>
   <div class='ocr_carea' id='block_1_1' title="bbox 704 112 1526 161">
    <p class='ocr_par' dir='ltr' id='par_1_1' title="bbox 704 112 1526 161">
     <span class='ocr_line' id='line_1_1' title="bbox 704 112 1526 161; baseline 0.01 -8"><span class='ocrx_word' id='word_1_1' title='bbox 704 112 848 154; x_wconf 66' lang='lat' dir='ltr'><strong>Lmen</strong></span> <span class='ocrx_word' id='word_1_2' title='bbox 879 113 912 154; x_wconf 86' lang='grc' dir='ltr'><strong>Ι.</strong></span> <span class='ocrx_word' id='word_1_3' title='bbox 1443 116 1526 161; x_wconf 82' lang='grc'><strong>359</strong></span> 
     </span>
    </p>
   </div>
   <div class='ocr_carea' id='block_1_2' title="bbox 102 222 1525 1910">
    <p class='ocr_par' dir='ltr' id='par_1_2' title="bbox 102 222 1525 1910">
     <span class='ocr_line' id='line_1_2' title="bbox 105 222 1525 276; baseline 0.004 -11"><span class='ocrx_word' id='word_1_4' title='bbox 105 236 266 265; x_wconf 86' lang='lat' dir='ltr'><strong>tantum</strong></span> <span class='ocrx_word' id='word_1_5' title='bbox 298 224 422 276; x_wconf 83' lang='lat' dir='ltr'><strong>longe</strong></span> <span class='ocrx_word' id='word_1_6' title='bbox 452 222 580 264; x_wconf 82' lang='lat' dir='ltr'><strong>simus</strong></span> <span class='ocrx_word' id='word_1_7' title='bbox 610 240 631 265; x_wconf 84' lang='lat' dir='ltr'><strong>a</strong></span> <span class='ocrx_word' id='word_1_8' title='bbox 662 223 889 266; x_wconf 83' lang='lat' dir='ltr'><strong>dilectione</strong></span> <span class='ocrx_word' id='word_1_9' title='bbox 924 223 1100 275; x_wconf 78' lang='lat' dir='ltr'><strong>Christi,</strong></span> <span class='ocrx_word' id='word_1_10' title='bbox 1142 237 1182 267; x_wconf 91' lang='lat' dir='ltr'><strong>et</strong></span> <span class='ocrx_word' id='word_1_11' title='bbox 1216 236 1377 268; x_wconf 83' lang='lat' dir='ltr'><strong>tantum</strong></span> <span class='ocrx_word' id='word_1_12' title='bbox 1410 245 1525 270; x_wconf 85' lang='lat' dir='ltr'><strong>man-</strong></span> 
     </span>
     <span class='ocr_line' id='line_1_3' title="bbox 107 299 1520 357; baseline 0.002 -13"><span class='ocrx_word' id='word_1_13' title='bbox 107 304 302 344; x_wconf 87' lang='lat' dir='ltr'><strong>datorum</strong></span> <span class='ocrx_word' id='word_1_14' title='bbox 340 299 426 357; x_wconf 81' lang='lat' dir='ltr'><strong>ejus</strong></span> <span class='ocrx_word' id='word_1_15' title='bbox 464 301 765 356; x_wconf 79' lang='lat' dir='ltr'><strong>praevaricatio</strong></span> <span class='ocrx_word' id='word_1_16' title='bbox 804 302 1004 342; x_wconf 84' lang='lat' dir='ltr'>habeatur</span> <span class='ocrx_word' id='word_1_17' title='bbox 1045 301 1086 342; x_wconf 89' lang='lat' dir='ltr'><strong>in</strong></span> <span class='ocrx_word' id='word_1_18' title='bbox 1126 302 1260 344; x_wconf 84' lang='lat' dir='ltr'><strong>nobis.</strong></span> <span class='ocrx_word' id='word_1_19' title='bbox 1329 304 1384 346; x_wconf 94' lang='lat' dir='ltr'><strong>Et</strong></span> <span class='ocrx_word' id='word_1_20' title='bbox 1423 305 1520 347; x_wconf 83' lang='lat' dir='ltr'><strong>ideo</strong></span> 
     </span>
     <span class='ocr_line' id='line_1_4' title="bbox 104 378 1522 436; baseline 0.003 -15"><span class='ocrx_word' id='word_1_21' title='bbox 104 380 291 433; x_wconf 80' lang='lat' dir='ltr'><strong>regulam</strong></span> <span class='ocrx_word' id='word_1_22' title='bbox 322 378 531 434; x_wconf 85' lang='lat' dir='ltr'><strong>quandam</strong></span> <span class='ocrx_word' id='word_1_23' title='bbox 561 379 761 420; x_wconf 82' lang='lat' dir='ltr'><strong>directam</strong></span> <span class='ocrx_word' id='word_1_24' title='bbox 794 395 1001 435; x_wconf 84' lang='lat' dir='ltr'><strong>ponamus</strong></span> <span class='ocrx_word' id='word_1_25' title='bbox 1033 395 1119 419; x_wconf 88' lang='lat' dir='ltr'><strong>esse</strong></span> <span class='ocrx_word' id='word_1_26' title='bbox 1150 380 1424 436; x_wconf 79' lang='lat' dir='ltr'><strong>aequitatem,</strong></span> <span class='ocrx_word' id='word_1_27' title='bbox 1462 395 1522 434; x_wconf 91' lang='lat' dir='ltr'><strong>ut,</strong></span> 
     </span>
     <span class='ocr_line' id='line_1_5' title="bbox 107 454 1523 518; baseline 0.004 -20"><span class='ocrx_word' id='word_1_28' title='bbox 107 457 138 498; x_wconf 87' lang='lat' dir='ltr'><strong>si</strong></span> <span class='ocrx_word' id='word_1_29' title='bbox 170 456 269 514; x_wconf 87' lang='lat' dir='ltr'><strong>quid</strong></span> <span class='ocrx_word' id='word_1_30' title='bbox 300 455 343 496; x_wconf 87' lang='lat' dir='ltr'><strong>in</strong></span> <span class='ocrx_word' id='word_1_31' title='bbox 371 454 495 495; x_wconf 85' lang='lat' dir='ltr'><strong>nobis</strong></span> <span class='ocrx_word' id='word_1_32' title='bbox 527 454 756 511; x_wconf 84' lang='lat' dir='ltr'><strong>iniquitatis</strong></span> <span class='ocrx_word' id='word_1_33' title='bbox 791 468 864 506; x_wconf 88' lang='lat' dir='ltr'><strong>est,</strong></span> <span class='ocrx_word' id='word_1_34' title='bbox 896 457 1002 497; x_wconf 85' lang='lat' dir='ltr'><strong>hanc</strong></span> <span class='ocrx_word' id='word_1_35' title='bbox 1031 456 1274 499; x_wconf 78' lang='lat' dir='ltr'><strong>adhibentes</strong></span> <span class='ocrx_word' id='word_1_36' title='bbox 1306 471 1346 500; x_wconf 89' lang='lat' dir='ltr'><strong>et</strong></span> <span class='ocrx_word' id='word_1_37' title='bbox 1376 477 1523 518; x_wconf 83' lang='lat' dir='ltr'><strong>super·</strong></span> 
     </span>
     <span class='ocr_line' id='line_1_6' title="bbox 107 531 1522 591; baseline 0.004 -16"><span class='ocrx_word' id='word_1_38' title='bbox 107 533 303 575; x_wconf 88' lang='lat' dir='ltr'><strong>ducentes</strong></span> <span class='ocrx_word' id='word_1_39' title='bbox 343 531 613 575; x_wconf 86' lang='lat' dir='ltr'><strong>directoriam</strong></span> <span class='ocrx_word' id='word_1_40' title='bbox 652 534 948 575; x_wconf 83' lang='lat' dir='ltr'><strong>mandatorum</strong></span> <span class='ocrx_word' id='word_1_41' title='bbox 977 534 1084 584; x_wconf 82' lang='lat' dir='ltr'><strong>Dei,</strong></span> <span class='ocrx_word' id='word_1_42' title='bbox 1124 534 1157 575; x_wconf 90' lang='lat' dir='ltr'><strong>si</strong></span> <span class='ocrx_word' id='word_1_43' title='bbox 1194 535 1296 591; x_wconf 89' lang='lat' dir='ltr'><strong>quid</strong></span> <span class='ocrx_word' id='word_1_44' title='bbox 1327 537 1370 578; x_wconf 88' lang='lat' dir='ltr'><strong>in</strong></span> <span class='ocrx_word' id='word_1_45' title='bbox 1399 539 1522 580; x_wconf 90' lang='lat' dir='ltr'><strong>nobis</strong></span> 
     </span>
     <span class='ocr_line' id='line_1_7' title="bbox 106 608 1525 668; baseline 0.004 -15"><span class='ocrx_word' id='word_1_46' title='bbox 106 626 300 659; x_wconf 90' lang='lat' dir='ltr'><strong>curvum,</strong></span> <span class='ocrx_word' id='word_1_47' title='bbox 344 608 378 650; x_wconf 82' lang='lat' dir='ltr'><strong>si</strong></span> <span class='ocrx_word' id='word_1_48' title='bbox 419 610 519 666; x_wconf 88' lang='lat' dir='ltr'><strong>quid</strong></span> <span class='ocrx_word' id='word_1_49' title='bbox 557 622 795 653; x_wconf 88' lang='lat' dir='ltr'><strong>tortuosum</strong></span> <span class='ocrx_word' id='word_1_50' title='bbox 836 623 918 661; x_wconf 89' lang='lat' dir='ltr'><strong>est,</strong></span> <span class='ocrx_word' id='word_1_51' title='bbox 958 613 1009 653; x_wconf 82' lang='lat' dir='ltr'><strong>ab</strong></span> <span class='ocrx_word' id='word_1_52' title='bbox 1048 610 1170 668; x_wconf 84' lang='lat' dir='ltr'><strong>hujus</strong></span> <span class='ocrx_word' id='word_1_53' title='bbox 1208 613 1376 666; x_wconf 84' lang='lat' dir='ltr'><strong>regulae</strong></span> <span class='ocrx_word' id='word_1_54' title='bbox 1414 616 1525 658; x_wconf 82' lang='lat' dir='ltr'><strong>linea</strong></span> 
     </span>
     <span class='ocr_line' id='line_1_8' title="bbox 105 688 1524 747; baseline 0.004 -17"><span class='ocrx_word' id='word_1_55' title='bbox 105 699 333 737; x_wconf 83' lang='lat' dir='ltr'><strong>resecetur,</strong></span> <span class='ocrx_word' id='word_1_56' title='bbox 363 699 410 728; x_wconf 90' lang='lat' dir='ltr'><strong>ut</strong></span> <span class='ocrx_word' id='word_1_57' title='bbox 439 688 572 744; x_wconf 86' lang='lat' dir='ltr'><strong>possit</strong></span> <span class='ocrx_word' id='word_1_58' title='bbox 604 700 645 730; x_wconf 90' lang='lat' dir='ltr'><strong>et</strong></span> <span class='ocrx_word' id='word_1_59' title='bbox 676 690 728 731; x_wconf 88' lang='lat' dir='ltr'><strong>de</strong></span> <span class='ocrx_word' id='word_1_60' title='bbox 757 688 880 730; x_wconf 79' lang='lat' dir='ltr'><strong>uobis</strong></span> <span class='ocrx_word' id='word_1_61' title='bbox 911 688 1014 730; x_wconf 87' lang='lat' dir='ltr'><strong>dici:</strong></span> <span class='ocrx_word' id='word_1_62' title='bbox 1057 688 1278 745; x_wconf 84' lang='lat' dir='ltr'><strong>„aequitas</strong></span> <span class='ocrx_word' id='word_1_63' title='bbox 1306 690 1345 747; x_wconf 88' lang='lat'><strong>¹)</strong></span> <span class='ocrx_word' id='word_1_64' title='bbox 1376 691 1524 735; x_wconf 79' lang='lat' dir='ltr'><strong>dilexit</strong></span> 
     </span>
     <span class='ocr_line' id='line_1_9' title="bbox 105 764 1523 823; baseline 0.004 -16"><span class='ocrx_word' id='word_1_65' title='bbox 105 778 157 807; x_wconf 89' lang='lat' dir='ltr'><strong>te.</strong></span> <span class='ocrx_word' id='word_1_66' title='bbox 172 771 196 790; x_wconf 89' lang='lat'>“</span> <span class='ocrx_word' id='word_1_67' title='bbox 268 765 498 807; x_wconf 87' lang='lat' dir='ltr'><strong>Possumus</strong></span> <span class='ocrx_word' id='word_1_68' title='bbox 543 778 684 808; x_wconf 83' lang='lat' dir='ltr'><strong>autem</strong></span> <span class='ocrx_word' id='word_1_69' title='bbox 723 764 848 807; x_wconf 82' lang='lat' dir='ltr'><strong>etiam</strong></span> <span class='ocrx_word' id='word_1_70' title='bbox 886 765 946 807; x_wconf 84' lang='lat' dir='ltr'><strong>sic</strong></span> <span class='ocrx_word' id='word_1_71' title='bbox 985 766 1197 823; x_wconf 82' lang='lat' dir='ltr'><strong>accipere,</strong></span> <span class='ocrx_word' id='word_1_72' title='bbox 1244 779 1290 809; x_wconf 91' lang='lat' dir='ltr'><strong>ut</strong></span> <span class='ocrx_word' id='word_1_73' title='bbox 1333 768 1523 812; x_wconf 87' lang='lat' dir='ltr'><strong>videatur</strong></span> 
     </span>
     <span class='ocr_line' id='line_1_10' title="bbox 102 842 1523 900; baseline 0.004 -16"><span class='ocrx_word' id='word_1_74' title='bbox 102 843 239 884; x_wconf 86' lang='lat' dir='ltr'><strong>simile</strong></span> <span class='ocrx_word' id='word_1_75' title='bbox 264 859 365 893; x_wconf 87' lang='lat' dir='ltr'><strong>esse,</strong></span> <span class='ocrx_word' id='word_1_76' title='bbox 396 844 513 900; x_wconf 84' lang='lat' dir='ltr'><strong>quod</strong></span> <span class='ocrx_word' id='word_1_77' title='bbox 541 843 665 885; x_wconf 85' lang='lat' dir='ltr'><strong>dixit:</strong></span> <span class='ocrx_word' id='word_1_78' title='bbox 698 842 918 899; x_wconf 80' lang='lat' dir='ltr'><strong>„aequitas</strong></span> <span class='ocrx_word' id='word_1_79' title='bbox 943 843 985 899; x_wconf 90' lang='lat'><strong>²)</strong></span> <span class='ocrx_word' id='word_1_80' title='bbox 1018 842 1164 885; x_wconf 85' lang='lat' dir='ltr'><strong>dilexit</strong></span> <span class='ocrx_word' id='word_1_81' title='bbox 1193 851 1292 886; x_wconf 87' lang='lat' dir='ltr'><strong>te:“</strong></span> <span class='ocrx_word' id='word_1_82' title='bbox 1322 863 1370 888; x_wconf 85' lang='lat' dir='ltr'><strong>ac</strong></span> <span class='ocrx_word' id='word_1_83' title='bbox 1396 847 1431 888; x_wconf 82' lang='lat' dir='ltr'><strong>si</strong></span> <span class='ocrx_word' id='word_1_84' title='bbox 1461 848 1523 890; x_wconf 86' lang='lat' dir='ltr'><strong>di-</strong></span> 
     </span>
     <span class='ocr_line' id='line_1_11' title="bbox 103 920 1523 981; baseline 0.002 -18"><span class='ocrx_word' id='word_1_85' title='bbox 103 921 246 963; x_wconf 85' lang='lat' dir='ltr'><strong>xisset:</strong></span> <span class='ocrx_word' id='word_1_86' title='bbox 277 920 434 979; x_wconf 85' lang='lat' dir='ltr'><strong>justitia</strong></span> <span class='ocrx_word' id='word_1_87' title='bbox 465 920 612 962; x_wconf 80' lang='lat' dir='ltr'><strong>dilexit</strong></span> <span class='ocrx_word' id='word_1_88' title='bbox 638 932 703 971; x_wconf 87' lang='lat' dir='ltr'><strong>te,</strong></span> <span class='ocrx_word' id='word_1_89' title='bbox 735 932 776 961; x_wconf 87' lang='lat' dir='ltr'><strong>et</strong></span> <span class='ocrx_word' id='word_1_90' title='bbox 805 920 977 971; x_wconf 79' lang='lat' dir='ltr'><strong>veritas,</strong></span> <span class='ocrx_word' id='word_1_91' title='bbox 1010 932 1051 962; x_wconf 89' lang='lat' dir='ltr'><strong>et</strong></span> <span class='ocrx_word' id='word_1_92' title='bbox 1079 921 1294 977; x_wconf 79' lang='lat' dir='ltr'><strong>sapientia,</strong></span> <span class='ocrx_word' id='word_1_93' title='bbox 1327 935 1368 964; x_wconf 90' lang='lat' dir='ltr'><strong>et</strong></span> <span class='ocrx_word' id='word_1_94' title='bbox 1398 925 1523 981; x_wconf 84' lang='lat' dir='ltr'><strong>pudi-</strong></span> 
     </span>
     <span class='ocr_line' id='line_1_12' title="bbox 104 995 1522 1056; baseline 0.003 -16"><span class='ocrx_word' id='word_1_95' title='bbox 104 999 222 1049; x_wconf 84' lang='lat' dir='ltr'><strong>citia,</strong></span> <span class='ocrx_word' id='word_1_96' title='bbox 265 1010 305 1039; x_wconf 89' lang='lat' dir='ltr'><strong>et</strong></span> <span class='ocrx_word' id='word_1_97' title='bbox 334 995 518 1051; x_wconf 77' lang='lat' dir='ltr'><strong>singulae</strong></span> <span class='ocrx_word' id='word_1_98' title='bbox 550 1014 739 1056; x_wconf 85' lang='lat' dir='ltr'><strong>quaeque</strong></span> <span class='ocrx_word' id='word_1_99' title='bbox 772 997 957 1040; x_wconf 77' lang='lat' dir='ltr'><strong>virtutes.</strong></span> <span class='ocrx_word' id='word_1_100' title='bbox 1017 1000 1105 1040; x_wconf 75' lang='lat' dir='ltr'><strong>Nec</strong></span> <span class='ocrx_word' id='word_1_101' title='bbox 1136 999 1298 1041; x_wconf 85' lang='lat' dir='ltr'><strong>mireris</strong></span> <span class='ocrx_word' id='word_1_102' title='bbox 1328 1017 1448 1053; x_wconf 85' lang='lat' dir='ltr'><strong>sane,</strong></span> <span class='ocrx_word' id='word_1_103' title='bbox 1487 1003 1522 1044; x_wconf 87' lang='lat' dir='ltr'><strong>si</strong></span> 
     </span>
     <span class='ocr_line' id='line_1_13' title="bbox 103 1075 1521 1132; baseline 0.001 -13"><span class='ocrx_word' id='word_1_104' title='bbox 103 1077 281 1120; x_wconf 87' lang='lat' dir='ltr'><strong>dicimus</strong></span> <span class='ocrx_word' id='word_1_105' title='bbox 310 1076 484 1118; x_wconf 81' lang='lat' dir='ltr'><strong>virtutes</strong></span> <span class='ocrx_word' id='word_1_106' title='bbox 507 1092 607 1127; x_wconf 87' lang='lat' dir='ltr'><strong>esse,</strong></span> <span class='ocrx_word' id='word_1_107' title='bbox 645 1092 750 1132; x_wconf 85' lang='lat' dir='ltr'><strong>quae</strong></span> <span class='ocrx_word' id='word_1_108' title='bbox 775 1075 955 1130; x_wconf 86' lang='lat' dir='ltr'><strong>diligunt</strong></span> <span class='ocrx_word' id='word_1_109' title='bbox 975 1076 1202 1127; x_wconf 85' lang='lat' dir='ltr'><strong>Christum,</strong></span> <span class='ocrx_word' id='word_1_110' title='bbox 1232 1094 1328 1120; x_wconf 91' lang='lat' dir='ltr'><strong>cum</strong></span> <span class='ocrx_word' id='word_1_111' title='bbox 1357 1078 1400 1120; x_wconf 89' lang='lat' dir='ltr'><strong>in</strong></span> <span class='ocrx_word' id='word_1_112' title='bbox 1430 1079 1521 1121; x_wconf 83' lang='lat' dir='ltr'><strong>aliis</strong></span> 
     </span>
     <span class='ocr_line' id='line_1_14' title="bbox 103 1153 1520 1213; baseline 0.001 -17"><span class='ocrx_word' id='word_1_113' title='bbox 103 1156 288 1212; x_wconf 85' lang='lat' dir='ltr'><strong>ipsarum</strong></span> <span class='ocrx_word' id='word_1_114' title='bbox 316 1154 521 1196; x_wconf 76' lang='lat' dir='ltr'><strong>virtutum</strong></span> <span class='ocrx_word' id='word_1_115' title='bbox 550 1153 822 1196; x_wconf 79' lang='lat' dir='ltr'><strong>substantiam</strong></span> <span class='ocrx_word' id='word_1_116' title='bbox 843 1154 1056 1197; x_wconf 88' lang='lat' dir='ltr'><strong>Christum</strong></span> <span class='ocrx_word' id='word_1_117' title='bbox 1075 1154 1285 1197; x_wconf 85' lang='lat' dir='ltr'><strong>soleamus</strong></span> <span class='ocrx_word' id='word_1_118' title='bbox 1315 1156 1520 1213; x_wconf 80' lang='lat' dir='ltr'><strong>accipere.</strong></span> 
     </span>
     <span class='ocr_line' id='line_1_15' title="bbox 106 1231 1521 1290; baseline 0.001 -16"><span class='ocrx_word' id='word_1_119' title='bbox 106 1232 238 1287; x_wconf 83' lang='lat' dir='ltr'><strong>Quod</strong></span> <span class='ocrx_word' id='word_1_120' title='bbox 269 1243 309 1273; x_wconf 87' lang='lat' dir='ltr'><strong>et</strong></span> <span class='ocrx_word' id='word_1_121' title='bbox 338 1233 578 1288; x_wconf 86' lang='lat' dir='ltr'><strong>frequenter</strong></span> <span class='ocrx_word' id='word_1_122' title='bbox 608 1231 794 1273; x_wconf 85' lang='lat' dir='ltr'><strong>invenies</strong></span> <span class='ocrx_word' id='word_1_123' title='bbox 825 1231 866 1272; x_wconf 85' lang='lat' dir='ltr'><strong>in</strong></span> <span class='ocrx_word' id='word_1_124' title='bbox 896 1231 1112 1287; x_wconf 85' lang='lat' dir='ltr'><strong>scripturis</strong></span> <span class='ocrx_word' id='word_1_125' title='bbox 1131 1232 1280 1274; x_wconf 84' lang='lat' dir='ltr'><strong>divinis</strong></span> <span class='ocrx_word' id='word_1_126' title='bbox 1303 1250 1383 1290; x_wconf 88' lang='lat' dir='ltr'><strong>pro</strong></span> <span class='ocrx_word' id='word_1_127' title='bbox 1415 1234 1521 1276; x_wconf 85' lang='lat' dir='ltr'><strong>locis</strong></span> 
     </span>
     <span class='ocr_line' id='line_1_16' title="bbox 105 1308 1523 1367; baseline 0.001 -16"><span class='ocrx_word' id='word_1_128' title='bbox 105 1322 146 1352; x_wconf 87' lang='lat' dir='ltr'><strong>et</strong></span> <span class='ocrx_word' id='word_1_129' title='bbox 183 1309 568 1367; x_wconf 81' lang='lat' dir='ltr'><strong>opportunitatibus</strong></span> <span class='ocrx_word' id='word_1_130' title='bbox 608 1309 754 1365; x_wconf 83' lang='lat' dir='ltr'><strong>aptari.</strong></span> <span class='ocrx_word' id='word_1_131' title='bbox 813 1308 1054 1350; x_wconf 84' lang='lat' dir='ltr'><strong>Invenimus</strong></span> <span class='ocrx_word' id='word_1_132' title='bbox 1091 1326 1271 1365; x_wconf 82' lang='lat' dir='ltr'><strong>namque</strong></span> <span class='ocrx_word' id='word_1_133' title='bbox 1310 1311 1449 1366; x_wconf 87' lang='lat' dir='ltr'><strong>ipsum</strong></span> <span class='ocrx_word' id='word_1_134' title='bbox 1481 1324 1523 1353; x_wconf 89' lang='lat' dir='ltr'><strong>et</strong></span> 
     </span>
     <span class='ocr_line' id='line_1_17' title="bbox 104 1386 1520 1445; baseline 0.001 -16"><span class='ocrx_word' id='word_1_135' title='bbox 104 1387 303 1445; x_wconf 83' lang='lat' dir='ltr'><strong>justitiam</strong></span> <span class='ocrx_word' id='word_1_136' title='bbox 336 1387 432 1436; x_wconf 86' lang='lat' dir='ltr'><strong>dici,</strong></span> <span class='ocrx_word' id='word_1_137' title='bbox 464 1398 503 1428; x_wconf 90' lang='lat' dir='ltr'><strong>et</strong></span> <span class='ocrx_word' id='word_1_138' title='bbox 524 1403 688 1443; x_wconf 83' lang='lat' dir='ltr'><strong>pacem,</strong></span> <span class='ocrx_word' id='word_1_139' title='bbox 719 1398 759 1427; x_wconf 91' lang='lat' dir='ltr'><strong>et</strong></span> <span class='ocrx_word' id='word_1_140' title='bbox 780 1386 1010 1427; x_wconf 80' lang='lat' dir='ltr'><strong>veritatem.</strong></span> <span class='ocrx_word' id='word_1_141' title='bbox 1056 1386 1110 1426; x_wconf 90' lang='lat' dir='ltr'><strong>Et</strong></span> <span class='ocrx_word' id='word_1_142' title='bbox 1130 1404 1294 1429; x_wconf 90' lang='lat' dir='ltr'><strong>rursum</strong></span> <span class='ocrx_word' id='word_1_143' title='bbox 1313 1389 1520 1445; x_wconf 86' lang='lat' dir='ltr'><strong>scriptum</strong></span> 
     </span>
     <span class='ocr_line' id='line_1_18' title="bbox 105 1463 1517 1521; baseline 0.002 -15"><span class='ocrx_word' id='word_1_144' title='bbox 105 1477 165 1506; x_wconf 84' lang='lat' dir='ltr'><strong>est</strong></span> <span class='ocrx_word' id='word_1_145' title='bbox 204 1465 247 1506; x_wconf 88' lang='lat' dir='ltr'><strong>in</strong></span> <span class='ocrx_word' id='word_1_146' title='bbox 275 1463 476 1506; x_wconf 81' lang='lat' dir='ltr'><strong>Psalmis:</strong></span> <span class='ocrx_word' id='word_1_147' title='bbox 519 1463 709 1521; x_wconf 81' lang='lat' dir='ltr'><strong>„justitia</strong></span> <span class='ocrx_word' id='word_1_148' title='bbox 735 1465 780 1518; x_wconf 85' lang='lat'><strong>³)</strong></span> <span class='ocrx_word' id='word_1_149' title='bbox 820 1475 861 1505; x_wconf 88' lang='lat' dir='ltr'><strong>et</strong></span> <span class='ocrx_word' id='word_1_150' title='bbox 898 1481 975 1520; x_wconf 79' lang='lat' dir='ltr'><strong>pax</strong></span> <span class='ocrx_word' id='word_1_151' title='bbox 1016 1464 1225 1506; x_wconf 84' lang='lat' dir='ltr'><strong>osculatae</strong></span> <span class='ocrx_word' id='word_1_152' title='bbox 1263 1473 1419 1508; x_wconf 86' lang='lat' dir='ltr'><strong>sunt:“</strong></span> <span class='ocrx_word' id='word_1_153' title='bbox 1458 1480 1517 1510; x_wconf 88' lang='lat' dir='ltr'><strong>et:</strong></span> 
     </span>
     <span class='ocr_line' id='line_1_19' title="bbox 103 1541 1521 1600; baseline 0.002 -16"><span class='ocrx_word' id='word_1_154' title='bbox 103 1542 281 1594; x_wconf 86' lang='lat' dir='ltr'><strong>„veritas</strong></span> <span class='ocrx_word' id='word_1_155' title='bbox 297 1542 338 1598; x_wconf 71' lang='grc'><strong>4)</strong></span> <span class='ocrx_word' id='word_1_156' title='bbox 360 1543 410 1584; x_wconf 90' lang='lat' dir='ltr'><strong>de</strong></span> <span class='ocrx_word' id='word_1_157' title='bbox 432 1553 540 1583; x_wconf 87' lang='lat' dir='ltr'><strong>terra</strong></span> <span class='ocrx_word' id='word_1_158' title='bbox 559 1553 650 1583; x_wconf 85' lang='lat' dir='ltr'><strong>orta</strong></span> <span class='ocrx_word' id='word_1_159' title='bbox 669 1553 743 1592; x_wconf 84' lang='lat' dir='ltr'><strong>est,</strong></span> <span class='ocrx_word' id='word_1_160' title='bbox 776 1553 816 1582; x_wconf 88' lang='lat' dir='ltr'><strong>et</strong></span> <span class='ocrx_word' id='word_1_161' title='bbox 842 1541 998 1599; x_wconf 79' lang='lat' dir='ltr'><strong>justitia</strong></span> <span class='ocrx_word' id='word_1_162' title='bbox 1028 1542 1079 1582; x_wconf 91' lang='lat' dir='ltr'><strong>de</strong></span> <span class='ocrx_word' id='word_1_163' title='bbox 1110 1543 1231 1584; x_wconf 90' lang='lat' dir='ltr'><strong>coelo</strong></span> <span class='ocrx_word' id='word_1_164' title='bbox 1263 1545 1521 1600; x_wconf 80' lang='lat' dir='ltr'><strong>prospexit.“</strong></span> 
     </span>
     <span class='ocr_line' id='line_1_20' title="bbox 105 1618 1522 1676; baseline 0.002 -16"><span class='ocrx_word' id='word_1_165' title='bbox 105 1619 225 1674; x_wconf 82' lang='lat' dir='ltr'><strong>Quae</strong></span> <span class='ocrx_word' id='word_1_166' title='bbox 255 1618 400 1675; x_wconf 81' lang='lat' dir='ltr'><strong>utique</strong></span> <span class='ocrx_word' id='word_1_167' title='bbox 433 1619 572 1662; x_wconf 80' lang='lat' dir='ltr'><strong>omnia</strong></span> <span class='ocrx_word' id='word_1_168' title='bbox 602 1620 750 1675; x_wconf 83' lang='lat' dir='ltr'><strong>ipse⁵)</strong></span> <span class='ocrx_word' id='word_1_169' title='bbox 784 1635 883 1670; x_wconf 89' lang='lat' dir='ltr'><strong>esse,</strong></span> <span class='ocrx_word' id='word_1_170' title='bbox 915 1631 955 1660; x_wconf 91' lang='lat' dir='ltr'><strong>et</strong></span> <span class='ocrx_word' id='word_1_171' title='bbox 979 1636 1144 1661; x_wconf 87' lang='lat' dir='ltr'><strong>rursum</strong></span> <span class='ocrx_word' id='word_1_172' title='bbox 1166 1619 1304 1676; x_wconf 86' lang='lat' dir='ltr'><strong>ipsum</strong></span> <span class='ocrx_word' id='word_1_173' title='bbox 1326 1620 1522 1663; x_wconf 87' lang='lat' dir='ltr'><strong>dicuntur</strong></span> 
     </span>
     <span class='ocr_line' id='line_1_21' title="bbox 102 1695 1522 1755; baseline 0.002 -17"><span class='ocrx_word' id='word_1_174' title='bbox 102 1696 313 1754; x_wconf 81' lang='lat' dir='ltr'><strong>amplecti.</strong></span> <span class='ocrx_word' id='word_1_175' title='bbox 360 1698 445 1739; x_wconf 88' lang='lat' dir='ltr'><strong>Sed</strong></span> <span class='ocrx_word' id='word_1_176' title='bbox 470 1709 512 1738; x_wconf 86' lang='lat' dir='ltr'><strong>et</strong></span> <span class='ocrx_word' id='word_1_177' title='bbox 531 1713 708 1753; x_wconf 90' lang='lat' dir='ltr'><strong>sponsus</strong></span> <span class='ocrx_word' id='word_1_178' title='bbox 725 1696 839 1738; x_wconf 88' lang='lat' dir='ltr'><strong>idem</strong></span> <span class='ocrx_word' id='word_1_179' title='bbox 869 1695 1037 1746; x_wconf 85' lang='lat' dir='ltr'><strong>dicitur,</strong></span> <span class='ocrx_word' id='word_1_180' title='bbox 1069 1696 1182 1739; x_wconf 89' lang='lat' dir='ltr'><strong>idem</strong></span> <span class='ocrx_word' id='word_1_181' title='bbox 1213 1697 1338 1739; x_wconf 81' lang='lat' dir='ltr'><strong>etiam</strong></span> <span class='ocrx_word' id='word_1_182' title='bbox 1369 1715 1522 1755; x_wconf 85' lang='lat' dir='ltr'><strong>sponsa</strong></span> 
     </span>
     <span class='ocr_line' id='line_1_22' title="bbox 104 1774 1519 1833; baseline 0.001 -17"><span class='ocrx_word' id='word_1_183' title='bbox 104 1774 357 1825; x_wconf 84' lang='lat' dir='ltr'><strong>nominatur,</strong></span> <span class='ocrx_word' id='word_1_184' title='bbox 387 1786 434 1816; x_wconf 92' lang='lat' dir='ltr'><strong>ut</strong></span> <span class='ocrx_word' id='word_1_185' title='bbox 463 1774 505 1815; x_wconf 91' lang='lat' dir='ltr'><strong>in</strong></span> <span class='ocrx_word' id='word_1_186' title='bbox 536 1774 760 1831; x_wconf 83' lang='lat' dir='ltr'><strong>prophetia</strong></span> <span class='ocrx_word' id='word_1_187' title='bbox 788 1775 993 1831; x_wconf 87' lang='lat' dir='ltr'><strong>scriptum</strong></span> <span class='ocrx_word' id='word_1_188' title='bbox 1026 1786 1105 1816; x_wconf 88' lang='lat' dir='ltr'><strong>est:</strong></span> <span class='ocrx_word' id='word_1_189' title='bbox 1139 1775 1274 1827; x_wconf 87' lang='lat' dir='ltr'><strong>„sicut</strong></span> <span class='ocrx_word' id='word_1_190' title='bbox 1289 1778 1332 1833; x_wconf 74' lang='grc'><strong>6)</strong></span> <span class='ocrx_word' id='word_1_191' title='bbox 1362 1793 1519 1832; x_wconf 89' lang='lat' dir='ltr'><strong>sponso</strong></span> 
     </span>
     <span class='ocr_line' id='line_1_23' title="bbox 104 1851 1521 1910; baseline 0.001 -16"><span class='ocrx_word' id='word_1_192' title='bbox 104 1852 307 1910; x_wconf 85' lang='lat' dir='ltr'><strong>imposuit</strong></span> <span class='ocrx_word' id='word_1_193' title='bbox 343 1851 447 1894; x_wconf 86' lang='lat' dir='ltr'><strong>mihi</strong></span> <span class='ocrx_word' id='word_1_194' title='bbox 487 1852 678 1904; x_wconf 84' lang='lat' dir='ltr'><strong>mitram,</strong></span> <span class='ocrx_word' id='word_1_195' title='bbox 718 1865 759 1895; x_wconf 84' lang='lat' dir='ltr'><strong>et</strong></span> <span class='ocrx_word' id='word_1_196' title='bbox 796 1853 904 1895; x_wconf 86' lang='lat' dir='ltr'><strong>sicut</strong></span> <span class='ocrx_word' id='word_1_197' title='bbox 933 1869 1127 1910; x_wconf 85' lang='lat' dir='ltr'><strong>sponsam</strong></span> <span class='ocrx_word' id='word_1_198' title='bbox 1160 1853 1324 1896; x_wconf 80' lang='lat' dir='ltr'><strong>ornavit</strong></span> <span class='ocrx_word' id='word_1_199' title='bbox 1352 1869 1422 1895; x_wconf 91' lang='lat' dir='ltr'><strong>me</strong></span> <span class='ocrx_word' id='word_1_200' title='bbox 1453 1870 1521 1895; x_wconf 89' lang='lat' dir='ltr'><strong>or-</strong></span> 
     </span>
    </p>
   </div>
   <div class='ocr_carea' id='block_1_3' title="bbox 103 1936 349 1973">
    <p class='ocr_par' dir='ltr' id='par_1_3' title="bbox 103 1936 349 1973">
     <span class='ocr_line' id='line_1_24' title="bbox 103 1936 349 1973; baseline -0.008 0"><span class='ocrx_word' id='word_1_201' title='bbox 103 1936 349 1973; x_wconf 84' lang='lat' dir='ltr'><strong>namento.“</strong></span> 
     </span>
    </p>
   </div>
   <div class='ocr_carea' id='block_1_4' title="bbox 217 2106 1470 2234">
    <p class='ocr_par' dir='ltr' id='par_1_4' title="bbox 217 2106 1470 2234">
     <span class='ocr_line' id='line_1_25' title="bbox 221 2106 1072 2164; baseline -0.004 -14"><span class='ocrx_word' id='word_1_202' title='bbox 221 2107 261 2163; x_wconf 92' lang='lat'><strong>¹)</strong></span> <span class='ocrx_word' id='word_1_203' title='bbox 294 2106 450 2150; x_wconf 77' lang='lat' dir='ltr'><strong>Cantic.</strong></span> <span class='ocrx_word' id='word_1_204' title='bbox 483 2108 517 2156; x_wconf 87' lang='lat' dir='ltr'><strong>I,</strong></span> <span class='ocrx_word' id='word_1_205' title='bbox 548 2107 585 2149; x_wconf 82' lang='lat'><strong>4.</strong></span> <span class='ocrx_word' id='word_1_206' title='bbox 705 2107 749 2164; x_wconf 85' lang='lat'><strong>²)</strong></span> <span class='ocrx_word' id='word_1_207' title='bbox 782 2107 939 2149; x_wconf 85' lang='lat' dir='ltr'><strong>Cantic.</strong></span> <span class='ocrx_word' id='word_1_208' title='bbox 974 2107 1003 2157; x_wconf 88' lang='lat' dir='ltr'><strong>I,</strong></span> <span class='ocrx_word' id='word_1_209' title='bbox 1036 2107 1072 2150; x_wconf 77' lang='grc'><strong>4.</strong></span> 
     </span>
     <span class='ocr_line' id='line_1_26' title="bbox 217 2177 1470 2234; baseline 0.003 -16"><span class='ocrx_word' id='word_1_210' title='bbox 217 2179 261 2233; x_wconf 82' lang='grc'><strong>3)</strong></span> <span class='ocrx_word' id='word_1_211' title='bbox 291 2178 444 2220; x_wconf 76' lang='lat' dir='ltr'><strong>Psalm.</strong></span> <span class='ocrx_word' id='word_1_212' title='bbox 474 2177 687 2228; x_wconf 83' lang='lat' dir='ltr'><strong>LXXXV,</strong></span> <span class='ocrx_word' id='word_1_213' title='bbox 719 2177 781 2222; x_wconf 86' lang='lat'><strong>10.</strong></span> <span class='ocrx_word' id='word_1_214' title='bbox 901 2178 942 2234; x_wconf 73' lang='lat'><strong>⁴)</strong></span> <span class='ocrx_word' id='word_1_215' title='bbox 972 2178 1128 2225; x_wconf 85' lang='lat' dir='ltr'><strong>Psalm.</strong></span> <span class='ocrx_word' id='word_1_216' title='bbox 1159 2178 1371 2229; x_wconf 87' lang='lat' dir='ltr'><strong>LXXXV,</strong></span> <span class='ocrx_word' id='word_1_217' title='bbox 1404 2177 1470 2222; x_wconf 84' lang='lat'><strong>11.</strong></span> 
     </span>
    </p>
   </div>
   <div class='ocr_carea' id='block_1_5' title="bbox 220 2247 1050 2375">
    <p class='ocr_par' dir='ltr' id='par_1_5' title="bbox 220 2247 1050 2375">
     <span class='ocr_line' id='line_1_27' title="bbox 220 2247 1050 2306; baseline 0 -16"><span class='ocrx_word' id='word_1_218' title='bbox 220 2249 262 2304; x_wconf 83' lang='lat'><strong>⁵)</strong></span> <span class='ocrx_word' id='word_1_219' title='bbox 292 2248 398 2290; x_wconf 90' lang='lat' dir='ltr'><strong>Edd.</strong></span> <span class='ocrx_word' id='word_1_220' title='bbox 430 2247 628 2291; x_wconf 81' lang='lat' dir='ltr'><strong>Merlini:</strong></span> <span class='ocrx_word' id='word_1_221' title='bbox 662 2259 702 2290; x_wconf 90' lang='lat' dir='ltr'><strong>et</strong></span> <span class='ocrx_word' id='word_1_222' title='bbox 731 2248 821 2306; x_wconf 86' lang='lat' dir='ltr'><strong>ipse</strong></span> <span class='ocrx_word' id='word_1_223' title='bbox 853 2265 940 2291; x_wconf 89' lang='lat' dir='ltr'><strong>esse</strong></span> <span class='ocrx_word' id='word_1_224' title='bbox 972 2259 1050 2291; x_wconf 88' lang='lat' dir='ltr'><strong>etc.</strong></span> 
     </span>
     <span class='ocr_line' id='line_1_28' title="bbox 221 2317 642 2375; baseline 0 -15"><span class='ocrx_word' id='word_1_225' title='bbox 221 2318 263 2375; x_wconf 78' lang='grc'><strong>6)</strong></span> <span class='ocrx_word' id='word_1_226' title='bbox 293 2317 405 2360; x_wconf 82' lang='lat' dir='ltr'><strong>Jesai</strong></span> <span class='ocrx_word' id='word_1_227' title='bbox 435 2318 546 2369; x_wconf 90' lang='lat' dir='ltr'><strong>LXI,</strong></span> <span class='ocrx_word' id='word_1_228' title='bbox 578 2317 642 2362; x_wconf 88' lang='lat'><strong>10.</strong></span> 
     </span>
    </p>
   </div>
  </div>
 </body>
</html>
