1759 3134
215 98 299 142 338
508 99 730 139 Omorms
760 111 804 139 m
835 97 1018 140 CAN-nc.
1052 97 1354 141 emnconmx

214 212 246 252 si
274 211 310 266 ¹)
342 210 624 252 intelleximus
658 210 741 251 vini
773 210 1056 262 differentias,
1098 227 1247 268 easque
1286 228 1366 268 pro
1399 211 1635 255 diversitate

214 291 459 343 dogmatum
500 300 689 330 constare
735 288 1047 346 perspeximus,
1093 290 1209 345 quod
1253 289 1309 330 ait
1353 289 1420 330 hic
1464 306 1635 345 sponsa:

213 368 339 424 „quia
359 367 401 424 2)
432 368 545 408 bona
574 378 670 408 sunt
697 368 826 409 ubera
856 379 926 408 tua
955 383 1081 423 super
1103 365 1307 408 vinum:“
1339 383 1466 423 super
1494 367 1638 409 vinum

214 445 358 502 utique
390 444 671 498 intelligamus
690 446 867 496 bonum,
897 461 982 486 non
1001 444 1171 487 malum.
1229 443 1363 486 Bonis
1395 444 1521 495 enim,
1552 461 1638 487 non

213 522 334 564 malis
366 535 606 580 comparata
637 522 903 576 dogmatibus
933 521 1075 579 sponsi
1109 523 1305 575 dogmata
1330 522 1636 579 praeferuntur.

210 601 383 643 Bonum
416 601 528 643 enim
558 601 703 643 vinum
732 612 966 654 gustaverat
996 598 1111 656 prius
1141 599 1183 641 in
1216 600 1305 655 lege
1339 612 1379 642 et
1397 600 1638 657 prophetis:

212 695 261 722 ex
302 696 386 737 quo
429 680 545 722 velut
581 678 885 736 praemeditata
925 691 1013 720 erat
1053 694 1206 735 sponsa
1251 678 1455 720 laetitiam
1501 678 1640 721 cordis

211 758 417 815 accipere,
447 774 495 800 ac
525 774 788 816 praeparare,
818 769 866 799 ut
897 772 1045 813 capere
1064 768 1206 813 posset
1227 756 1350 797 ctiam
1371 756 1503 809 illam,
1535 773 1639 814 quae

211 836 394 877 affutura
425 847 512 877 erat
541 853 619 893 per
647 838 777 878 ubera
807 836 937 893 ipsius
969 835 1133 892 sponsi,
1167 834 1511 876 excellentiorem
1543 851 1643 876 cun-

212 914 345 972 ctis³)
377 913 785 971 eminentioremque
817 914 1070 964 doctrinam,
1101 912 1204 954 dicit
1220 912 1284 969 ⁴¹):
1316 914 1456 965 „bona
1475 913 1517 970 ⁵)
1547 924 1642 954 sunt

210 993 340 1034 ubera
370 1003 442 1034 tua
470 1008 598 1049 super
627 992 815 1034 vinumf‘
875 993 931 1034 Et
962 992 1079 1042 vide,
1120 991 1154 1033 si
1184 990 1319 1033 adhuc
1350 992 1513 1033 formae
1543 990 1641 1033 huic

211 1081 355 1126 aptare
385 1070 593 1126 possimus
619 1070 659 1124 ε”·)
690 1069 810 1110 illam
841 1069 1045 1123 evangelii
1075 1068 1344 1125 parabolam,
1380 1086 1484 1126 quae
1518 1068 1641 1112 dicit:

209 1146 382 1197 „simile
408 1148 448 1199 ⁷)
497 1158 557 1187 est
597 1162 772 1200 regnum
813 1146 1034 1188 coelorum
1072 1147 1268 1188 thesauro
1309 1147 1556 1188 abscondito
1598 1148 1641 1188 in

211 1240 335 1277 agro,
374 1240 501 1280 quem
533 1222 605 1280 qui
635 1223 862 1276 invenerit,
892 1224 1136 1275 abscondit,
1169 1236 1209 1266 et
1239 1240 1339 1281 prae
1371 1223 1522 1277 gaudio
1556 1223 1642 1282 ejus

212 1301 340 1351 vadit,
374 1313 415 1342 et
445 1301 590 1342 vendit
621 1302 775 1353 omnia,
807 1319 910 1360 quae
941 1303 1080 1353 habet,
1113 1315 1153 1344 et
1187 1303 1290 1344 emit
1314 1318 1458 1356 agrum
1479 1302 1643 1345 illum.“

211 1379 286 1420 Est
317 1395 416 1432 ergo
446 1379 663 1422 thesaurus
694 1380 727 1421 is
758 1397 846 1422 non
877 1381 918 1422 in
950 1382 1116 1422 deserto
1148 1380 1292 1437 aliquo
1336 1382 1462 1433 loco,
1505 1397 1643 1437 neque

213 1456 256 1497 in
295 1456 444 1515 sylvis,
485 1458 559 1505 sed
599 1458 641 1499 in
680 1475 778 1512 agro
819 1458 1100 1500 absconditus.
1160 1459 1215 1500 Et
1254 1458 1457 1515 possibile
1496 1458 1644 1515 utique

213 1547 288 1585 est,
320 1551 465 1587 agrum
497 1534 621 1576 illum
651 1536 805 1578 habere
830 1536 956 1578 etiam
978 1536 1131 1588 vineas,
1163 1554 1267 1594 quae
1289 1538 1467 1579 afferant
1485 1537 1644 1588 vinum,

212 1613 366 1653 habere
400 1613 525 1654 etiam
557 1614 811 1666 thesaurum,
841 1627 1020 1671 propter
1050 1631 1177 1671 quem
1210 1615 1417 1657 distractis
1449 1615 1644 1656 omnihus

214 1691 316 1732 emit
347 1707 492 1745 agrum
522 1690 646 1732 illum
678 1691 725 1744 is,
758 1691 830 1749 qui
860 1692 1076 1734 invenerat
1098 1692 1158 1734 ibi
1184 1693 1438 1736 thesaurum.
1498 1694 1646 1736 Potest

213 1884 380 1940 ἔχουσα
426 1883 722 1943 παρασκευὴν
767 1887 830 1935 εἷς
873 1882 923 1930 τό
969 1885 1189 1937 δέξασθαι
1238 1885 1342 1938 τοὺς
1389 1891 1646 1945 κρείττονας

213 1952 385 1999 τούτων
414 1958 494 1999 τοῦ
527 1961 733 2013 νυμφίου
765 1955 988 2013 μαστοὺς,
1029 1954 1159 2001 τοῦτό
1193 1972 1331 2015 φησι,
1374 1960 1644 2018 προτιμῶσα

210 2023 396 2075 ’τούτους
427 2030 555 2070 οἴμοιΙ
586 2030 665 2070 τοῦ
698 2028 748 2070 ἐν
780 2025 908 2085 νόμῳ
939 2044 985 2072 τε
1023 2030 1102 2071 καὶ
1140 2025 1411 2085 προφήταις.
1471 2031 1565 2072 Καὶ
1594 2027 1644 2072 τὸ

213 2100 319 2154 περὶ
349 2099 440 2140 τῶν
469 2095 631 2155 μύρων
662 2099 736 2154 δὲ,
779 2101 842 2156 τῷ
882 2102 988 2156 περὶ
1027 2102 1106 2143 τοῦ
1142 2102 1271 2143 οἴνου
1301 2098 1480 2145 ταύτόν.
1530 2098 1644 2160 Ὅρα

213 2168 262 2211 δὲ
303 2167 361 2217 ὠς
399 2168 475 2211 ἐπὶ
514 2170 601 2221 μὲν
642 2171 718 2224 τῆς
759 2169 1054 2226 εὐαγγελὶκῆς
1089 2172 1318 2219 πολιτείας
1361 2168 1511 2227 ὀσμὴν
1541 2172 1641 2228 ἔφη.

209 2236 315 2280 Ἐπὶ
344 2240 420 2293 τῆς
450 2242 640 2295 νομικῆς
669 2242 906 2298 λατρείας,
950 2238 1063 2284 αὐτὰ
1101 2244 1272 2285 ’τέθεικε
1311 2240 1366 2284 τὰ
1407 2240 1642 2300 ἀρώματα,

213 2309 364 2363 δηλῶν
394 2310 564 2363 ἐκείνης
593 2308 641 2353 τὸ
674 2309 900 2368 ὑπερέχον
930 2314 1007 2355 καὶ
1038 2310 1374 2371 πνευματικὸν,
1405 2309 1564 2369 ταύτης
1595 2313 1646 2357 δὲ

209 2377 258 2424 ’τὸ
290 2378 430 2437 παχύ.
493 2381 674 2422 Ruaeus.

333 2452 373 2508 ¹)
404 2451 514 2493 Edd.
544 2450 740 2492 Merlini:
772 2449 892 2493 sicut.
1014 2452 1057 2508 2)
1089 2452 1250 2496 Cantic.
1281 2455 1316 2506 I,
1346 2453 1386 2498 2.

332 2523 374 2579 ³)
407 2522 478 2564 Sic
507 2522 609 2564 Mss.
657 2521 773 2563 Male
804 2538 907 2563 vero
942 2522 1045 2564 editi
1077 2525 1136 2581 (v.
1170 2542 1203 2567 c.
1238 2525 1333 2568 edd.
1365 2524 1473 2583 M.):
1507 2541 1643 2578 „cun-

213 2578 288 2620 ctis
321 2595 493 2621 cernens
525 2595 675 2620 eorum
706 2579 985 2621 doctrinam.“
1044 2580 1095 2623 R.

328 2651 371 2707 ⁶³)
401 2650 510 2692 Edd.
547 2649 742 2692 Merlini:
778 2662 818 2692 et
847 2650 946 2692 ideo
979 2651 1092 2694 dicit.

329 2719 370 2778 ⁵)
404 2720 563 2762 Cantic.
594 2707 628 2772 Ϊ,
657 2720 697 2765 2.

327 2792 369 2845 ⁸5)
399 2791 510 2834 Edd.
542 2791 738 2834 Merlini:
769 2808 1006 2849 possumus.

327 2859 368 2918 ⁷)
398 2862 549 2904 Matth.
581 2862 703 2915 XIII,
735 2862 801 2906 44.
