1759 3134
700 121 839 164 Lmen
869 120 900 161 Ι.
1430 118 1514 165 335

99 231 169 274 De
208 231 290 275 hoc
329 232 440 274 enim
478 232 746 290 antiquorum
791 233 890 273 vino
932 229 1228 283 intelligendus
1272 240 1332 272 est
1366 229 1518 272 Eccle-

102 311 243 353 siastes
274 311 437 363 dicere,
467 312 541 352 ubi
571 311 648 353 ait:
687 325 802 362 „ego
835 310 874 365 ¹)
906 308 990 349 dixi
1019 309 1063 349 in
1094 309 1221 350 corde
1250 324 1370 351 meo:
1406 309 1516 361 veni,

101 401 142 430 et
170 391 340 431 tentabo
371 400 412 430 te
444 388 487 429 in
517 387 697 438 laetitia,
737 398 778 428 et
797 386 839 442 ²)
882 386 1035 427 videbo
1067 384 1110 426 in
1138 387 1298 430 bon0.“
1355 387 1411 428 Et
1438 387 1516 428 ite-

99 484 195 509 rum
237 468 289 508 de
336 466 486 507 iisdem
529 465 660 507 vineis
704 464 882 520 loquens
928 463 1042 504 idem
1078 462 1350 506 Ecclesiastes
1391 464 1514 507 dicit:

101 544 398 598 „magnificavi
421 545 462 601 3)
492 544 597 585 mihi
626 559 732 600 opus
760 557 925 593 meum,
970 540 1189 583 aedificavi
1216 540 1321 582 mihi
1352 543 1516 596 domos,

99 623 285 680 plantavi
325 621 430 663 mihi
469 622 629 672 vineas,
666 619 749 662 feci
781 619 886 661 mihi
915 619 1062 661 hortos
1095 630 1136 661 et
1164 618 1437 676 paradisos,“
1476 633 1517 662 et

97 700 272 758 reliqua.
333 701 441 742 Sunt
478 712 618 742 autem
658 697 779 756 hujus
809 697 953 739 vineae
982 696 1149 756 mystici
1179 697 1307 740 etiam
1335 698 1517 740 ministri

96 779 287 836 quidam,
320 778 392 836 qui
421 777 508 819 vini
535 780 699 820 fusores
726 775 1007 833 appellantur.
1066 774 1138 818 Sic
1169 775 1282 818 enim
1309 775 1426 818 idem
1456 775 1518 818 di·-

97 856 174 898 cit:
220 868 293 907 „et
313 854 357 911 ⁴¹)
403 855 487 897 feci
529 855 635 897 mihi
677 865 866 896 cantores
906 866 948 896 et
986 853 1230 896 cantatrices
1270 854 1315 896 in
1354 853 1514 896 laetitia

94 935 285 976 filiorum
312 932 556 984 hominum,
595 932 682 974 vini
720 933 883 974 fusores
915 943 956 974 et
985 932 1072 974 vini
1100 932 1351 974 fusitrices.“
1407 932 1517 973 Vide

97 1028 221 1066 ergo,
258 1011 293 1054 si
327 1010 536 1068 possimus
565 1011 608 1067 ⁵)
646 1021 739 1052 tum
777 1010 822 1052 in
861 1009 1031 1062 ceteris,
1070 1021 1164 1052 tum
1206 1010 1331 1052 etiam
1361 1010 1407 1052 in
1434 1010 1517 1052 hoe

95 1089 333 1144 intelligere
363 1089 614 1132 salvatorem
644 1089 777 1131 veteri
807 1089 905 1131 vino
935 1088 1108 1130 novella
1135 1089 1317 1130 uberum
1344 1105 1518 1131 suorum

99 1169 256 1211 fluenta
284 1168 555 1219 miscentem,
592 1184 688 1209 cum
718 1166 856 1209 Maria
887 1178 928 1208 et
955 1167 1116 1223 Joseph
1146 1179 1391 1224 quaerentes
1418 1167 1518 1219 „in-

99 1247 364 1298 veneruntfi)
395 1262 493 1288 eum
521 1245 566 1287 in
595 1245 758 1302 templo
789 1245 1006 1286 sedentem
1034 1245 1079 1286 in
1101 1245 1246 1287 medio
1278 1246 1518 1298 doctorum,

99 1337 141 1367 et
180 1325 422 1368 audientem
458 1337 582 1382 atque
622 1324 951 1376 interrogantem
991 1329 1122 1374 eos,“
1162 1324 1330 1380 quando
1355 1325 1397 1378 ⁷)
1441 1334 1517 1375 „et

96 1403 356 1445 mirabantur
387 1418 532 1445 omnes
567 1418 694 1458 super
721 1400 934 1457 responsis
966 1400 1094 1460 ejus.“
1154 1401 1240 1442 Sed
1272 1412 1313 1441 et
1341 1399 1403 1441 ibi
1431 1401 1520 1441 for-=

97 1481 213 1524 tassis
253 1481 412 1539 species
450 1482 611 1522 formae
652 1478 774 1537 hujus
813 1478 1026 1536 expletur,
1069 1478 1145 1519 ubi
1182 1478 1437 1520 adscendens
1474 1477 1518 1519 in

97 1572 288 1601 montem
319 1560 500 1601 docebat
525 1558 735 1615 populos,
767 1568 809 1599 et
839 1557 1025 1598 dicebat:
1067 1557 1265 1608 „dictum
1285 1556 1329 1613 ⁸)
1360 1568 1422 1598 est
1449 1573 1520 1598 an-

97 1638 245 1695 tiquis:
285 1653 370 1678 non
408 1637 588 1682 occides.
645 1636 737 1689 Ego
769 1646 910 1677 autem
941 1634 1036 1675 dico
1067 1634 1209 1675 vobis:
1250 1633 1409 1685 omnis,
1447 1632 1519 1690 qui

97 1714 290 1757 irascitur
326 1713 445 1756 fratri
479 1729 556 1755 suo
598 1712 684 1755 sine
726 1728 866 1762 causa,
903 1727 1000 1752 reus
1031 1710 1121 1753 erit.
1179 1711 1237 1752 Et
1264 1711 1454 1763 „dictum
1475 1712 1519 1768 ⁹)

100 1804 162 1834 est
204 1790 409 1848 antiquis:
453 1808 540 1833 non
585 1790 851 1832 adulterabis,
923 1789 1015 1842 Ego
1059 1801 1200 1832 autem
1238 1790 1335 1831 dico
1374 1789 1518 1832 vobis:

101 1870 251 1922 omnis,
282 1869 355 1926 qui
384 1867 538 1911 viderit
564 1869 791 1911 mulierem
819 1869 873 1910 ad
898 1867 1285 1924 concupiscendum
1302 1883 1407 1919 eam,
1435 1866 1520 1925 jam

99 1948 345 1991 moechatus
378 1958 440 1988 est
471 1962 564 1988 eam
589 1947 658 2004 ¹⁰)
697 1947 741 1989 in
771 1947 900 1989 corde
931 1952 1050 1988 suo.“
1106 1946 1159 1987 In
1187 1957 1390 2003 quantum
1420 1961 1518 1999 ergo

100 2026 295 2069 doctrina
329 2026 433 2067 haec
474 2024 562 2085 ejus
600 2025 822 2082 praecellit
851 2024 972 2065 illam
1000 2024 1238 2082 antiquam,
1275 2025 1318 2066 in
1354 2035 1520 2066 tantum

100 2121 252 2163 sponsa
280 2102 480 2158 intelligit
509 2115 552 2145 et
579 2104 839 2161 pronuntiat,
868 2104 980 2145 bona
1011 2118 1098 2145 esse
1126 2104 1258 2145 ubera
1285 2101 1374 2161 ejus
1394 2117 1520 2160 super

217 2259 260 2316 ¹)
288 2259 528 2304 Ecclesiast.
557 2260 614 2312 II,
649 2260 688 2305 1.
720 2282 772 2291 -
801 2257 911 2302 Edd.
932 2259 992 2303 M.
1023 2270 1095 2312 „et
1125 2259 1300 2302 cantabo
1330 2263 1410 2300 te“
1441 2267 1517 2300 etc.

217 2331 261 2388 2)
289 2331 424 2372 Deest
451 2336 564 2383 „et“
593 2331 638 2372 in
669 2331 733 2372 ed.
762 2332 813 2374 R.
933 2332 977 2388 ³)
1005 2331 1249 2373 Ecclesiast.
1278 2330 1334 2381 II,
1359 2329 1398 2372 4.
1429 2329 1467 2373 5.

216 2401 261 2457 4)
291 2401 532 2445 Ecclesiast.
560 2402 618 2453 II,
646 2400 685 2445 8.
723 2425 774 2432 -
804 2401 913 2443 Edd.
946 2401 1008 2444 M.
1039 2414 1114 2454 „et
1144 2400 1386 2443 cantrices.“

220 2473 262 2528 ⁵)
291 2471 404 2513 Edd.
432 2471 632 2514 Merlini:
661 2489 895 2529 possumus.

220 2543 263 2598 6)
293 2543 394 2584 Luc.
423 2543 481 2592 II,
512 2541 579 2585 46.

223 2614 264 2669 7)
293 2612 402 2654 Edd.
442 2611 639 2653 Merlini:
687 2614 890 2670 „quando
928 2613 1188 2655 mirabamur
1226 2609 1418 2653 homines
1457 2626 1522 2651 su·-

104 2676 216 2727 per“
248 2681 326 2712 etc.
361 2691 411 2699 —
445 2668 530 2710 Cfr.
562 2668 664 2711 Luc,
694 2671 751 2720 Il,
781 2671 849 2714 47.

217 2742 262 2794 8)
295 2740 381 2782 Cfr.
413 2739 564 2780 Matth.
595 2739 647 2790 V,
676 2739 744 2783 21.
774 2740 844 2785 22.

217 2811 269 2868 ⁹)
299 2810 388 2852 Cfr.
419 2808 568 2851 Matth.
599 2808 650 2860 V,
677 2809 746 2854 27.
776 2811 844 2855 28.

191 2881 261 2939 ιο)
289 2881 427 2924 Deest
461 2885 624 2933 „eam“
653 2879 697 2921 in
731 2882 824 2923 edd.
856 2883 917 2925 Μ.
