1759 3134
640 139 893 186 Paotoevs.
1397 136 1477 188 301

65 259 274 316 separabit
303 275 327 300 a
356 258 525 300 caritate
554 256 651 310 Dei,
682 273 787 315 quae
818 266 880 297 est
908 254 952 295 in
983 252 1150 296 Christo
1167 254 1268 296 Jesu
1286 254 1477 296 Domino

64 337 276 380 nostro?“
321 337 436 378 Haec
465 348 606 377 autem
634 334 780 377 caritas
811 348 980 375 omnem
1003 332 1220 374 hominem
1238 332 1479 389 proximum

66 413 214 468 diligit.
288 413 357 456 Ob
394 412 478 455 hoc
520 413 631 456 enim
658 413 696 470 ¹)
734 410 868 465 arguit
904 410 1088 452 salvator
1131 411 1361 467 quendam,
1408 412 1480 468 qui

66 491 328 548 opinabatur,
360 492 475 548 quod
504 491 611 549 justa
639 489 775 532 anima
805 505 899 542 erga
926 504 1030 539 eam,
1062 503 1167 544 quae
1191 488 1480 545 iniquitatibus

64 568 255 610 involuta
295 580 377 619 est,
416 567 740 626 propinquitatis
782 568 872 626 jura
910 584 997 609 non
1034 577 1193 609 servet:
1234 577 1274 606 et
1310 565 1387 607 ista
1430 566 1481 606 de

64 662 183 688 causa
211 645 346 687 texuit
374 646 496 688 istam
524 646 793 703 parabolam,
836 661 939 703 quae
972 645 1094 695 dicit,
1136 644 1251 700 quod
1280 642 1323 684 in
1354 642 1483 683 latro-

62 741 134 766 nes
158 723 307 766 incidit
337 723 521 780 quidam,
553 725 655 765 dum
686 723 903 765 descendit
932 724 983 764 ab
1013 721 1280 764 Hierusalem
1309 720 1352 762 in
1380 719 1484 761 Hie-

61 802 203 844 richo:
245 814 288 844 et
326 802 468 858 culpat
506 800 677 858 quidem
714 801 979 843 sacerdotem
1008 816 1056 842 ac
1089 798 1283 850 levitam,
1321 796 1394 855 qui
1423 796 1484 838 vi-

64 881 208 922 dentes
238 879 504 930 seminecem,
534 878 863 936 praeterierunt:
895 877 1165 935 amplectitur
1184 889 1325 918 autem
1341 876 1485 918 Sama-

60 958 256 1008 ritanum,
288 957 361 1014 qui
388 956 725 999 misericordiam
752 955 915 1006 fecerit,
947 967 988 997 et
1016 956 1128 997 hunc
1157 954 1286 995 fuisse
1317 952 1356 994 ei
1384 968 1486 1009 pro-

59 1034 219 1077 ximum
247 1035 400 1092 ipsius,
443 1035 516 1092 qui
544 1046 847 1092 proposuerat,
886 1032 1162 1090 responsione
1200 1030 1404 1081 firmavit,
1444 1041 1486 1071 et

61 1113 118 1155 ait
157 1114 217 1155 ei:
266 1114 407 1166 „vade
434 1115 504 1171 ²),
547 1126 588 1155 et
622 1125 672 1155 tu
713 1114 777 1155 fac
814 1111 1050 1154 similiter.“
1129 1108 1302 1151 Etenim
1338 1119 1486 1150 natura

66 1208 210 1234 omnes
241 1192 364 1234 nobis
394 1191 576 1233 invicem
604 1191 789 1248 proximi
820 1206 974 1231 sumus.
1038 1187 1252 1245 Operibus
1283 1202 1384 1228 vero
1422 1201 1487 1227 ca-

63 1269 195 1311 ritatis
225 1269 273 1312 fit
301 1269 518 1326 proximus
547 1269 636 1320 ille,
669 1269 740 1326 qui
769 1279 910 1325 potest
939 1267 1187 1308 benefacere
1219 1265 1270 1316 ei,
1298 1264 1370 1321 qui
1399 1279 1488 1305 non

62 1359 217 1404 potest.
274 1347 399 1389 Unde
441 1359 482 1388 et
520 1347 704 1388 salvator
734 1358 880 1388 noster
907 1346 1041 1386 factus
1073 1355 1133 1385 est
1162 1341 1379 1400 proximus
1408 1357 1488 1382 no-

63 1426 141 1477 bis,
170 1441 248 1466 nec
278 1423 544 1482 pertransivit
574 1440 664 1475 nos,
697 1440 792 1465 cum
823 1422 1052 1464 semineces
1084 1438 1131 1463 ex
1162 1421 1374 1462 latronum
1397 1419 1491 1461 vul-

64 1503 233 1544 neribus
271 1501 513 1562 jaceremus.
589 1501 723 1555 Igitur
758 1501 978 1544 sciendum
1017 1512 1100 1552 est,
1144 1499 1229 1541 Dei
1273 1499 1488 1541 caritatem

65 1582 315 1639 semper-ad
342 1581 486 1621 Deum
513 1580 709 1631 tendere,
749 1596 772 1622 a
810 1596 894 1636 quo
937 1581 1153 1632 origenem
1184 1578 1323 1629 duxit,
1366 1589 1407 1618 et
1437 1577 1489 1618 ad

65 1660 308 1718 proximum
336 1658 567 1714 respicere,
607 1674 703 1699 cum
734 1673 818 1713 quo
849 1656 1121 1713 participium
1150 1655 1293 1697 inierit
1316 1656 1384 1713 ³),
1424 1666 1490 1696 ut-

65 1750 170 1795 pote
208 1736 403 1780 similiter
440 1746 627 1777 creatum
663 1735 706 1776 in
752 1734 1037 1792 corruptione.
1113 1732 1186 1775 Sic
1227 1749 1324 1787 ergo
1367 1749 1492 1790 quae-

69 1832 233 1873 cunque
273 1815 325 1857 de
366 1813 535 1856 caritate
574 1811 731 1869 scripta
768 1824 886 1864 sunt,
936 1810 1053 1868 quasi
1103 1811 1155 1852 de
1193 1827 1337 1852 amore
1381 1810 1493 1852 dicta

68 1893 256 1951 suscipe,
295 1891 402 1934 nihil
445 1892 497 1933 de
534 1889 778 1932 nominibus
818 1906 977 1932 curans.
1037 1890 1200 1931 Eadem
1235 1905 1417 1946 namque
1446 1888 1492 1930 in

70 1983 253 2028 utroque
291 1970 422 2011 virtus
465 1968 712 2011 ostenditur.
773 1967 906 2024 Quod
943 1967 979 2009 si
1016 1967 1106 2024 quis
1146 1967 1281 2019 dicat,
1325 1967 1422 2024 quia
1452 1979 1494 2009 et

69 2049 318 2107 pecuniam,
356 2047 624 2090 meretricem
647 2047 715 2103 ⁴),
758 2058 799 2088 et
837 2046 919 2088 alia
955 2045 1152 2087 similiter
1187 2046 1299 2087 mala
1339 2045 1492 2086 eodem

71 2129 308 2178 vocabulo,
340 2126 456 2183 quod
487 2143 510 2168 a
540 2125 710 2169 caritate
741 2123 840 2166 duci
870 2123 1058 2175 videtur,
1101 2122 1277 2177 diligere
1307 2124 1497 2181 appella-

71 2222 187 2247 mur:
216 2205 435 2248 sciendum
469 2217 552 2257 est,
580 2204 624 2247 in
654 2203 716 2246 his
745 2220 835 2245 non
862 2201 1057 2260 proprie,
1086 2202 1162 2243 sed
1190 2201 1360 2243 abusive
1392 2201 1495 2244 cari-

72 2295 202 2326 tatem
230 2283 452 2326 nominari.
511 2284 645 2337 Sicut,
676 2281 794 2325 verbi
822 2280 964 2335 gratia,
996 2292 1037 2322 et
1051 2280 1170 2323 Deus
1197 2296 1357 2323 nomen
1379 2280 1499 2338 prin·

77 2362 270 2420 cipaliter
298 2362 342 2404 in
372 2378 423 2403 eo
455 2372 540 2414 est,
580 2378 629 2403 ex
667 2376 750 2418 quo
793 2358 958 2410 omnia,
1003 2370 1044 2401 et
1073 2376 1151 2416 per
1182 2375 1310 2417 quem
1338 2358 1495 2410 omnia,

78 2452 120 2483 et
148 2440 191 2483 in
223 2457 307 2498 quo
340 2439 500 2481 omnia:
542 2440 658 2496 quod
695 2438 840 2495 utique
869 2448 1013 2495 aperte
1043 2436 1265 2490 virtutem,
1305 2449 1347 2478 et
1376 2448 1495 2479 natu*-

77 2560 137 2568 b-

196 2637 237 2695 ι)
266 2638 398 2680 Deest
429 2637 614 2689 „enim“
644 2636 685 2679 in
715 2637 810 2680 edd.
841 2638 902 2681 M.

192 2711 237 2766 ²)
266 2709 366 2751 Luc.
396 2708 450 2759 X,
480 2708 548 2753 37.

194 2781 237 2838 ³)
270 2780 377 2822 Cod.
406 2779 648 2821 Beccensis:
690 2777 905 2830 „inierit.“
963 2778 1080 2821 Libri
1112 2778 1212 2822 editi
1243 2779 1300 2838 (v.
1334 2797 1367 2822 c,
1399 2781 1496 2823 edd.

80 2837 186 2895 M.):
217 2837 400 2890 „gerit.“
457 2837 509 2878 R.

198 2908 240 2965 ⁴)
271 2907 379 2962 Edd.
410 2907 601 2949 Merlini:
636 2918 673 2947 et
707 2907 984 2949 meretricem.
