1759 3134
265 172 320 216 68
668 172 886 214 Omenms
919 184 964 213 m
995 171 1286 213 Ezecnmmm

266 285 308 326 in
339 284 532 326 fratribus
565 283 695 324 castis.
755 283 908 324 Beatus
940 283 1091 332 homo,
1134 281 1204 337 qui
1243 297 1361 337 spem
1391 282 1515 322 habet
1546 282 1587 322 in
1623 298 1684 322 se-

267 374 354 403 met
384 362 499 417 ipso,
541 373 581 402 et
612 361 652 401 in
683 361 748 401 via
778 374 901 402 recta.
963 362 1028 400 Ad
1061 376 1131 399 cos
1163 370 1325 408 autem,
1362 359 1433 415 qui
1463 359 1505 398 in
1536 360 1683 400 sanctis

269 439 465 479 fiduciam
508 439 683 490 habent,
728 455 812 479 non
859 438 1085 489 incongrue
1126 436 1381 491 proferimus
1425 437 1685 491 exemplum:

270 516 554 566 „maledictus
582 517 621 572 ¹)
661 518 811 564 homo,
852 514 921 569 qui
962 531 1080 569 spem
1119 514 1243 553 habet
1282 513 1322 553 in
1361 513 1575 554 homine.“
1634 513 1686 552 Et

272 593 402 633 illud:
433 593 602 642 „nolite
630 594 672 649 ²)
706 593 918 633 confidere
949 591 990 630 in
1022 591 1303 631 hominibus.“
1363 591 1448 631 Sed
1480 601 1519 630 et
1550 589 1686 629 aliud:

273 672 467 719 „bonum
491 670 532 725 ³)
575 682 633 710 est
675 669 885 709 confidere
923 668 964 707 in
996 668 1205 717 Domino,
1250 684 1371 723 qutun
1406 668 1616 707 confidere
1649 667 1688 706 in

271 747 583 803 p1·incipibus.“
660 745 788 799 Quod
839 745 872 785 si
917 761 1081 785 necesse
1130 758 1189 785 est
1234 745 1274 785 in
1319 745 1462 799 aliquo
1511 760 1690 799 sperare,

274 824 468 864 omnibus
500 822 709 863 derelictis
740 838 952 877 speremus
985 822 1024 862 in
1056 821 1268 869 Domino,
1310 822 1515 861 dicentes:
1555 821 1623 871 „si
1651 820 1691 877 4)

275 900 538 941 constiterint
567 901 785 940 adversum
815 915 883 939 me
916 910 1066 949 castra,
1097 915 1183 938 non
1213 899 1375 939 timebit
1409 915 1482 937 cor
1510 897 1693 938 meum.“

276 977 385 1019 Cum
429 978 528 1016 haec
573 976 629 1016 ita
653 977 694 1032 ⁵)
738 992 780 1016 se
816 977 1014 1023 habeant,
1061 974 1183 1014 etiam
1224 974 1303 1014 alia
1341 976 1461 1015 nobis
1504 974 1690 1030 quaestio

220 1057 221 1060 ’
277 1054 492 1104 oboritur,
535 1070 657 1109 quam
691 1053 911 1105 diligenter
942 1053 1142 1092 debemus
1174 1064 1389 1102 excutere,
1428 1064 1474 1092 ut
1504 1052 1693 1106 Scriptu-

276 1148 414 1171 rarum
445 1131 593 1171 veritas
622 1130 838 1170 elucescat.
888 1128 1043 1182 Quare,
1076 1144 1169 1167 cum
1201 1130 1305 1168 tanti
1334 1130 1414 1169 sint
1445 1130 1553 1187 justi,
1584 1146 1694 1169 nunc

276 1208 572 1248 tantummodo
611 1218 693 1246 tres
731 1206 1022 1253 nominantur,
1064 1206 1178 1254 Noe',
1218 1218 1257 1244 et
1287 1206 1465 1253 Daniel,
1507 1218 1544 1245 et
1584 1205 1698 1245 Job?

281 1284 437 1325 Audivi
484 1284 695 1339 quondam
735 1299 757 1322 a
795 1282 979 1337 quodam
1010 1281 1204 1321 Hebraeo
1241 1283 1350 1321 hune
1391 1283 1533 1321 locum
1572 1298 1698 1337 expo-

276 1373 422 1411 nente,
453 1372 577 1415 atque
609 1360 796 1407 dicente,
825 1358 923 1397 ideo
956 1358 1030 1398 hos
1061 1358 1323 1408 nominatos,
1355 1358 1449 1413 quia
1479 1359 1697 1413 unusquis—

279 1455 360 1494 que
393 1454 539 1477 eorum
570 1436 648 1476 tria
675 1448 869 1490 tempora
901 1435 1065 1483 viderit,
1096 1435 1266 1484 laetum,
1295 1435 1426 1484 triste,
1461 1448 1498 1475 et
1532 1452 1695 1475 rursum

279 1517 447 1557 laetum.
507 1513 616 1556 Vide
646 1514 741 1553 Noe
772 1524 865 1551 ante
898 1512 1118 1561 diluvium,
1152 1512 1368 1558 considera
1398 1513 1602 1552 mundum
1633 1513 1697 1551 in·

279 1605 463 1645 tegrum:
513 1602 552 1630 et
591 1590 773 1629 eundem
811 1601 908 1643 post
946 1590 1038 1629 Noe
1077 1588 1120 1628 in
1158 1588 1288 1628 totius
1329 1590 1441 1629 orbis
1478 1589 1694 1640 naufragio

280 1670 419 1708 solum
460 1683 554 1707 cum
596 1665 678 1706 suis
703 1667 745 1720 6)
784 1665 882 1705 filiis
924 1677 964 1705 et
994 1665 1241 1705 animalibus
1272 1665 1314 1705 in
1346 1683 1438 1707 arca
1467 1679 1696 1708 servatum:

281 1744 511 1792 considera,
542 1742 761 1797 quomodo
792 1753 890 1797 post
921 1741 1128 1781 diluvium
1160 1758 1342 1793 egressus
1373 1743 1438 1792 sit,
1471 1755 1510 1782 et
1539 1744 1699 1797 planta-

282 1821 388 1862 verit
417 1820 602 1867 vineam,
643 1818 962 1873 quodammodo
1006 1818 1181 1858 secundi
1219 1836 1360 1859 rursus
1392 1819 1504 1859 orbis
1537 1830 1700 1859 creator

283 1899 491 1940 exsistens.
552 1896 666 1936 Talis
697 1908 757 1936 est
786 1895 938 1952 justus,
978 1896 1084 1936 vidit
1120 1897 1325 1936 mundum
1355 1908 1448 1936 ante
1480 1896 1700 1945 diluvium,

282 1976 363 2015 hoc
395 1986 469 2023 est,
500 1984 593 2013 ante
625 1973 1051 2013 consummationem:
1085 1972 1189 2012 vidit
1217 1974 1424 2013 mundum
1454 1973 1496 2012 in
1522 1973 1699 2022 diluvio,

283 2051 326 2091 in
357 2049 607 2105 coruptione
640 2061 680 2088 et
708 2049 752 2088 in
782 2049 953 2089 interitu
981 2061 1267 2104 peccatorum,
1299 2065 1401 2104 quae
1433 2049 1474 2089 in
1506 2049 1573 2089 die
1605 2062 1700 2090 sunt

286 2138 482 2167 eventura
511 2125 678 2182 judicii:
710 2143 875 2166 rursum
906 2125 1066 2166 videbit
1095 2127 1302 2166 mundum
1327 2126 1372 2166 in
1393 2127 1699 2167 resurrectione
1735 2156 1739 2160 -

286 2204 476 2245 omnium
518 2214 801 2258 peecatorum.
873 2202 993 2244 Dicit
1037 2203 1140 2243 mihi
1184 2203 1352 2259 aliquis:
1396 2203 1601 2253 ,Concedo
1648 2205 1699 2243 de

282 2282 400 2330 Noe,
435 2291 484 2320 ut
519 2279 598 2320 tria
634 2291 829 2335 tempora
867 2280 1040 2331 viderit,
1080 2280 1181 2336 quid
1208 2281 1482 2336 respondebis
1512 2280 1614 2320 mihi
1648 2282 1698 2321 de

284 2356 490 2399 Daniele?
547 2355 602 2396 Et
638 2356 706 2397 hic
747 2368 840 2397 ante
872 2357 1158 2412 captivitatem
1187 2357 1229 2398 in
1259 2357 1417 2413 patriae
1448 2358 1591 2398 floruit
1622 2374 1697 2398 no-

403 2538 444 2595 ¹)
475 2537 630 2579 Jerem.
661 2538 799 2587 XVII,
833 2539 872 2581 5.

398 2608 441 2664 ²)
470 2608 624 2649 Psalm.
658 2608 842 2658 CXLVI,
872 2607 909 2651 3.
943 2607 1150 2664 (CXLV.)

398 2677 441 2732 3)
472 2676 626 2718 Psalm.
659 2676 855 2727 CXVIII,
882 2676 921 2720 8.
952 2678 1169 2733 (CXVII.)

397 2743 440 2801 ⁴)
470 2745 624 2787 Psalm.
653 2746 834 2795 XXVII,
863 2746 901 2789 3.
935 2747 1134 2802 (XXVI.)

396 2816 438 2871 ⁵)
467 2815 576 2857 Edd.
607 2815 800 2858 Merlini:
830 2832 873 2857 se
904 2817 960 2858 ita
988 2818 1177 2859 habeant.

395 2882 438 2941 ⁶)
466 2885 574 2927 Edd.
607 2884 802 2929 Merlini:
833 2885 929 2928 filiis
961 2886 1055 2929 suis.
