1759 3134
671 110 868 155 ΗοΜιιιΑ
898 110 951 150 Χ.
1429 109 1508 154 135

90 236 175 265 tam
201 227 240 281 ¹)
273 237 314 267 et
341 226 601 267 aversionem
630 230 786 266 tuam.“
844 222 990 264 Tertio
1023 224 1133 264 enim
1170 223 1299 276 gradu
1329 220 1410 262 hoc
1440 223 1503 262 di-

93 303 199 343 citur
228 305 279 344 ad
307 304 552 345 Jerusalem.
611 303 768 343 Verum
791 300 834 355 ²)
865 301 1031 354 quando
1062 301 1212 341 avertit
1240 299 1501 341 aversionem

89 396 239 430 meam,
270 380 303 421 si
334 381 523 420 inventus
553 380 672 419 fuero
703 376 952 425 Jerusalem,
987 388 1027 416 et
1057 388 1254 432 peccator
1284 376 1327 417 in
1356 376 1498 416 medio

88 473 282 497 sororum
311 456 528 497 mearum?
585 455 691 496 Cum
721 452 916 494 audiero:
950 454 1080 509 „ut³)
1111 455 1218 495 feras
1241 465 1501 494 tormentum

86 540 255 574 tuum.“
326 535 429 574 Ideo
473 533 598 573 tertio
639 532 736 572 loco
781 529 861 571 ait:
910 541 1131 580 „avertam
1152 530 1194 585 ⁴)
1239 531 1499 571 aversionem

85 616 257 650 tuam:“
288 621 329 650 et
358 621 454 665 post
485 625 649 650 omnes:
681 619 761 660 „ut
783 607 826 664 ⁵)
856 608 964 648 feras
994 618 1255 649 tormentum
1283 619 1427 657 tuum,
1459 620 1499 649 et

84 686 367 727 dehonesteris
405 687 457 726 de
501 685 715 736 omnibus,
761 701 866 741 quae
911 684 1098 726 fecisti.“
1171 685 1247 727 Est
1293 685 1497 740 quaedam

82 780 275 804 mensura
302 762 476 819 peccati,
508 779 631 818 quam
661 762 944 818 unusquisque
974 762 1153 817 recipiet
1180 779 1259 818 pro
1285 778 1350 812 eo,
1382 763 1498 817 quod

81 841 282 896 peccavit.
340 840 386 880 Si
415 839 600 880 habuero
632 838 927 895 quinquaginta
964 851 1157 894 peccata,
1201 839 1498 896 quinquaginta

81 918 214 958 habeo
253 916 521 968 ignominias:
565 917 599 957 si
645 928 835 966 centum,
883 916 1168 972 duplicabitur
1212 915 1315 956 mihi
1358 933 1495 972 poena

79 1010 158 1049 pro
189 993 329 1043 factis,
369 1005 409 1034 et
445 1010 524 1049 pro
555 993 840 1046 magnitudine
872 994 1128 1036 delictorum
1155 993 1364 1034 tribuetur
1392 993 1497 1033 mihi

80 1070 318 1123 ignominia.
372 1070 567 1113 RIaximis
597 1070 779 1126 peccatis
808 1086 980 1124 magnus
1010 1071 1215 1113 cruciatus
1245 1070 1496 1129 adjungitur.

79 1149 196 1188 Deus
239 1159 379 1188 autem
416 1149 531 1188 solus
569 1164 690 1188 verus
721 1147 845 1204 judex
875 1148 1181 1201 magnitudines
1210 1160 1495 1204 peccatorum,

81 1237 122 1265 et
151 1224 404 1277 ignominiae
434 1224 674 1280 qualinam,
715 1236 757 1265 et
786 1225 948 1280 peccati
977 1242 1201 1266 numerum
1230 1236 1373 1281 potest
1401 1241 1496 1280 per-

79 1301 234 1342 videre.
307 1301 476 1342 Dicitur
513 1301 653 1357 itaque
690 1303 743 1342 ad
777 1303 1032 1345 Jerusalem:
1076 1314 1158 1353 „ut
1178 1302 1220 1358 ⁶)
1261 1303 1368 1342 feras
1406 1313 1494 1341 tor—

80 1391 267 1420 mentum
296 1391 438 1427 tuum,
479 1389 520 1417 et
551 1379 836 1418 dehonesteris
868 1380 920 1419 de
952 1378 1170 1428 omnibus,
1211 1395 1316 1434 quae
1356 1378 1494 1418 fecisti

76 1456 117 1496 in
163 1455 445 1495 exacerbando
485 1460 600 1495 me.“
673 1454 781 1495 Vide
832 1472 853 1495 e
911 1455 1124 1497 contrario
1170 1452 1493 1495 satisfacientem

75 1534 236 1583 Deum,
277 1543 317 1572 et
349 1532 665 1587 quodammodo
697 1548 774 1587 per
803 1533 904 1573 haec
937 1534 1064 1573 verba
1094 1543 1337 1580 testantem,
1375 1532 1492 1586 quod

76 1610 178 1651 iram
216 1610 305 1665 ipse
342 1625 430 1649 non
465 1609 636 1659 habeat,
675 1606 749 1649 se'd
787 1621 988 1665 peccato-r
1022 1609 1103 1649 sihi
1133 1610 1187 1649 ad
1216 1608 1320 1648 iram
1352 1606 1493 1648 conci-

74 1699 135 1728 tet
157 1686 200 1741 7)
228 1686 383 1727 Deum.
439 1685 564 1726 Unde
599 1696 640 1725 et
671 1686 900 1740 Apostolus
930 1685 1007 1726 ait:
1039 1701 1126 1734 „an
1145 1685 1191 1740 8)
1220 1684 1385 1725 divitias
1413 1685 1491 1724 bo-

76 1763 213 1804 nitatis
244 1774 286 1803 et
314 1761 642 1802 mansuetudinis
674 1760 784 1818 ejus,
816 1774 857 1803 et
887 1760 1218 1814 longanimitatis
1244 1759 1491 1808 contemnis,

5 1867 10 1873 -
75 1841 268 1893 ignorans
309 1838 507 1895 quoniam
544 1837 709 1879 bonitas
739 1838 823 1879 Dei
861 1840 913 1880 ad
950 1837 1258 1894 poenitentiam
1288 1849 1329 1878 te
1359 1837 1492 1877 addua

76 1917 167 1958 cat?
213 1917 337 1956 Juxta
371 1927 511 1956 autem
543 1914 738 1955 duritiam
768 1926 884 1956 tuam
915 1927 956 1955 et
984 1914 1267 1971 impoenitens
1299 1930 1372 1955 cor
1400 1914 1489 1954 the—

73 1994 249 2035 saurizas
285 1992 365 2032 tibi
400 1991 545 2032 iram.“
618 1992 838 2048 Separavit
880 1991 947 2033 hie
986 2009 1123 2032 sermo
1168 1991 1427 2032 iracundiam
1467 2007 1490 2031 a

73 2073 182 2113 Deo.
242 2071 404 2111 Revera
441 2069 552 2110 enim
591 2068 806 2111 iracundia
845 2067 962 2109 aliud
999 2067 1199 2124 quiddam
1235 2084 1258 2108 a
1287 2068 1384 2108 Deo
1416 2079 1490 2116 est,

73 2165 149 2190 nec
180 2148 218 2188 ei
247 2159 293 2187 ut
322 2146 443 2187 insita
473 2147 707 2203 copulatur.
766 2146 891 2187 Unde
932 2157 973 2186 et
1013 2145 1064 2185 de
1105 2144 1397 2202 peccatoribus
1428 2143 1490 2184 di-

75 2226 201 2266 citur:
243 2223 451 2274 „emisisti
473 2224 515 2279 ⁹)
547 2223 652 2264 iram
681 2234 819 2273 tuam,
859 2233 900 2263 et
939 2222 1126 2264 comedit
1165 2228 1278 2264 eos.“
1336 2223 1488 2271 Nemo,

75 2302 190 2357 quod
217 2301 296 2342 sibi
325 2302 487 2342 socium
517 2312 579 2341 est
609 2311 650 2342 et
677 2311 912 2354 cognatum,
943 2299 1134 2341 emittere
1157 2310 1313 2356 potest,
1344 2314 1491 2340 verum

195 2496 234 2551 ¹)
264 2496 412 2537 Ezech.
444 2497 564 2547 XVL.
593 2497 660 2540 53.

193 2567 236 2622 ²)
267 2566 344 2605 Ed.
375 2565 507 2606 Ruaei
536 2567 642 2607 sola:
674 2567 818 2608 Unum
849 2568 1016 2622 quando
1049 2579 1140 2608 etc..

191 2637 234 2690 3)
267 2635 417 2675 Ezech.
449 2635 563 2685 XVI,
593 2635 660 2678 54.
777 2636 819 2692 4)
850 2638 999 2678 Ezech.
1031 2637 1146 2686 XVI,
1177 2635 1244 2678 53'.

195 2707 236 2761 ⁵)
267 2705 416 2746 Ezech.
447 2705 563 2755 XVI,
594 2705 660 2747 54.
778 2707 822 2762 6)
850 2707 1001 2749 Ezech.
1034 2707 1150 2756 XVI,
1180 2705 1246 2749 54.

197 2776 239 2832 ⁷)
270 2776 377 2817 Edd.
410 2774 607 2816 Merlini:
637 2774 831 2817 concitat.
948 2778 992 2832 ⁸)
1024 2776 1110 2819 Csr.
1141 2777 1266 2817 Rom.
1299 2776 1354 2824 Il,
1383 2773 1421 2816 4.
1453 2771 1493 2813 5·

205 2848 246 2903 9)
282 2846 370 2888 Cfr.
400 2845 553 2887 Psalm.
585 2844 822 2896 LXXVIII,
850 2846 917 2892 31.
947 2847 1207 2904 (LXXVII.)
