1759 3134
247 101 331 146 282
848 98 1085 140 Mom‘rum.

250 232 350 257 num
381 226 453 255 est.
515 213 645 253 Vetus
674 209 712 267 Ι)
750 211 979 267 interpres:
1018 210 1283 261 „secundum
1313 208 1414 248 haec
1445 222 1542 260 ergo
1581 209 1666 248 sor-

251 304 356 333 tasse
395 302 437 331 et
475 289 687 329 indurasse
726 288 881 330 dicitur
922 290 1038 329 Deus
1081 304 1155 329 cor
1193 285 1464 328 Ph'araonis.“
1535 285 1666 324 Recte

249 367 425 426 μήποτε
456 365 591 416 enim,
630 382 708 406 vox
739 364 913 419 Origeni
945 383 1067 421 saepe
1098 376 1318 420 usurpata,
1349 378 1434 403 non
1465 360 1668 413 significat

250 450 558 501 „nunquam,“
589 445 662 484 sed
693 445 947 494 „s01·tasse.“
1007 445 1096 485 Sub
1128 460 1174 483 ea
1205 442 1316 482 enim
1347 437 1553 495 loquendi
1582 439 1669 478 sor·

248 524 364 564 mula
393 520 676 578 expositiones
713 538 803 562 suas
844 522 1083 562 dubitanter
1120 535 1362 576 proponere
1391 517 1548 572 ubique
1580 516 1667 555 sere

250 602 360 643 solet
379 599 667 641 Adamantius.
726 599 866 639 Docte
899 600 1073 640 omnino
1105 600 1206 638 haec
1235 597 1485 644 Pearsonus,
1516 593 1667 650 quibus

248 680 294 720 id
323 695 454 720 unum
485 679 619 726 addo,
658 692 810 731 nempe
851 676 895 716 in
924 675 1126 731 Procopii
1157 675 1345 731 epitome
1372 673 1415 713 in
1447 671 1670 714 Canticum

252 757 525 799 Canticorum
571 753 653 794 alia
695 769 846 805 magno
887 771 1064 794 numero
1104 765 1260 794 exstare
1302 768 1348 791 ex
1391 749 1583 802 Origenis
1624 748 1666 788 in

246 836 356 876 hunc
385 833 627 889 Scripturae
659 831 815 871 librum
846 831 1157 872 commentariis
1188 832 1412 886 depromta
1439 829 1669 880 fragmenta

246 929 414 967 graeca,
448 926 554 967 quae
594 909 697 949 item
735 909 872 950 latinis
915 909 1130 965 opusculi,
1172 910 1223 949 de
1264 924 1348 964 quo
1380 922 1490 946 nunc
1520 904 1668 956 agitur,

248 990 386 1032 verbis
425 988 521 1030 satis
562 998 753 1028 accurate
787 988 1056 1042 respondent.
1117 986 1406 1029 Certissimum
1436 982 1563 1035 igitur
1592 992 1667 1030 est,

247 1068 357 1108 illud
396 1082 502 1121 opus
544 1080 630 1104 esse
673 1063 805 1118 ipsius
839 1064 1053 1116 Origenis,
1093 1080 1179 1103 non
1219 1062 1338 1103 latini
1382 1059 1557 1116 alicujus
1597 1076 1668 1100 au-

250 1144 388 1184 ctoris.
463 1140 616 1182 Graeci
653 1140 824 1195 quidem
866 1157 953 1179 non
990 1139 1141 1188 fuisse,
1186 1139 1254 1178 vel
1298 1139 1395 1178 hinc
1443 1137 1669 1189 colligebat

248 1221 466 1268 Erasmus,
510 1218 627 1273 quod
670 1216 714 1257 in
756 1217 940 1272 prologo
989 1216 1088 1256 citet
1132 1227 1280 1256 auctor
1324 1216 1510 1256 Graecos
1553 1214 1670 1254 velut

249 1298 410 1338 alienos
440 1295 503 1335 his
532 1294 691 1335 verbis:
721 1311 845 1345 „cum
876 1295 989 1350 apud
1019 1293 1219 1343 Graecos,
1250 1293 1322 1349 qui
1353 1292 1505 1332 eruditi
1538 1303 1578 1332 et
1608 1307 1669 1332 sa—

248 1374 411 1430 pientes
442 1371 699 1412 videntur:“
737 1373 811 1412 sed
850 1370 1046 1426 imperite
1080 1388 1253 1426 prorsus
1285 1382 1326 1410 et
1355 1370 1497 1425 inepte
1528 1369 1596 1409 hic
1627 1386 1669 1409 se

248 1453 374 1492 habet
401 1450 611 1498 Erasmus,
642 1459 690 1488 ut
720 1449 958 1490 observavit
985 1449 1220 1490 Pearsonus
1253 1448 1295 1488 in
1326 1447 1518 1487 vindiciis
1550 1447 1669 1502 epist.

249 1530 291 1571 S.
334 1525 485 1580 Ignatii
525 1541 614 1580 pag.
636 1524 728 1568 107.
770 1536 812 1566 et
847 1542 960 1582 seqq.
1023 1526 1134 1567 Citat
1165 1525 1276 1565 enim
1308 1525 1509 1578 Origenes
1541 1525 1672 1566 Grae-

247 1622 319 1652 cos
357 1604 475 1644 velut
511 1603 672 1643 alienos
710 1619 798 1642 non
836 1619 859 1643 a
888 1603 1048 1655 lingua,
1087 1614 1157 1643 aut
1187 1614 1308 1654 gente
1339 1619 1432 1652 sua,
1470 1603 1544 1643 sed
1573 1602 1672 1642 reli·

245 1683 392 1736 gione3
421 1696 559 1736 neque
590 1679 658 1719 hic
681 1679 866 1721 Graecos
898 1680 1080 1736 opponit
1111 1679 1281 1729 Latinis,
1311 1681 1386 1720 sed
1411 1679 1670 1722 Christianis.

246 1763 311 1801 Ita
349 1759 461 1800 enim
499 1757 708 1813 sequitur:
751 1774 873 1809 „non
913 1773 1011 1810 ergo
1052 1757 1207 1798 mirum
1245 1768 1372 1807 esset,
1411 1756 1446 1797 si
1487 1768 1528 1797 et
1559 1758 1671 1813 apud

248 1854 348 1888 nos,
378 1836 474 1887 ubi,
503 1847 659 1891 quanto
691 1835 835 1891 plures
865 1834 1168 1891 simpliciores,
1200 1846 1318 1876 tanto
1348 1835 1492 1890 plures
1524 1845 1563 1875 et
1594 1833 1672 1874 im-

250 1914 475 1972 peritiores
507 1929 594 1954 esse
624 1912 861 1954 videntur.“
922 1911 1044 1966 Quae
1082 1914 1209 1952 verba
1246 1923 1357 1953 certe
1395 1928 1481 1952 non
1512 1913 1566 1952 ad
1594 1913 1672 1951 La-

247 1994 360 2035 tinos
387 2003 565 2040 tantum,
597 1991 671 2031 sed
688 1990 1022 2032 Christianorum
1047 1990 1236 2030 omnium
1263 2002 1406 2031 coetus
1436 1989 1670 2044 pertinent3

251 2082 294 2111 et
320 2080 537 2124 praeterea
568 2067 797 2120 Origenem
828 2067 951 2108 nobis
980 2068 1183 2118 referunt,
1215 2067 1285 2123 qui
1317 2067 1369 2106 de
1398 2065 1670 2122 simplicitate

252 2159 294 2188 et
330 2144 542 2201 imperitia
579 2144 737 2200 ubique
776 2145 866 2185 fere
908 2143 1117 2200 loquitur,
1163 2155 1204 2184 et
1243 2143 1429 2185 Graecos
1474 2146 1671 2201 frequen--

251 2224 410 2267 tissime
442 2221 625 2278 opponit
646 2220 901 2262 Christianis.
946 2221 1103 2262 Melius
1133 2221 1362 2277 aliquanto,
1391 2222 1529 2277 pergit
1545 2223 1672 2263 Pear-

253 2318 402 2351 sonus,
443 2300 549 2340 hanc
580 2296 868 2356 objectionem
896 2310 1017 2351 urget
1043 2299 1296 2355 Raynaudus
1326 2299 1498 2341 Jesuita.
1558 2302 1674 2351 „La-

251 2380 389 2421 tinum
426 2393 468 2418 se
508 2387 657 2417 auctor
695 2375 785 2431 ipse
825 2376 889 2417 bis
929 2377 1156 2432 profitetur
1192 2392 1314 2429 agens
1353 2379 1405 2418 de
1436 2378 1591 2431 Logica
1630 2379 1671 2420 in

250 2454 548 2513 philosophiae
579 2453 829 2495 divisione.“
886 2454 982 2495 Illic
1013 2453 1124 2495 enim
1155 2454 1308 2495 diserte
1337 2455 1474 2495 Latini
1501 2456 1672 2497 Graecis

252 2544 539 2590 opponuntur.
615 2531 879 2582 „Generales
924 2531 1192 2587 disciplinae,
1237 2531 1388 2588 quibus
1434 2535 1486 2574 ad
1529 2550 1671 2575 rerum

252 2610 469 2653 scientiam
508 2607 773 2664 pervenitur,
818 2620 901 2650 tres
939 2621 1054 2660 sunt,
1102 2627 1202 2666 quas
1243 2611 1440 2668 (Graeci)
1479 2611 1669 2663 ethicam,

373 2765 413 2821 ¹)
440 2765 628 2807 Ruaeus:
660 2763 794 2807 Verus
822 2764 1026 2821 interpres
1057 2776 1135 2806 etc.
