1759 3134
728 123 869 164 Lmen
900 123 955 165 ΙΙ.
1475 131 1560 176 405

134 248 374 292 susceptum
418 234 681 290 deposuerit,
732 234 885 275 iterum
940 248 1141 276 assumat:
1198 248 1239 277 et
1283 238 1317 278 si
1364 245 1565 290 secundo,

134 324 319 355 sumtum
372 328 540 367 semper
587 311 758 359 habeat,
805 328 856 351 an
904 311 1131 366 aliquando
1180 314 1336 357 iterum
1379 318 1560 376 abjiciat·

133 391 189 431 Et
229 389 262 431 si
300 388 472 445 quidem
512 388 745 429 secundum
784 387 1079 429 auctoritatem
1111 390 1428 447 Scripturarum
1460 414 1559 438 con-

131 466 355 509 summatio
386 464 667 521 immineat¹)
698 465 867 515 mundi,
909 477 950 506 et
992 467 1281 522 corruptibilis
1320 483 1448 514 status
1488 475 1557 516 hic

130 546 171 586 in
202 543 571 599 incorruptibilem
599 542 842 592 mutabitur,
875 543 1119 595 ambiguum
1146 561 1233 586 non
1259 547 1405 600 videri,
1437 554 1554 607 quod

130 622 171 663 in
202 621 431 677 praesentis
471 620 580 661 vitae
621 631 775 661 statum
813 620 998 661 secundo
1041 633 1112 663 aut
1151 623 1278 664 tertio
1320 624 1363 666 in
1403 644 1556 683 corpus

126 697 269 738 venire
308 696 455 753 possit.
515 699 624 739 Nam
653 697 688 738 si
718 696 977 755 recipitur²)
1009 698 1113 750 hoc,
1151 702 1386 744 necessario
1417 706 1557 762 sequi-

124 787 208 825 tur,
235 785 282 815 ut
311 772 556 831 hujusmodi
589 773 922 816 successionibus
955 778 1309 833 consequentibus
1335 781 1464 824 finem
1480 801 1554 825 ne-

125 853 227 895 sciat
255 853 448 893 mundus.
507 852 563 892 Et
603 853 738 893 adhuc
779 851 1094 909 agnitionem³)
1133 855 1197 896 sui
1236 857 1374 900 anima
1413 861 1553 917 requi-

125 942 209 980 rat,
240 930 274 970 si
307 941 368 970 est
398 928 548 985 aliquis
582 930 712 980 ordo,
754 941 825 971 aut
854 942 949 972 sunt
982 930 1113 987 aliqui
1153 932 1322 988 spiritus
1364 935 1554 993 ejusdem

122 1006 372 1049 substantiae
406 1023 501 1047 cum
533 1005 644 1062 ipsa,
684 1007 756 1048 alii
788 1024 888 1049 vero
919 1024 1007 1049 non
1040 1006 1250 1065 ejusdem,
1291 1014 1365 1053 sed
1398 1014 1553 1057 diversi

122 1087 173 1126 ab
196 1100 255 1134 ea,
286 1083 332 1124 id
354 1094 426 1132 est,
458 1081 493 1123 si
513 1094 608 1123 sunt
629 1094 670 1125 et
687 1083 759 1124 alii
780 1084 951 1139 spiritus
979 1085 1265 1138 rationabiles,
1297 1101 1345 1130 ut
1364 1090 1451 1146 ipsa
1476 1105 1550 1143 est,

125 1173 166 1203 et
195 1161 266 1202 alii
299 1171 483 1201 carentes
524 1160 708 1201 ratione:
755 1172 796 1202 et
835 1161 869 1202 si
908 1162 1053 1203 eadem
1085 1175 1144 1205 est
1175 1165 1324 1222 ipsius,
1373 1185 1478 1224 quae
1510 1183 1551 1212 et

121 1238 367 1291 angelorum
408 1237 657 1288 substantia,
704 1238 903 1294 quoniam
957 1239 1209 1283 rationabile
1247 1260 1270 1285 a
1307 1246 1549 1290 rationabili

119 1332 382 1372 nequaquam
403 1315 575 1356 differre
605 1316 802 1358 creditur.
861 1317 948 1357 Aut
978 1317 1012 1357 si
1042 1334 1126 1359 non
1159 1332 1220 1361 est
1252 1322 1424 1378 quidem
1453 1326 1548 1367 talis

119 1410 196 1449 per
224 1392 509 1442 substantiam,
539 1393 614 1434 sed
629 1393 670 1449 ⁴)
703 1393 780 1434 erit
810 1393 904 1434 talis
934 1411 1012 1450 per
1041 1397 1228 1448 gratiam,
1260 1399 1294 1440 si
1323 1403 1544 1444 meruerit:

118 1489 167 1512 an
196 1488 283 1512 non
312 1469 447 1527 possit
477 1470 650 1510 omnino
683 1470 831 1511 similis
873 1471 985 1512 effici
1023 1475 1203 1526 angelis,
1250 1477 1330 1518 nisi
1360 1479 1442 1520 hoc
1471 1498 1543 1521 na-

116 1562 233 1590 turae
264 1564 360 1589 suae
393 1547 582 1604 qualitas,
613 1559 684 1588 aut
713 1547 948 1589 similitudo
979 1553 1200 1607 receperit.
1255 1555 1394 1596 Reddi
1427 1558 1540 1600 enim

115 1642 241 1682 posse
271 1624 505 1674 videbitur,
545 1626 661 1680 quod
704 1625 902 1666 amissum
940 1638 1020 1677 est,
1067 1645 1154 1670 non
1184 1642 1326 1672 tamen
1358 1636 1543 1678 conferri

119 1705 183 1754 id,
238 1704 354 1760 quod
395 1719 443 1743 ex
483 1702 604 1743 initio
652 1703 848 1743 conditor
888 1720 976 1744 non
1015 1706 1191 1748 dederit.
1254 1709 1340 1751 Sed
1385 1723 1426 1752 et
1462 1714 1545 1755 hoc

115 1783 250 1824 adhuc
280 1782 333 1822 ad
365 1781 699 1834 cognoscendam
737 1792 869 1821 semet
910 1781 1044 1838 ipsam
1083 1784 1220 1827 anima
1257 1789 1465 1845 requirat,
1505 1793 1538 1833 si

115 1860 246 1901 virtus
276 1858 438 1900 animae
472 1858 557 1917 ejus
592 1859 792 1899 accedere
824 1871 966 1915 potest
1008 1873 1049 1902 et
1090 1863 1308 1907 decedere.
1372 1868 1437 1909 An
1480 1882 1541 1910 est

116 1936 410 1986 immutabilis,
452 1953 502 1978 an
552 1936 752 1993 acquisita
798 1938 930 1978 semel
978 1939 1087 1981 ultra
1126 1958 1211 1983 non
1251 1943 1410 1985 defluit.
1484 1946 1540 1987 Et

114 2016 217 2071 quid
248 2032 354 2071 opus
387 2026 448 2056 est
478 2015 601 2071 plura
636 2030 991 2066 commemorare,
1034 2018 1183 2074 quibus
1230 2036 1277 2061 ex
1309 2021 1441 2063 causis
1471 2040 1534 2064 se-

111 2106 199 2134 met
227 2093 362 2149 ipsam
392 2106 615 2146 cognoscat
644 2093 804 2144 anima,
842 2110 895 2135 ne
925 2095 1058 2146 forte,
1099 2096 1134 2136 si
1165 2098 1396 2150 neglexerit
1440 2117 1537 2156 per-

111 2174 221 2212 fecte
249 2183 383 2213 semet
419 2172 551 2228 ipsam
593 2162 867 2224 cognoscere,
914 2172 1025 2213 exire
1055 2172 1250 2231 jubeatur
1280 2176 1321 2217 in
1354 2176 1535 2230 vestigiis

112 2265 296 2302 gregum,
328 2261 369 2290 et
398 2267 567 2306 pascere
596 2251 781 2301 hoedos,
814 2261 856 2291 et
884 2251 966 2292 hoc
996 2268 1083 2292 non
1112 2251 1155 2293 in
1184 2253 1362 2310 proprio
1395 2256 1533 2297 taber-

112 2328 286 2378 naculo,
334 2328 409 2368 sed
445 2327 487 2368 in
526 2328 805 2370 tabernaculis
843 2341 1082 2385 pastorum:
1131 2349 1227 2373 cum
1268 2344 1436 2388 praesto
1477 2332 1530 2374 sit

111 2404 274 2445 volenti
303 2405 404 2446 haec
438 2406 654 2462 persequi,
687 2407 934 2459 largissimas
964 2409 1204 2451 occasiones
1237 2426 1284 2450 ex
1314 2410 1390 2459 his,
1424 2428 1528 2466 quae

111 2500 235 2540 supra
272 2483 617 2533 memoravimus,
658 2500 845 2535 sumere,
881 2485 923 2526 in
955 2486 1106 2543 quibus
1144 2503 1232 2527 sese
1264 2503 1455 2528 exercere
1486 2488 1526 2528 in

111 2578 304 2603 sermone
334 2561 532 2602 scientiae
562 2578 641 2618 pro
675 2561 830 2604 viribus
858 2563 1020 2619 possit?
1058 2564 1265 2605 Dicantur
1294 2581 1394 2605 vero
1425 2566 1528 2606 haec

230 2736 269 2793 ¹)
299 2737 410 2779 Edd.
426 2737 490 2778 Μ.
520 2736 834 2787 „immutetur.“
934 2739 975 2797 ²)
1007 2741 1115 2783 Edd.
1136 2741 1194 2784 M.
1230 2741 1525 2798 „recipiatur.“

225 2808 269 2863 3)
300 2807 409 2849 Edd.
442 2807 502 2849 Μ.
536 2808 910 2861 „cognitionem.“

227 2877 270 2934 ⁴²)
302 2877 409 2919 Edd.
440 2879 502 2920 M.
535 2880 647 2929 „sed
677 2889 718 2921 et
748 2879 861 2921 erit“
893 2891 971 2923 etc.
