1759 3134
629 109 825 164 HoitnuA
855 117 908 159 X.
1397 116 1476 161 139

73 248 114 277 ct
158 236 281 277 aliam
321 234 572 286 Samariam3
615 250 725 274 nunc
757 230 911 287 repetit
957 241 997 270 et
1040 229 1164 271 dicit:
1207 246 1408 280 „sorores
1437 232 1477 286 ¹)

70 325 160 354 tuas
190 314 430 354 seniores:“
472 328 599 367 quum
629 309 769 350 senior
796 319 959 347 tantum
987 308 1174 348 Samaria
1202 307 1276 357 sit,
1308 319 1349 347 et
1377 308 1478 348 ado-

71 390 296 430 lescentior
323 390 532 430 Sodoma:
571 403 737 435 verum,
781 384 876 439 quia
911 383 1023 424 filiae
1061 400 1203 425 earum
1240 384 1292 425 iis
1322 401 1480 425 connu-

71 478 303 515 merantur,
348 466 450 506 dicit
494 465 681 505 omnium
723 477 848 502 unam
896 477 982 501 esse
1017 461 1213 516 speciem.
1289 462 1479 516 Quantae

72 556 209 584 autem
239 542 349 583 filiae
381 543 668 584 Sodomorum
697 550 804 588 sunt,
834 549 972 578 tantae
1002 549 1043 578 et
1069 539 1293 579 Samariae.
1341 539 1424 588 „Et
1438 540 1480 596 ²)

74 622 182 660 dabo
227 620 306 660 tibi
350 637 416 661 eas
458 620 501 660 in
539 615 896 665 aedificationem,
942 626 982 656 et
1018 632 1105 656 non
1147 633 1194 656 ex
1230 627 1479 657 testamento

74 709 170 737 tuo:
214 709 254 737 et
291 697 497 737 suscitabo
530 711 605 747 ego
636 704 929 734 testamentum
958 709 1102 733 meum
1131 699 1313 735 tecum.“
1370 693 1482 734 Con-

73 776 208 815 sidera
237 775 365 815 finem
401 770 757 828 repromissionis:
798 781 878 819 „et
902 770 945 825 3)
983 786 1229 822 cognosces,
1269 770 1364 827 quia
1407 788 1482 824 ego

74 851 306 901 Dominus,
333 862 380 890 ut
409 848 648 889 memineris
681 859 721 888 et
751 846 1082 888 confundaris:“
1110 847 1154 887 id
1186 859 1265 899 est,
1298 866 1391 889 cum
1421 866 1486 890 re-

76 927 234 984 ceperis
265 938 436 983 peccata
463 938 555 977 tua,
597 937 636 966 et
676 937 956 966 rememorata
981 922 1021 978 4)
1063 925 1212 975 fueris,
1256 938 1357 967 tunc
1387 944 1488 968 con-

75 1004 274 1045 funderis.
332 1003 424 1054 „Et
448 1003 488 1060 ⁵)
528 1003 639 1043 ultra
674 1019 760 1042 non
800 1002 878 1043 erit
914 1001 991 1042 tibi
1034 1018 1079 1043 os
1117 1002 1320 1058 aperire.“
1380 1005 1487 1046 Cum

75 1098 276 1137 recepero
316 1093 488 1137 peccata
524 1097 637 1130 mea,
679 1092 719 1121 et
756 1080 970 1121 restitutus
1000 1081 1146 1130 fuero,
1179 1082 1289 1122 facto
1321 1098 1489 1124 mecum

77 1171 352 1209 testamento,
389 1170 488 1199 tunc
519 1157 698 1213 amplius
727 1157 919 1210 intelligo
950 1157 1059 1213 mala
1091 1174 1211 1208 mea,
1242 1169 1282 1198 et
1314 1160 1491 1200 confun-

81 1238 181 1286 dor,
218 1248 259 1277 et
298 1234 486 1276 conscius
524 1234 628 1274 mihi
665 1235 778 1275 ultro
804 1234 845 1290 6)
883 1245 1041 1274 memet
1078 1234 1224 1290 punio.
1283 1235 1391 1276 Vide
1422 1253 1493 1277 au-

81 1325 180 1363 tem,
213 1313 314 1368 quid
346 1312 450 1352 mihi
481 1312 664 1362 eveniat,
694 1323 740 1351 ut
769 1312 879 1352 ultra
908 1327 993 1351 non
1024 1311 1078 1351 sit
1106 1311 1289 1352 liberum
1320 1329 1367 1353 os
1397 1330 1494 1368 ape*

80 1391 162 1431 rire
202 1407 224 1431 a
261 1389 367 1430 facie
406 1388 680 1441 ignominiae,
719 1400 761 1428 et
797 1389 964 1443 quando
1006 1387 1180 1428 eveniat.
1249 1390 1334 1438 „In
1359 1389 1400 1445 ⁷)
1442 1407 1491 1431 eo

82 1469 196 1523 quod
224 1466 480 1523 propitietur
509 1465 626 1506 tibi.“
683 1465 771 1505 Nec
800 1477 899 1504 tune
930 1464 1121 1520 quidem,
1152 1466 1318 1521 quando
1349 1467 1498 1523 propi-

80 1545 207 1586 tiatur
235 1543 339 1584 mihi
367 1543 500 1583 multa
526 1541 730 1598 peccanti,
759 1558 931 1597 possum
958 1558 1003 1582 os
1025 1540 1201 1596 aperire,
1230 1559 1308 1583 nec
1328 1545 1495 1599 quando

83 1621 260 1675 ignoscit
289 1621 516 1662 sceleribus
557 1620 683 1668 meis,
724 1619 882 1660 alienus
919 1634 1011 1659 sum
1050 1620 1100 1658 ab
1139 1618 1387 1670 ignominia,
1426 1621 1500 1660 sed

83 1700 263 1741 sentiens
294 1699 451 1739 scelera
479 1713 573 1737 mea
602 1708 810 1751 perpetuo
843 1695 1120 1736 conscientiae
1151 1711 1268 1736 meae
1298 1695 1390 1748 igne
1418 1696 1502 1737 dis-

87 1777 265 1820 crucior.
324 1775 514 1823 Idcirco,
549 1773 646 1829 quia
675 1773 904 1826 ignominia
936 1785 976 1814 et
1008 1772 1199 1813 confusio
1230 1784 1395 1814 aeterna
1423 1790 1501 1814 no—

86 1854 149 1894 bis
178 1853 363 1909 reposita
393 1863 474 1902 est,
517 1850 550 1891 si
587 1850 922 1906 peccaverimus,
963 1849 1079 1889 omni
1122 1850 1248 1890 corde
1277 1867 1501 1906 precemur

89 1932 253 1980 Deum,
283 1941 330 1970 ut
361 1931 430 1970 det
458 1929 581 1968 nobis
611 1944 742 1983 usque
773 1928 825 1967 nd
853 1927 980 1966 finem
1013 1938 1053 1967 et
1083 1926 1209 1967 animi
1240 1938 1282 1968 et
1311 1928 1501 1984 corporis

87 2007 179 2048 nisu
200 2006 242 2061 8)
282 2022 361 2062 pro
403 2005 575 2046 veritate
607 2005 881 2045 contendere:
923 2015 969 2044 ut
1003 2004 1165 2044 etiamsi
1194 2004 1368 2060 aliquod
1396 2016 1505 2045 tem-

87 2102 164 2141 pus
195 2083 411 2133 institerit,
453 2083 568 2139 quod
597 2094 782 2124 nostram
812 2081 1019 2121 examinet
1046 2081 1196 2123 fidem:
1239 2106 1291 2112 —
1329 2098 1426 2122 nam
1458 2094 1505 2122 ut

89 2179 235 2203 aurum
270 2162 474 2217 probatur
509 2161 550 2201 in
588 2161 782 2209 fornace,
830 2161 887 2201 sic
925 2160 1030 2200 fides
1068 2171 1212 2200 nostra
1240 2158 1282 2200 in
1312 2159 1504 2214 periculo

92 2251 134 2280 et
162 2238 524 2295 persecutionibus
555 2238 812 2279 examinatur
828 2255 913 2297 x·—:
951 2237 1112 2278 etiamsi
1141 2236 1380 2293 persecutio
1414 2252 1506 2276 eru-

92 2316 202 2371 perit
224 2316 290 2371 9),
336 2315 518 2361 inveniat
555 2333 632 2356 nos
670 2313 960 2371 praeparhtOS,
1004 2331 1056 2356 ne
1099 2316 1249 2355 domus
1287 2324 1427 2354 nostra
1464 2311 1507 2352 in

95 2393 242 2450 hyeme
283 2406 467 2443 corruat,
506 2410 558 2435 ne
598 2393 832 2435 aedificatio
876 2392 991 2448 quasi
1029 2392 1070 2433 in
1111 2406 1234 2432 arena
1274 2400 1511 2432 constructa

216 2574 255 2630 ¹)
286 2574 436 2615 Ezech.
467 2576 581 2623 XVI,
613 2577 678 2620 61.
800 2576 840 2631 ²)
870 2576 1021 2618 Ezech.
1053 2574 1168 2622 XVI,
1200 2572 1266 2614 61.
1297 2570 1364 2613 62.

213 2644 254 2699 ³)
285 2644 435 2685 Ezech.
467 2645 582 2695 XVI,
615 2645 679 2688 62.
711 2647 777 2691 63.
897 2647 939 2702 ⁴)
969 2646 1049 2686 Ed.
1080 2642 1233 2684 Ruaei:
1265 2652 1486 2682 remorata.

217 2715 257 2769 ὁ)
287 2714 437 2755 Ezech.
469 2715 584 2765 XVI,
614 2715 679 2759 63.
798 2718 842 2771 ⁶)
873 2717 982 2757 Edd.
1017 2714 1215 2756 Merlini:
1251 2713 1373 2752 ultra.

215 2785 258 2839 ⁷)
287 2784 438 2825 Ezech-
469 2784 585 2834 XVI,
616 2785 682 2830 63.
800 2787 844 2842 Β)
873 2787 981 2827 Edd.
1013 2784 1187 2827 merlini
1216 2784 1349 2824 male:
1380 2779 1473 2821 nisi.

214 2855 257 2911 9)
289 2855 367 2896 Ed.
399 2855 552 2896 Ruaei:
586 2855 810 2910 erupuerit.
