1759 3134
721 104 862 146 anu
892 105 926 145 Ι.
1455 101 1538 148 339

122 234 220 270 ergo
253 217 392 259 dicere
424 217 521 268 ille,
562 217 634 274 qui
665 217 767 258 emit
795 231 960 270 agrum,
992 215 1088 271 quia
1116 216 1252 256 bonus
1283 225 1346 255 est
1372 214 1538 255 thesau-

120 312 210 346 rus,
241 295 313 351 qui
344 306 403 337 est
431 294 472 335 in
504 310 624 348 agro,
654 294 783 348 magis
815 309 939 351 quam
965 292 1131 343 vinum,
1161 292 1278 349 quod
1308 302 1368 334 est
1397 290 1440 332 in
1470 307 1535 333 eo.

120 373 183 414 lta
215 389 310 426 ergo
342 383 383 413 et
411 371 548 413 bonus
580 383 640 414 est
669 387 845 429 sponsus
876 381 1000 427 atque
1030 370 1160 411 ubera
1184 371 1340 426 sponsi,
1371 384 1475 426 quae
1495 369 1536 424 ¹)

120 450 238 492 velut
265 450 481 492 thesaurus
512 450 780 492 absconditus
813 459 874 490 est
898 447 939 488 in
972 447 1063 500 lege
1094 457 1137 488 et
1170 446 1411 503 prophetis,
1450 462 1538 488 ma-

120 527 179 581 gis
209 543 332 584 quam
363 527 529 580 vinum,
572 528 687 586 quod
729 537 789 569 est
827 525 872 568 in
910 524 982 576 iis,
1025 524 1100 566 illa
1136 523 1299 566 scilicet
1336 523 1538 574 doctrina,

121 621 225 661 quae
260 604 399 661 palam
440 616 521 657 est,
565 616 604 646 et
644 602 842 645 laetificat
875 602 1104 644 audientes.
1163 602 1284 644 Bona
1316 616 1413 654 ergo
1444 612 1540 642 sunt

119 682 247 723 ubera
286 682 442 738 sponsi.
503 680 706 725 Thesauri
747 679 859 723 enim
888 691 983 722 sunt
1011 678 1239 737 sapientiae
1271 690 1313 721 et
1340 678 1538 722 scientiae

117 757 161 800 in
192 774 242 800 eo
274 759 531 802 absconditi:
563 759 635 817 qui
664 776 760 801 cum
788 757 922 816 aperti
955 769 996 800 et
1014 756 1189 800 revelati
1218 756 1376 800 fuerint
1404 757 1538 803 oculis

117 853 318 894 sponsae,
362 837 499 879 multo
540 836 863 894 praestantiores
904 835 942 878 ei
981 835 1255 887 videbuntur,
1293 853 1420 894 quam
1460 835 1542 878 fuit

117 914 234 972 prius
264 915 377 957 istud
406 915 550 957 vinum
580 915 681 968 legis
713 926 754 955 et
785 914 999 955 doctrinae
1022 914 1064 970 2)
1105 913 1393 970 propheticae.
1454 914 1542 956 Sed

119 1004 163 1034 et
200 993 235 1034 si
272 993 440 1035 tertiam
479 992 787 1049 expositionem
826 993 878 1034 de
918 991 1056 1034 anima
1090 992 1302 1048 perfecta,
1339 1003 1381 1033 et
1410 992 1541 1033 verbo

117 1071 203 1112 Dei
232 1071 385 1113 sentire
417 1071 664 1122 debeamus,
695 1086 918 1127 possumus
949 1070 1115 1112 dicere:
1155 1068 1253 1126 quia
1284 1069 1376 1126 quis
1406 1070 1542 1111 donec

118 1150 317 1205 parvulus
350 1161 431 1201 est,
473 1161 513 1191 et
552 1149 743 1190 nondum
774 1160 907 1190 semet
936 1148 1076 1205 ipsum
1111 1164 1158 1189 ex
1188 1147 1352 1201 integro
1385 1147 1543 1190 obtulit

117 1225 240 1277 Deo,
269 1226 380 1268 bibit
408 1226 574 1278 vinum,
607 1227 723 1283 quod
753 1227 877 1268 affert
906 1241 1003 1279 ager
1031 1226 1127 1277 ille,
1169 1225 1240 1282 qui
1280 1226 1406 1268 habet
1434 1225 1543 1267 intra

119 1320 162 1345 se
195 1304 319 1346 etiam
350 1304 594 1346 thesaurum
624 1305 932 1356 absconditum,
963 1316 1006 1345 et
1033 1304 1183 1345 bibens
1213 1303 1464 1346 laetificatur
1493 1320 1542 1344 ex

118 1381 232 1423 vino.
309 1381 417 1424 Cum
461 1394 602 1424 autem
647 1382 851 1423 obtulerit
889 1393 931 1423 et
973 1380 1194 1423 devoverit
1230 1392 1364 1422 semet
1402 1381 1541 1438 ipsum

117 1460 239 1511 Deo,
270 1477 316 1502 ac
344 1461 577 1502 Nazaraeus
602 1459 643 1516 3)
674 1459 803 1501 suerit
833 1460 1036 1511 effectus,
1065 1471 1189 1517 atque
1219 1459 1427 1501 invenerit
1454 1459 1546 1501 the·

118 1555 286 1581 saurum
318 1537 626 1589 absconditum,
657 1549 697 1580 et
727 1538 779 1580 ad
809 1539 900 1595 ipsa
928 1539 1061 1579 ubera
1088 1538 1311 1594 fontesque
1342 1554 1548 1594 pervene-

118 1618 174 1658 rit
212 1616 331 1658 verbi
359 1615 465 1667 Dei,
505 1615 650 1656 vinum
691 1627 732 1657 et
768 1615 942 1657 siceram
982 1615 1064 1675 jam
1102 1632 1190 1657 non
1223 1616 1362 1667 bibet,
1405 1616 1546 1658 dicens

120 1695 174 1736 ad
203 1694 343 1751 ipsum
367 1693 453 1735 Dei
484 1693 661 1735 verbum
692 1693 744 1734 de
774 1692 836 1734 his
866 1693 1082 1744 thesauris,
1114 1693 1186 1750 qui
1216 1693 1259 1735 in
1289 1693 1382 1750 ipso
1414 1693 1547 1736 scien-

120 1772 202 1814 tiae
233 1784 274 1814 et
303 1770 532 1829 sapientiae
563 1769 774 1813 reconditi
804 1782 919 1813 sunt:
951 1771 1078 1829 „quia
1092 1771 1134 1829 ⁴²)
1164 1772 1278 1813 bona
1302 1783 1398 1813 sunt
1416 1773 1546 1814 ubera

122 1863 193 1893 tua
221 1867 350 1908 super
379 1849 565 1893 vinum.“
626 1849 737 1892 Sunt
766 1860 906 1891 autem
936 1860 1146 1903 unguenta
1167 1851 1371 1906 quaedam
1388 1850 1546 1907 sponsi,

124 1945 306 1986 quorum
336 1928 557 1982 fragrantia
588 1928 795 1969 delectata
826 1939 887 1969 est
915 1944 1090 1985 sponsa,
1122 1939 1163 1969 et
1194 1928 1317 1970 dicit:
1349 1929 1488 1979 „odor
1505 1929 1547 1986 ⁵)

121 2019 435 2060 unguentorum
477 2019 651 2048 tuorum
694 2021 821 2063 super
859 2005 999 2047 omnia
1037 2017 1235 2047 aromata.
1249 2012 1274 2031 “
1347 2008 1551 2048 Aromata

122 2085 282 2142 species
313 2097 408 2127 sunt
436 2084 764 2143 pigmentorum.
811 2084 977 2140 Sponsa
1006 2095 1146 2125 autem
1168 2083 1315 2125 habuit
1341 2085 1551 2141 quendam

123 2180 247 2205 usum
278 2175 319 2205 et
347 2163 545 2206 notitiam
575 2173 834 2213 aromatum,
872 2162 954 2203 hoc
994 2174 1076 2214 est,
1116 2164 1345 2204 verborum
1375 2163 1478 2217 legis
1508 2175 1550 2205 et

124 2241 449 2298 prophetarum,
498 2241 649 2298 quibus
701 2252 796 2282 ante
831 2240 1060 2282 adventum
1098 2241 1243 2297 sponsi
1278 2239 1553 2283 mediocriter

126 2318 237 2372 licet,
267 2319 419 2362 instrui
446 2331 587 2362 tamen
616 2318 860 2371 videbatur,
890 2329 932 2360 et
962 2318 1147 2361 exerceri
1176 2321 1229 2362 ad
1261 2319 1422 2361 cultum
1451 2319 1549 2370 Dei,

245 2530 285 2587 ¹)
315 2529 425 2572 Edd.
456 2528 652 2573 Merlini:
683 2528 767 2587 qui.
1253 2579 1256 2583 ⁴

242 2600 287 2655 2)
318 2600 417 2642 Mss.
450 2599 703 2651 „doctrinae
741 2599 1057 2657 propheticae.“
1115 2598 1234 2643 Libri
1274 2600 1376 2643 editi
1416 2601 1476 2659 (v.
1516 2617 1549 2642 c.

127 2656 221 2699 edd.
253 2657 359 2713 M.):
391 2656 621 2708 „doctrina
648 2656 942 2714 prophetica.“

243 2728 287 2784 3)
319 2727 430 2769 Edd.
462 2727 524 2768 M.
555 2744 800 2785 perperam:
833 2727 1024 2770 vasarius.

236 2800 290 2856 ⁴⁴)
322 2797 480 2841 Cantic.
512 2798 547 2849 I,
575 2798 615 2842 2.

248 2871 291 2927 ⁵)
323 2866 482 2913 cantic.
515 2868 550 2919 Ι,
580 2865 620 2914 3.

1130 2944 1222 2988 22*
