1759 3134
714 120 854 159 [ωιτη
883 119 938 159 ΙΙ.
988 88 996 94 ¹
1233 140 1238 143 ·
1453 121 1536 164 409

117 234 285 290 cepistis
325 233 437 273 enim
475 232 629 272 iterum
670 231 712 270 in
751 230 905 270 timore
945 229 1139 285 spiritum
1176 230 1410 282 servitutis,
1461 235 1535 274 sed

117 311 310 367 spiritum
341 307 617 364 accepistis¹)
647 305 912 362 adoptionis,
946 307 988 347 in
1019 324 1102 363 quo
1135 309 1382 350 clamamus:
1415 310 1536 350 Abba

117 387 295 445 pater!“
353 387 468 427 Haec
506 383 673 426 interim
702 382 825 423 nobis
864 383 916 423 de
946 385 1155 439 praesenti
1184 386 1282 427 loco
1315 402 1536 427 occurrere

116 474 508 521 potueruntanunc
539 461 621 518 jam
652 471 944 501 convertamur
974 462 1027 502 ad
1057 462 1366 519 consequentia.

229 539 473 597 „Equitatui
490 540 531 595 2)
563 554 659 579 meo
700 537 742 578 in
783 536 970 579 curribus
1001 538 1230 581 Pharaonis
1272 540 1455 582 similem
1494 553 1538 583 te

117 617 338 659 arbitratus
368 634 458 658 sum
489 615 682 673 proxima
710 620 854 656 mea.“
913 615 1149 659 Historicus
1179 617 1352 675 quidem
1395 634 1539 660 sensus

115 695 254 749 hoc3)
295 694 464 736 videtur
502 694 734 734 ostendere.
804 691 943 742 Sicut,
981 693 1139 750 inquit,
1186 695 1343 751 tun04)
1382 694 1427 736 in
1457 696 1540 736 Ae-

116 782 266 828 gypto,
311 787 406 811 cum
435 770 598 812 Pharao
628 784 884 826 persequens
922 771 1135 827 populum
1165 773 1295 814 Israel
1331 772 1540 828 processit

118 848 160 889 in
193 847 382 889 curribus
414 859 455 888 et
485 848 695 904 equitatu,
737 858 778 888 et
815 863 954 898 meus,
995 849 1079 890 hoc
1118 861 1199 900 est,
1236 849 1416 892 Domini
1454 850 1540 892 mei

118 924 282 982 sponsi,
322 924 529 981 equitatus
565 924 688 976 longe
717 925 1002 980 praecellebat
1033 942 1176 968 currus
1205 926 1459 978 Pharaonis,
1499 940 1541 970 et

114 1001 396 1059 praestantior
435 1014 542 1052 erat,
588 1013 740 1058 utpote
780 1001 851 1058 qui
890 1002 989 1044 illos
1030 1003 1370 1060 superaverit⁵)‚
1419 1017 1460 1046 et
1496 1005 1539 1047 in

115 1096 229 1121 mare
261 1079 529 1121 demerserit:
561 1079 620 1121 ita
651 1091 691 1120 et
720 1091 766 1121 tu
794 1079 987 1136 proxima
1017 1097 1111 1123 mea
1140 1098 1292 1138 sponsa
1316 1083 1540 1138 praecellis

118 1174 262 1199 omnes
291 1157 515 1208 mulieres,
554 1155 702 1198 similis
742 1157 893 1198 effecta
934 1157 1138 1215 equitatui
1167 1175 1289 1210 meo,
1332 1159 1404 1215 qui
1431 1160 1540 1202 Pha-

116 1235 256 1277 raonis
299 1235 488 1276 curribus
531 1245 818 1290 comparatus,
859 1235 1077 1291 potentior
1105 1235 1253 1293 utique
1293 1248 1354 1278 est
1384 1249 1425 1279 et
1453 1254 1541 1280 ma-

116 1311 465 1367 gnificenfiorfl).
524 1311 606 1354 Hic
636 1311 806 1353 interim
835 1312 939 1354 mihi
971 1312 1138 1354 videtur
1177 1330 1264 1355 esse
1305 1315 1412 1355 ordo
1455 1331 1542 1357 ser-

114 1406 291 1431 monum
327 1389 541 1447 ipsorum,
580 1389 894 1446 verborumque
935 1389 1129 1433 directio.
1202 1391 1431 1434 Videamus
1458 1395 1542 1434 *1-

114 1480 221 1518 tem,
259 1483 311 1509 ne
340 1468 453 1509 forte
492 1467 725 1508 secundum
764 1466 1089 1521 intelligentiam
1119 1468 1339 1527 mysticam
1368 1469 1540 1522 animas,

115 1562 220 1603 quae
250 1557 346 1586 sunt
375 1545 452 1586 sub
492 1543 570 1585 illo
609 1543 819 1600 spirituali
846 1544 1088 1595 Pharaone,
1134 1557 1175 1587 et
1205 1549 1282 1588 sub
1313 1547 1541 1603 spirituali-

115 1626 192 1665 bus
221 1622 419 1679 nequitiis
448 1621 633 1678 positae,
674 1637 817 1662 currus
849 1621 961 1663 dicat
991 1639 1076 1664 esse
1106 1623 1336 1666 Pharaonis
1369 1636 1411 1666 et
1440 1642 1540 1682 qua-

119 1701 252 1754 drigas
284 1699 384 1758 ejus,
416 1715 515 1756 quas
546 1699 637 1755 ipse
668 1697 763 1751 agit,
796 1710 837 1740 et
867 1698 985 1740 ducit
1015 1702 1066 1742 ad
1093 1704 1435 1759 persequendum
1461 1721 1540 1761 po-

117 1777 266 1833 pulum
310 1775 417 1826 Dei,
462 1788 502 1817 et
542 1777 594 1817 ad
635 1776 964 1833 opprimendum
1004 1779 1145 1820 Israel.
1216 1779 1390 1823 Certum
1429 1782 1541 1824 enim

118 1866 198 1904 est,
246 1853 342 1910 quia
372 1854 622 1896 tentationes
664 1866 704 1895 et
742 1854 1059 1905 tribulationes,
1105 1872 1204 1914 quas
1237 1859 1416 1901 excitant
1446 1861 1543 1902 dae·

117 1949 263 1975 mones
293 1932 466 1984 sanctis,
505 1949 584 1989 per
613 1932 768 1975 animas
799 1932 958 1990 aliquas
999 1934 1179 1976 excitant
1208 1937 1261 1977 ad
1290 1937 1372 1979 boc
1401 1938 1541 1995 ipsum

116 2023 230 2067 aptas
263 2022 303 2051 et
335 2010 642 2052 convenientes.
705 2010 870 2065 Quibus
908 2023 1108 2068 tanquam
1148 2013 1338 2056 curribus
1368 2017 1541 2059 adscen-

115 2088 169 2131 sis
201 2088 407 2142 exagitant
438 2101 479 2130 et
507 2089 768 2145 impugnant,
798 2090 867 2130 vel
891 2089 1110 2131 ecclesiam
1133 2091 1233 2141 Dei,
1263 2093 1332 2134 vel
1354 2093 1541 2147 singulos

116 2183 304 2224 quosque
322 2167 364 2223 ⁷)
393 2167 599 2209 fidelium.
659 2168 727 2209 De
767 2168 955 2224 equitatu
991 2184 1092 2208 vero
1124 2168 1326 2220 Domini,
1366 2171 1457 2227 quis
1487 2172 1540 2214 sit

117 2244 204 2302 ejus
242 2244 320 2287 iste
360 2245 587 2302 equitatus,
626 2245 670 2287 in
699 2246 850 2288 Exodo
869 2245 913 2304 Β)
942 2245 1135 2303 quidem,
1177 2247 1252 2288 ubi
1289 2261 1540 2306 superantur

237 2471 276 2527 ¹)
307 2470 418 2511 Edd.
448 2469 509 2510 M.
542 2468 866 2525 „accepimus.“
985 2472 1028 2528 ²)
1062 2470 1218 2513 Cantie.
1249 2473 1282 2521 I,
1313 2471 1351 2514 9.

234 2542 276 2597 ³)
307 2542 416 2582 Edd.
446 2541 508 2581 M.
541 2540 660 2590 „hoc
692 2552 752 2581 est
783 2542 899 2598 quod
931 2541 1134 2584 videtur“
1167 2552 1244 2582 etc.

233 2613 275 2668 ⁴)
307 2613 394 2654 Cfr.
423 2611 558 2651 Exod.
589 2610 704 2651 XIV.

237 2682 281 2738 ⁵)
311 2682 420 2722 Edd.
452 2681 514 2725 M.
547 2681 814 2737 „superavit,
848 2694 890 2723 et
918 2682 962 2723 in
988 2698 1104 2724 mare
1136 2681 1345 2723 demersit.
1361 2687 1385 2706 “

234 2754 276 2810 ὃ)
307 2752 416 2794 Edd.
456 2751 652 2793 Merlini:
703 2752 1082 2806 ,3magnificenti0n
1154 2750 1330 2794 Interim
1373 2752 1539 2796 videtur

119 2812 224 2854 ordo
256 2824 499 2851 sermonum
512 2813 536 2832 “
569 2819 647 2850 etc.

233 2880 276 2937 7)
306 2879 414 2922 Edd.
445 2878 507 2920 Μ.
539 2880 832 2935 ‚‚quosdam.“
950 2880 995 2939 8)
1027 2880 1114 2924 Csr.
1143 2879 1277 2923 Exod.
1307 2878 1423 2922 XIV.
