1759 3134
259 147 314 192 70
655 151 873 193 Omoems
904 163 947 191 m
978 150 1272 192 Ezncnmmm

265 260 456 311 tationis,
498 263 664 318 quando
703 264 961 321 judicaturus
1002 275 1062 304 est
1098 263 1239 312 Deus,
1281 273 1322 302 et
1358 262 1547 303 sutumm
1583 276 1680 318 post

263 338 615 381 resurrectionem
644 353 931 390 mortuorum,
971 341 1013 381 id
1046 352 1127 391 est,
1170 338 1278 379 vitae
1311 339 1503 380 coelestis
1531 356 1678 396 perpe-

263 414 455 456 tuitatem
486 416 527 456 in
556 417 723 459 Christo
756 420 880 460 Jesu:
923 419 988 460 cui
1030 429 1089 459 est
1131 416 1264 469 gloria
1303 428 1343 457 et
1381 415 1608 472 imperium
1638 416 1680 456 in

265 492 426 532 saecula
456 495 733 536 saeculorum.
794 498 950 537 Amen!

656 864 1144 912 HOMILIA
1219 864 1277 910 V.

261 981 328 1022 De
362 998 434 1034 eo,
473 986 589 1040 quod
629 997 809 1041 quatuor
845 985 1028 1027 ultiones
1067 986 1294 1042 pessimae,
1334 985 1376 1025 id
1420 997 1479 1026 est
1509 985 1684 1038 gladius,

261 1059 414 1109 sames,
458 1060 613 1103 bestiae
660 1064 793 1104 malae
842 1074 882 1103 et
920 1062 1158 1118 pestilentia
1196 1063 1452 1103 inducuntur
1480 1063 1519 1119 ¹)
1559 1080 1684 1118 super

261 1147 415 1178 terram
446 1140 745 1194 peccatricem:
787 1153 828 1181 et
859 1141 910 1180 de
940 1140 1161 1195 parabola,
1194 1158 1274 1196 qua
1306 1140 1478 1181 dicitur:
1519 1140 1683 1195 ‚,f11i2)

581 1215 786 1265 hominis,
819 1216 919 1271 quid
951 1217 1023 1257 fiet
1054 1217 1166 1269 ligno
1201 1217 1357 1259 vitis?“

359 1342 410 1384 ’1.
456 1341 631 1392 Fames,
672 1358 777 1398 quae
817 1353 995 1398 propter
1032 1340 1312 1396 peccatricem
1350 1342 1563 1383 inducitur
1602 1355 1685 1384 ter·

261 1433 370 1468 ram,
409 1417 522 1475 juxta
560 1419 886 1474 possibilitatem
926 1429 1164 1458 nostrarum
1195 1418 1345 1459 virium
1386 1419 1567 1461 discussa
1610 1433 1683 1470 est,

262 1504 303 1534 et
331 1506 430 1550 post
458 1495 615 1536 famem
646 1497 697 1536 de
727 1495 869 1536 bestiis
899 1495 1091 1551 pessimis
1123 1495 1323 1546 diximus,
1356 1513 1455 1552 quas
1486 1497 1686 1537 immittet

259 1572 377 1612 Deus
415 1589 542 1628 super
579 1584 835 1628 peccatores.
897 1573 1093 1628 Quatuor
1132 1572 1242 1612 enim
1284 1573 1467 1613 ultiones
1498 1574 1538 1613 in
1570 1575 1686 1629 prin-

261 1649 372 1704 cipio
403 1649 725 1716 proposuimus,
765 1667 787 1691 e
829 1651 979 1706 quibus
1009 1651 1197 1706 reliquae
1231 1652 1335 1691 duae
1363 1662 1459 1691 sunt
1489 1652 1540 1691 dc
1570 1668 1685 1691 rom-

258 1727 392 1781 phaea
421 1737 463 1766 et
493 1728 545 1766 de
574 1737 726 1766 morte.
773 1726 829 1767 Et
858 1726 900 1766 in
930 1726 1065 1782 prima
1097 1726 1269 1782 quidem
1298 1727 1485 1768 filiorum
1512 1740 1552 1768 et
1576 1729 1686 1769 filia-

258 1819 352 1844 rum
381 1821 539 1844 nomen
567 1815 728 1845 tantum
761 1815 842 1853 est,
882 1803 925 1843 in
955 1804 1137 1844 secunda
1169 1820 1269 1844 vero
1303 1815 1343 1844 et
1374 1804 1515 1855 tertia,
1558 1822 1683 1861 quam

255 1896 366 1920 nunc
397 1896 597 1921 conamur
629 1898 861 1937 exponere,
902 1881 1091 1922 filiorum
1133 1893 1173 1922 et
1215 1881 1398 1922 filiarum
1428 1899 1583 1923 nomen
1613 1899 1685 1923 an-

256 1973 409 1998 nexum
441 1970 520 2008 est,
556 1958 602 1998 id
634 1970 695 1999 est
725 1959 767 1999 in
796 1959 1043 2013 romphaea,
1075 1975 1156 2013 qua
1188 1971 1411 2009 corruunt,
1452 1960 1523 2014 qui
1555 1961 1680 2000 caede

260 2034 347 2091 ejus
391 2035 512 2087 digna
543 2036 745 2076 fecerunt.
807 2034 913 2089 Quis
954 2046 1015 2075 est
1049 2051 1146 2087 ergo
1185 2035 1261 2075 iste
1302 2036 1484 2087 gladius,
1523 2036 1568 2076 id
1607 2048 1680 2086 est,

256 2112 498 2167 romphaea,
529 2129 654 2168 quam
685 2129 761 2153 nos
793 2111 1023 2152 formidare
1056 2113 1270 2163 debemus,
1301 2128 1354 2152 ne
1386 2113 1554 2167 quando
1585 2112 1682 2153 mit-

255 2200 368 2229 tatur
396 2205 523 2245 super
550 2201 706 2230 terram
735 2201 941 2239 nostram,
972 2205 1098 2244 super
1126 2201 1301 2239 terram,
1342 2205 1466 2245 quam
1495 2190 1679 2242 figurali-

255 2276 320 2305 ter
362 2266 653 2321 exposuimus,
692 2278 739 2307 ut
779 2278 822 2307 et
849 2267 970 2307 nobis
1001 2282 1169 2307 nec-esse
1203 2266 1256 2306 sit
1284 2265 1458 2306 transire
1487 2282 1565 2321 per
1595 2267 1679 2318 gla-

257 2342 372 2382 dium
422 2344 578 2399 duplex
621 2343 782 2400 aliquid
834 2344 1058 2385 habentem
1079 2345 1120 2400 3)
1170 2344 1213 2384 in
1260 2343 1427 2399 poena?
1499 2343 1677 2384 Habitus

257 2421 414 2477 quippe
444 2421 574 2477 ipsius
604 2421 732 2474 gladii
763 2421 914 2462 dividit
947 2434 986 2462 et
1011 2433 1122 2463 secat
1153 2438 1271 2471 eum,
1310 2420 1354 2461 in
1394 2437 1518 2476 quem
1549 2420 1678 2460 infer-

255 2510 345 2539 tur:
380 2498 418 2539 εἰ
457 2515 558 2538 vero
590 2500 642 2539 ad
673 2515 849 2539 acumen
879 2499 981 2539 aciei
1014 2499 1100 2557 ejus
1133 2499 1258 2539 etiam
1288 2509 1421 2538 taetus
1452 2497 1542 2553 ipse
1572 2514 1671 2553 poe-

255 2576 360 2616 nalis
392 2588 474 2626 est,
515 2576 742 2631 dupliciter
769 2588 1012 2631 torquetur,
1053 2577 1124 2633 qui
1154 2577 1235 2617 hoc
1267 2575 1406 2628 gladio
1437 2575 1674 2630 puniendus

256 2665 328 2695 est.
389 2653 603 2709 Scriptum
637 2666 696 2695 est
730 2653 863 2694 enim:
902 2654 1081 2703 „statuit
1112 2654 1154 2709 ⁴)
1195 2653 1357 2706 igneam
1388 2653 1673 2708 romphaeam,

372 2815 412 2871 ¹)
444 2815 530 2855 Cfr.
561 2814 711 2854 Ezeeh.
742 2814 844 2854 XIV
977 2816 1018 2870 ²)
1050 2815 1199 2855 Ezech.
1231 2815 1324 2864 XV,
1353 2815 1394 2857 2.

360 2885 402 2940 3)
432 2885 540 2925 Edd.
572 2883 766 2925 Merlini:
798 2885 1008 2925 habentes.
1130 2883 1172 2940 ⁴²)
1205 2885 1289 2926 Csr.
1321 2885 1426 2925 Gen.
1459 2884 1536 2932 III,
1569 2883 1634 2926 24.
