1759 3134
222 149 306 194 360
514 148 736 188 Omossms
770 159 810 187 ιΝ
844 145 1027 186 CANTm.
1060 144 1361 187 Cmrmonum

281 519 602 570 ORIGENlS
641 518 710 567 ΙΝ
750 517 1105 568 CANTICUM
1143 515 1592 568 CANTICORUM

617 655 816 711 LIfBER
863 653 1255 698 SECUNDUS.

343 811 514 860 „Fusca
541 810 580 866 ¹)
610 827 703 851 sum
733 822 775 851 et
805 811 1013 860 formosa,
1047 809 1159 850 filiae
1188 808 1453 850 Hierusalem
1471 841 1480 859 ,
1519 821 1563 850 ut
1594 822 1654 852 ta-

230 888 456 929 bernacula
488 888 637 938 Cedar,
667 900 714 929 ut
744 888 878 945 pelles
900 886 1183 932 Salomonis.“
1242 888 1291 928 In
1322 886 1413 928 aliis
1444 888 1655 944 exempla-

230 966 345 1007 ribus
375 965 573 1019 legimus:
615 966 766 1020 „nigra
803 983 896 1008 sum
937 977 978 1007 et
1017 967 1253 1007 formosa.“
1312 965 1471 1006 Rursus
1501 964 1544 1006 in
1573 965 1656 1007 hoc

231 1061 412 1101 persona
449 1061 627 1101 sponsae
667 1044 880 1101 loquentis
920 1043 1224 1085 introducitur:
1265 1043 1479 1099 loquentis
1516 1054 1655 1085 autem

231 1138 317 1162 non
349 1122 401 1162 ad
430 1121 524 1162 illas
550 1121 593 1177 2)
626 1121 976 1170 adolescentulas,
1008 1136 1113 1177 quae
1146 1137 1242 1161 cum
1270 1120 1361 1176 ipsa
1392 1136 1558 1161 currere
1588 1137 1657 1162 so-

232 1199 341 1250 lent,
381 1199 454 1239 sed
485 1199 538 1239 ad
566 1198 673 1239 filias
703 1197 993 1246 Hierusalem,
1026 1196 1176 1253 quibus
1206 1209 1404 1254 tanquam
1432 1197 1518 1249 his,
1550 1215 1656 1255 quae

233 1275 528 1329 derogaverint
556 1274 753 1317 foeditati
785 1274 886 1333 ejus,
915 1275 1173 1332 respondere
1204 1274 1393 1326 videtur,
1427 1286 1468 1317 et
1496 1275 1656 1318 dicere:

232 1355 345 1395 fusca
378 1353 552 1410 quidem
580 1370 693 1404 sum,
734 1353 803 1394 vel
832 1352 970 1406 nigra,
1010 1363 1210 1410 quantum
1250 1352 1303 1394 ad
1342 1351 1534 1394 colorem
1564 1369 1658 1410 spe-

233 1442 328 1481 ctat,
357 1431 469 1473 filiae
490 1431 779 1473 Hierusalem:
811 1432 1000 1472 formosa
1018 1446 1136 1481 vero,
1166 1430 1199 1471 si
1227 1429 1318 1487 quis
1347 1429 1509 1472 interna
1527 1447 1660 1473 mem-

231 1510 407 1550 brorum
447 1508 699 1551 lineamenta
739 1508 979 1565 perspiciat.
1038 1510 1146 1550 Nam
1187 1519 1228 1549 et
1263 1508 1553 1559 tabernacula,
1597 1509 1660 1550 in-

234 1586 346 1643 quit,
387 1585 548 1637 Cedar,
588 1603 692 1643 quae
736 1598 796 1628 est
834 1603 931 1639 gens
970 1603 1138 1640 magna,
1178 1585 1296 1640 nigra
1333 1597 1450 1636 sunt,
1492 1597 1532 1626 et
1570 1585 1660 1642 ipsa

233 1681 329 1718 gens
362 1664 500 1707 Cedar
538 1664 713 1718 nigredo
755 1664 823 1705 vel
864 1664 1094 1706 obscuritas
1127 1664 1442 1721 interpretatur.
1503 1665 1589 1706 Sed
1621 1676 1662 1705 et

231 1743 367 1799 pelles
409 1742 650 1785 Salomonis
690 1742 830 1796 nigrae
868 1755 985 1793 sunt,
1026 1759 1105 1784 nec
1144 1754 1284 1784 tamen
1327 1743 1382 1783 ob
1421 1741 1503 1783 hoc
1542 1753 1659 1783 tanto

232 1821 319 1874 regi
350 1821 392 1862 in
426 1820 542 1861 omni
573 1820 706 1874 gloria
735 1838 807 1862 sua
837 1821 1017 1878 pellium
1052 1820 1137 1862 visa
1170 1832 1230 1862 est
1250 1820 1450 1862 indecora
1470 1819 1660 1874 nigredo.

232 1902 329 1941 Non
361 1916 459 1953 ergo
490 1898 614 1949 mihi,
656 1916 681 1940 o
723 1899 835 1941 filiae
866 1899 1153 1950 Hierusalem,
1194 1898 1455 1955 exprobretis
1491 1899 1659 1956 culpam

233 1977 405 2027 coloris,
438 1995 534 2019 cum
564 1977 650 2019 sive
683 1977 895 2029 naturalis,
926 1977 1013 2019 sive
1045 1976 1242 2019 exercitio
1276 1977 1460 2034 quaesita
1488 1977 1658 2035 corpori

232 2055 506 2111 pulchritudo
542 2073 629 2098 non
659 2055 779 2098 desit.
840 2056 956 2098 Haec
996 2055 1185 2098 continet
1224 2055 1470 2098 historicum
1504 2057 1659 2106 drama,

234 2143 275 2172 et
303 2131 550 2188 propositae
580 2134 748 2174 fabulae
778 2133 952 2189 species.
1012 2134 1098 2176 Sed
1127 2134 1347 2175 redeamus
1382 2135 1434 2176 ad
1466 2134 1659 2176 ordinem

232 2209 467 2267 mysticum.
528 2210 644 2251 Haec
673 2227 847 2267 sponsa,
888 2227 993 2267 quae
1025 2211 1238 2267 loquitur,
1283 2211 1482 2253 ecclesiae
1513 2228 1661 2267 perso-

232 2304 329 2354 narn
366 2298 483 2329 tenet
521 2303 568 2328 ex
610 2287 801 2340 gentibus
845 2301 1128 2342 congregatae.
1188 2289 1324 2331 Filiae
1364 2306 1464 2330 vero
1507 2290 1660 2331 Hieru-

232 2366 384 2416 salem,
433 2366 497 2407 adff
526 2381 626 2422 quas
666 2365 703 2406 ei
741 2382 879 2408 sermo
921 2378 1002 2418 est,
1047 2367 1148 2409 illae
1188 2380 1284 2409 sunt
1322 2367 1507 2418 animae,
1554 2384 1659 2425 quae

232 2454 410 2499 propter
453 2443 706 2485 electionem
748 2455 918 2501 patrum
957 2444 1191 2488 carissimae
1235 2446 1406 2504 quidem
1447 2446 1658 2497 dicuntur,

231 2521 427 2563 inimicae
451 2534 591 2563 autem
614 2534 793 2579 propter
819 2524 1094 2578 evangelium.
1154 2525 1262 2566 Istae
1294 2536 1389 2566 sunt
1418 2524 1531 2566 filiae
1555 2524 1657 2566 Hie-

232 2600 414 2642 rusalem
447 2599 625 2642 civitatis
655 2612 858 2653 terrenae,
890 2619 995 2659 quae
1016 2603 1207 2646 videntes
1230 2602 1449 2646 ecclesiam
1482 2619 1529 2645 ex
1558 2618 1657 2657 gen-

351 2837 390 2894 ¹)
417 2836 576 2880 Cantic.
608 2839 641 2888 I,
672 2838 711 2882 5.

344 2908 388 2963 ²)
419 2907 528 2950 Edd.
559 2907 755 2955 Merliniz
785 2908 897 2952 alias.
