1759 3134
668 144 866 186 HommA
895 141 968 182 VI.
1471 144 1524 185 95

114 259 242 300 dies.“
300 258 355 298 Et
385 257 504 298 alibi:
535 257 717 307 „fratres
739 256 794 310 ¹),
825 253 950 294 etiam
979 252 1012 292 si
1040 264 1370 308 praeoccupatus
1399 255 1523 295 fuerit

113 337 242 377 homo
274 335 316 376 in
346 335 488 390 aliquo
519 344 708 390 peccato,
737 347 811 371 vos
840 341 887 370 ut
909 329 1145 385 spirituales
1168 330 1365 371 sustinete
1388 330 1528 371 istius-

887 412 910 431 “
981 406 1038 446 Et
1074 423 1260 447 rursum:
1300 409 1526 458 „conside-

113 414 232 453 modi
270 413 313 453 in
350 412 500 467 spiritu
536 407 874 451 mansuetudinis.

114 507 205 532 rans
229 490 272 545 2)
302 501 344 530 te
374 488 533 543 ipsum,
563 502 615 527 ne
647 496 689 525 et
716 496 762 525 tu
790 483 1003 524 tenteris.“

227 566 292 609 11.
338 565 428 616 „Et
450 565 491 619 3)
531 562 629 603 exiit
667 578 822 602 nomen
860 573 981 601 tuum
1018 561 1062 600 in
1094 561 1284 612 gentibus
1313 562 1355 602 in
1386 566 1525 619 specie

113 657 199 694 tua,
231 643 430 699 quoniam
459 650 794 681 consummatum
825 651 911 679 erat
937 638 982 678 in
1011 639 1164 678 decore
1194 639 1372 693 speciei,
1403 657 1525 696 quam

115 719 313 760 constitui
351 719 393 759 in
431 729 494 765 te,
534 716 636 756 dicit
665 715 830 756 Adonai
860 715 1094 756 Dominus:
1133 727 1173 756 et
1212 716 1365 757 confisa
1407 734 1447 757 es
1484 719 1525 758 in

116 799 270 838 decore
299 801 415 837 tu0.“
473 795 625 845 Blagna
654 794 810 848 sapuit,
842 804 891 832 ¹et
923 792 1176 833 conscientia
1203 794 1529 847 pulchritudinis

113 891 211 916 suae
248 884 385 914 erecta
423 883 484 911 est
524 870 713 926 speciosa
741 871 986 911 Jerusalem.
1044 870 1099 911 Et
1141 869 1237 926 quia
1266 871 1349 911 alta
1378 873 1527 927 sapuit,

114 968 191 992 nec
220 966 262 991 se
292 947 547 996 humiliavit,
579 964 656 988 nec
686 947 936 997 glorificavit
963 948 1129 995 Deum,
1166 947 1285 997 audi,
1329 949 1428 1004 quid
1468 951 1530 990 ‹li-

114 1039 230 1068 catur
257 1027 311 1067 ad
342 1042 456 1066 eam:
489 1037 559 1074 „et
573 1025 613 1080 ⁴)
647 1024 852 1065 fornicata
883 1041 924 1065 es
955 1024 997 1065 in
1027 1025 1198 1065 nomine
1229 1037 1320 1076 tuo⁷
1352 1038 1394 1065 et
1423 1028 1530 1066 effu-

114 1104 211 1145 disti
247 1103 571 1146 fornicationem
608 1113 724 1142 tuam
767 1101 810 1142 in
855 1102 971 1142 omni
1013 1102 1238 1143 transitu.“
1312 1103 1428 1157 Quid
1471 1116 1531 1144 est

112 1182 222 1230 hoc,
257 1182 372 1236 quod
399 1180 474 1220 ait:
514 1179 741 1229 „effudisti
765 1180 805 1233 3)
842 1179 1167 1219 fornicationem
1194 1191 1309 1219 tuam
1339 1181 1380 1219 in
1415 1181 1529 1220 omni

113 1257 352 1298 transitu?“
412 1256 575 1298 Circuit
599 1257 640 1312 6)
682 1256 838 1296 animas
877 1267 1038 1295 nostras
1065 1255 1272 1296 fortitudo
1312 1258 1530 1307 contraria,

116 1346 157 1374 et
196 1334 306 1374 varie
343 1333 598 1388 perlustrans
640 1333 802 1388 quaerit
841 1333 1006 1382 locum,
1045 1349 1123 1388 per
1160 1350 1285 1388 quem
1314 1336 1448 1389 possit
1476 1335 1531 1375 ir-

113 1427 323 1466 rumpere.
392 1411 460 1450 Ira
496 1426 572 1450 suo
612 1410 784 1450 nomine
824 1410 914 1449 vult
951 1409 1151 1450 fornicari
1189 1427 1378 1451 mecum:
1418 1412 1529 1469 juxta

114 1487 336 1544 conjuncta
371 1487 562 1527 moribus
591 1487 694 1527 meis
724 1502 801 1526 suo
831 1486 1003 1526 nomine
1041 1487 1232 1537 tristitia,
1273 1500 1313 1529 et
1344 1489 1434 1529 vult
1462 1506 1530 1530 me

113 1566 251 1605 facere
293 1576 578 1605 moerentem:
623 1579 696 1604 sua
734 1574 852 1619 parte
897 1563 1068 1604 avaritia
1106 1563 1234 1604 infert
1278 1564 1530 1606 desiderium

114 1642 204 1682 auri
247 1653 286 1682 et
325 1641 503 1693 argenti,
544 1652 584 1680 et
623 1656 971 1696 quorumcunque
1011 1640 1234 1680 similium:
1274 1641 1309 1681 si
1345 1658 1414 1681 me
1445 1660 1531 1683 non

115 1719 386 1768 custodiero,
441 1729 482 1757 et
537 1717 723 1757 clausero
771 1717 926 1756 ostium
967 1733 1136 1766 meum,
1189 1718 1263 1756 sed
1307 1735 1531 1774 suscepero

115 1811 286 1835 omnem
317 1795 553 1835 orationem
582 1792 755 1842 inimici,
787 1793 941 1834 (licitur
968 1793 1093 1833 mihi:
1123 1794 1350 1843 „effudisti
1375 1797 1413 1851 ⁷)
1445 1798 1532 1837 for-

113 1871 371 1912 nicationem
408 1883 524 1912 tuam
563 1871 606 1910 in
647 1870 764 1910 omni
800 1870 989 1912 transitu.
1061 1871 1116 1910 Et
1161 1871 1358 1927 accepisti
1397 1886 1530 1914 vestes

234 2026 277 2080 ¹)
307 2025 444 2067 Galat.
474 2026 549 2074 VI,
580 2024 616 2068 1.
736 2024 780 2078 2)
812 2024 949 2066 Galat.
978 2026 1051 2075 Vl,
1083 2024 1120 2068 1.

231 2095 275 2151 ³)
305 2095 455 2136 Ezech.
486 2095 604 2144 XVI,
635 2094 700 2137 14.
733 2094 798 2137 15.
918 2096 961 2151 4)
990 2096 1141 2138 Ezech.
1172 2096 1288 2146 XVI,
1320 2097 1385 2140 15.

236 2165 279 2221 ⁵)
308 2165 459 2207 Ezech.
489 2166 607 2215 XVI,
637 2165 703 2208 15.

230 2235 274 2291 6)
303 2235 354 2276 R.
385 2235 428 2276 in
454 2235 590 2279 notis:
621 2236 829 2286 „Catenae
859 2237 960 2278 BIss.
1004 2234 1261 2293 Παροδεύει
1289 2235 1423 2293 ἡμῶν
1454 2236 1535 2293 τὴν

117 2303 274 2361 ψυχὴν
311 2310 493 2360 ποικίλη
533 2303 728 2362 δύναμις
765 2305 1074 2364 ἀντικειμένη,
1123 2310 1198 2349 καὶ
1238 2310 1356 2361 ζητεῖ
1392 2305 1535 2352 τόπον

115 2378 193 2419 τοῦ
226 2378 448 2420 εἰσελθεῖν
477 2378 553 2418 καὶ
582 2379 834 2432 πορνεῦσαι
865 2374 978 2432 μετὰ
1007 2379 1083 2431 τῆς
1108 2380 1278 2435 ψυχῆς,
1311 2380 1451 2423 οἱονεὶ
1476 2377 1534 2428 ὥς

117 2444 139 2490 ὁ
172 2447 352 2501 δαίμων
381 2447 459 2489 τοῦ
488 2449 658 2502 θυμοῦ,
693 2445 715 2490 ὁ
749 2448 930 2502 δαίμων
959 2450 1036 2501 τῆς
1063 2450 1338 2502 κενοδοξίας,
1372 2446 1394 2491 ὁ
1427 2450 1536 2492 δαί-

113 2533 218 2575 μων
247 2519 322 2570 τῆς
351 2514 504 2570 λύπης,
540 2517 618 2559 καὶ
651 2515 928 2566 ἁπαξαπλῶς
956 2515 1150 2561 ἑκάστου
1178 2516 1359 2567 πάθους
1388 2517 1412 2572 ἡ
1448 2518 1532 2563 δύ-

116 2603 249 2643 ναμις
286 2583 532 2640 παροδεύει
573 2584 650 2629 διὰ
687 2589 761 2642 τῆς
799 2590 976 2645 ψυχῆς,
1022 2591 1098 2630 καὶ
1128 2591 1250 2632 θέλει
1283 2593 1535 2648 πορνεῦσαι,

114 2657 205 2715 μετ’
240 2656 396 2708 αὐτῆς,
438 2656 734 2698 ἕπιπλακεῖσα
765 2660 813 2716 τῇ
848 2662 1107 2713 προαιρέσει,
1148 2658 1296 2714 αὐτῆς.
1364 2664 1532 2703 Τοιοῦ-

115 2724 197 2769 τόν
234 2743 270 2768 τι
317 2725 494 2784 ᾐνίξατο
536 2723 558 2769 ὁ
591 2724 758 2769 Νάθαν
796 2726 909 2783 πρὸς
948 2726 1027 2771 τὸν
1060 2731 1233 2785 Λαυὶὸ,
1275 2733 1426 2774 καλῶν
1455 2729 1534 2773 τὸν

120 2798 319 2851 δαίμονα
351 2798 425 2848 τῆς
455 2801 668 2850 πορνείας
699 2795 958 2857 ὁδοιπόρον.

234 2866 276 2921 7)
305 2865 456 2906 Ezech.
486 2864 602 2914 XVI,
635 2864 697 2907 15.
732 2865 795 2908 16.
