1759 3134
709 132 848 173 mez
880 131 912 170 I.
1124 157 1128 161 -
1440 133 1522 176 355

107 259 148 288 et
178 245 339 288 audisse
367 242 494 286 verba
524 241 780 293 ineffabilia,
813 257 917 298 quae
948 256 1034 282 non
1066 241 1165 282 licet
1193 241 1355 284 homini
1388 243 1517 300 loqui.

108 323 225 378 Quid
266 322 375 363 enim
414 331 534 377 putas
574 336 659 362 esse
698 319 774 361 illa
803 320 950 369 verba,
990 333 1094 374 quae
1122 319 1311 361 audivit?
1368 321 1518 362 Nonne

107 418 127 441 a
158 416 252 452 rege
283 397 468 440 audivit?
523 398 579 440 Et
609 397 652 438 in
682 395 901 446 cubiculo,
933 407 974 436 et
1002 411 1138 451 prope
1172 396 1412 438 cubiculum
1442 414 1521 454 po-

107 477 222 527 situs,
252 474 439 517 audivit?
494 474 550 516 Et
580 485 708 524 erant,
739 473 881 523 credo,
913 472 987 513 illa
1017 473 1144 513 verba
1173 473 1272 514 talia
1302 474 1519 530 quaedam,

106 570 211 611 quae
240 553 507 594 hortarentur
536 568 640 597 eum,
661 550 713 591 ad
742 548 947 606 majorem
976 551 1240 606 profectum,
1273 562 1315 590 et
1343 552 1522 606 promit-

107 641 240 671 terent
280 629 339 679 ei,
380 629 494 685 quod
533 629 567 670 si
605 640 891 684 perseveraret
928 644 1061 684 usque
1098 627 1140 668 in
1170 627 1320 678 finem,
1361 629 1519 684 etipse

105 718 248 763 posset
276 706 430 748 intrare
460 706 566 759 regis
597 705 862 755 cubiculum,
903 706 1136 747 secundum
1166 705 1278 746 istud
1303 705 1364 762 ¹),
1406 706 1522 762 quod

103 799 181 839 per
210 784 463 840 prophetam
493 798 663 840 quoque
693 780 978 839 promittitur:
1010 782 1157 833 „dabo
1180 782 1222 839 ²)
1249 782 1329 824 tibi
1358 783 1522 825 thesau-

103 875 172 901 ros
205 861 428 914 obscuros,
460 859 676 910 occultos,
706 858 949 902 invisibiles.
1009 859 1212 917 Aperiam
1242 859 1343 912 tibi,
1373 872 1421 903 ut
1451 877 1522 903 co-

103 953 295 990 gnoscas,
337 938 434 995 quia
478 953 553 990 ego
593 953 685 978 sum
714 937 924 979 Dominus
954 937 1072 979 Deus
1110 948 1226 988 tuus,
1265 938 1338 994 qui
1374 939 1522 981 vocavi

103 1031 260 1056 nomen
299 1026 419 1056 tuum
448 1015 619 1057 Israel.“
679 1014 865 1057 Currunt
906 1031 1004 1068 ergo
1045 1015 1386 1057 adolescentulae
1425 1028 1523 1073 post

104 1093 257 1150 ipsum,
289 1105 331 1134 et
349 1094 392 1148 3)
423 1091 467 1133 in
498 1093 678 1133 odorem
708 1091 810 1149 ejus,
839 1109 1116 1149 unaquaeque
1143 1105 1285 1135 tamen
1314 1110 1394 1150 pro
1425 1094 1524 1136 viri-

104 1170 203 1221 bus,
243 1169 322 1211 alia
354 1168 527 1226 quidem
555 1168 767 1220 velocius,
807 1170 888 1212 alia
916 1170 1046 1227 paulo
1076 1171 1256 1223 tardius,
1287 1171 1368 1213 alia
1396 1171 1522 1214 etiam

105 1247 278 1289 inferius
308 1247 454 1289 ceteris
486 1259 528 1288 ct
556 1246 732 1297 ultimo,
768 1246 848 1288 alia
877 1246 1018 1304 primo
1050 1248 1162 1290 loco.
1221 1250 1523 1292 Verumtamen

105 1338 277 1367 currunt
307 1342 475 1376 omnes,
511 1325 585 1366 sed
623 1341 704 1365 una
735 1335 796 1365 est
823 1326 1034 1380 perfecta,
1075 1341 1179 1381 quae
1219 1327 1347 1368 currit
1370 1329 1413 1384 ⁴)
1449 1329 1522 1379 sic,

104 1416 150 1444 ut
180 1404 438 1460 perveniret,
477 1414 518 1443 et
548 1402 639 1443 sola
667 1402 877 1458 acciperet
904 1402 1102 1458 palmam.
1162 1403 1265 1445 Sola
1297 1405 1409 1445 enim
1448 1417 1523 1456 est,

106 1498 211 1538 quae
252 1482 378 1523 dicit:
415 1478 683 1533 „introduxit
709 1480 750 1537 ⁵)
789 1495 857 1520 me
894 1496 967 1520 rex
999 1479 1043 1521 in
1073 1479 1317 1523 cubiculum
1344 1489 1523 1524 suum:“

106 1576 202 1601 cum
232 1559 348 1616 prius
377 1575 464 1600 non
495 1559 546 1599 de
576 1574 619 1600 se
649 1557 763 1608 sola,
792 1558 867 1599 sed
900 1558 951 1598 de
981 1558 1174 1613 pluribus
1206 1559 1397 1610 dixisset,
1428 1559 1524 1616 quia

105 1648 240 1694 „post
265 1638 308 1693 6)
347 1649 389 1678 te
429 1636 472 1677 in
511 1636 690 1676 odorem
726 1646 1038 1688 unguentorum
1066 1646 1239 1677 tuorum
1270 1643 1525 1679 curremus.“

108 1714 397 1756 Introducitur
425 1729 523 1766 ergo
554 1712 598 1754 in
629 1711 872 1753 cubiculum
901 1711 1030 1766 regis,
1070 1724 1111 1754 et
1149 1714 1333 1755 efficitur
1369 1714 1524 1767 regina,

107 1804 148 1833 et
178 1793 268 1849 ipsa
299 1803 378 1843 est,
418 1791 471 1832 de
503 1806 583 1846 qua
615 1790 788 1831 dicitur:
830 1822 854 1840 „
867 1789 1008 1843 regina
1035 1790 1075 1844 ⁷)
1114 1791 1272 1832 adstitit
1309 1808 1332 1833 a
1371 1793 1524 1834 dextris

107 1869 187 1910 tuis
218 1870 261 1911 in
290 1870 442 1911 vestitu
471 1870 686 1921 deaurato,
717 1868 972 1909 circumdata
996 1867 1307 1910 varietatibus.“
1364 1869 1432 1910 De
1461 1870 1524 1912 his

106 1959 247 1990 autem
290 1947 635 1998 adolescentulis,
682 1961 787 2003 quae
830 1956 928 2002 post
972 1945 1104 2002 ipsam
1149 1958 1439 1998 cucurrerant,
1486 1959 1526 1989 et

107 2025 261 2082 procul
289 2027 340 2067 ab
372 2041 419 2067 ea
448 2025 491 2066 in
521 2024 622 2081 ipsis
650 2022 844 2065 currendi
862 2022 1006 2080 spatiis
1021 2035 1316 2075 remanserant,
1347 2024 1523 2066 dicitur:

108 2104 405 2154 „adducentur
426 2102 468 2160 ⁸)
499 2102 588 2155 regi
618 2101 796 2154 virgines
826 2112 924 2158 post
954 2117 1058 2153 eam,
1090 2101 1305 2158 proximae
1336 2101 1423 2160 ejus
1453 2103 1525 2144 ad-

109 2182 314 2223 ducentur
341 2180 441 2223 tibi:
480 2181 743 2222 adducentur
771 2179 814 2220 in
845 2179 1003 2221 laetitia
1041 2191 1082 2220 et
1126 2179 1424 2230 exsultatione,
1461 2179 1529 2222 in·

110 2259 315 2300 ducentur
352 2258 397 2300 in
431 2258 640 2314 templum
680 2256 830 2310 regis.“
889 2258 976 2299 Sed
1007 2269 1048 2298 et
1077 2256 1185 2298 illud
1216 2255 1341 2298 etiam
1371 2256 1414 2297 in
1443 2257 1525 2297 hoc

110 2336 324 2378 advertere
355 2337 571 2388 debemus,
603 2335 733 2392 quod,
763 2333 872 2377 sicut
888 2350 962 2377 rex
982 2334 1108 2376 habet
1127 2334 1370 2377 cubiculum
1390 2334 1525 2389 quod·

229 2525 268 2581 ¹)
295 2524 405 2567 Edd.
434 2525 498 2571 M.
527 2524 723 2577 ‚,illud.“

223 2595 267 2652 ²)
300 2594 385 2637 Cfr.
414 2595 540 2638 Jesai.
568 2596 699 2647 XLV,
728 2595 767 2640 3.

225 2662 269 2722 ³)
299 2665 431 2707 Deest
460 2671 571 2716 „et“
601 2667 645 2708 in
676 2666 770 2708 edd.
801 2665 861 2707 M.

227 2734 271 2790 ⁴)
301 2734 410 2777 Edd.
441 2735 640 2778 Merlini:
672 2736 854 2778 cucurrit
883 2734 941 2776 sic
970 2745 1048 2778 etc.

228 2807 272 2861 ⁵)
302 2804 461 2847 Cantic.
492 2809 527 2857 I,
555 2807 595 2850 4.
713 2809 758 2867 ⁶)
789 2805 947 2849 Cantic.
980 2806 1013 2856 l,
1044 2805 1083 2847 4.

229 2876 271 2933 ⁷)
301 2876 454 2918 Psalm.
485 2875 612 2929 XLV,
642 2876 682 2920 9.
801 2877 847 2934 8)
874 2876 1028 2917 Psalm.
1060 2875 1188 2926 XLV,
1220 2874 1285 2919 14.
1318 2874 1380 2920 15.

1130 2951 1217 2996 23*
