1738 3134
217 100 274 144 22
617 100 837 143 Omenms
871 114 915 142 m
945 101 1238 142 lizi-:cummim

225 225 286 253 est
317 213 440 253 etiam
471 213 686 269 suspicari,
723 215 796 254 sed
828 212 938 270 juxta
970 212 1216 253 abusionem
1248 211 1424 251 dicimus
1457 234 1532 262 —,
1576 229 1646 252 au-

225 291 367 331 dacter
403 291 597 346 profecto
639 290 797 340 dicam,
836 291 972 330 multo
1012 289 1216 346 majorem
1258 288 1299 328 in
1341 288 1469 328 veteri
1502 289 1647 330 Tosta-

225 379 369 407 mento
403 367 565 408 ostendi
592 368 905 417 humanitatem,
937 384 1059 423 quam
1086 368 1125 406 in
1155 382 1281 406 novo.
1331 364 1448 417 „Ego
1478 365 1515 421 ¹)
1544 366 1647 406 dixi:

226 443 284 484 dii
317 443 435 494 estis,
478 456 518 484 et
556 445 632 485 {ilii
675 444 863 485 altissimi
896 451 1081 484 omnes.“
1142 446 1237 483 Non
1269 441 1345 482 ait:
1387 442 1556 497 quidam
1589 442 1648 482 dii

228 521 344 571 estis,
385 533 425 561 et
465 521 634 577 quidam
673 539 759 562 non
808 521 924 562 estis:
965 538 1109 561 verum
1149 536 1293 560 omnes
1335 518 1392 559 dii
1434 519 1541 560 estis.
1603 520 1650 560 Si

226 610 365 639 autem
395 599 689 654 peccaveritis,
730 599 917 639 ausculta
954 598 1055 653 quid
1096 597 1304 653 sequitur:
1349 613 1451 646 „vos
1473 598 1515 652 2)
1548 614 1648 637 vcro

225 686 272 716 ut
312 676 503 716 homines
543 675 827 716 n10rien=ini.“
886 678 982 716 Non
1015 687 1074 715 est
1105 675 1206 714 haec
1234 674 1274 729 ³)
1308 675 1430 729 culpa
1465 674 1651 714 vocantis

226 753 277 792 ad
307 753 505 802 salutem,
544 770 630 793 non
660 754 748 808 ipse
785 770 900 793 causa
933 752 1102 801 mortis,
1135 751 1206 807 qui
1238 750 1385 791 invitat
1415 751 1467 790 ad
1499 750 1650 790 divini-

223 841 376 880 tatem,
411 842 452 870 et
481 831 532 870 ad
564 830 755 870 coelestis
785 842 955 870 naturae
986 829 1284 884 adoptionem,
1328 828 1400 868 sed
1432 827 1473 868 in
1505 840 1650 868 nostro

195 905 422 962 'peccat0,
469 920 509 947 et
558 907 599 947 in
650 919 795 947 nostro
841 906 999 947 scelere
1051 904 1259 954 consistit,
1316 906 1430 960 quod
1477 905 1650 945 dicitur:

226 1000 330 1034 „vos
351 985 391 1037 ⁴)
429 996 570 1025 autem
607 996 655 1024 ut
694 984 886 1024 homines
925 981 1189 1032 moriemini,
1235 994 1276 1022 et
1308 982 1423 1038 quasi
1454 999 1560 1022 unus
1592 983 1644 1022 de

224 1060 487 1116 principibus
528 1060 723 1102 cadetis.“
782 1060 911 1102 Multi
950 1059 1166 1115 principes
1207 1071 1344 1110 erant,
1387 1072 1426 1100 et
1465 1077 1571 1100 unus
1605 1049 1671 1099 e'x'

223 1136 274 1177 iis
306 1137 477 1187 corruit,
508 1139 559 1178 de
591 1153 674 1193 quo
709 1149 748 1177 et
779 1137 820 1177 in
839 1137 993 1177 Genesi
1024 1136 1242 1177 scribitur:
1275 1152 1401 1186 „ecce
1425 1137 1481 1192 ⁵),
1513 1137 1650 1176 Adam

227 1213 361 1254 sactus
400 1220 502 1263 est,“
541 1230 627 1254 non
666 1213 782 1269 quasi
819 1231 917 1262 nos,
956 1214 1029 1253 sed
1069 1213 1215 1269 „quasi
1253 1230 1359 1253 unus
1401 1230 1448 1253 ex
1486 1212 1651 1253 nobis.“

227 1290 338 1343 Ergo
371 1291 538 1347 quando
570 1291 762 1346 peccavit
791 1292 940 1340 Adam,
972 1302 1070 1330 tunc
1101 1291 1234 1331 sactus
1267 1301 1327 1331 est
1358 1289 1475 1346 quasi
1507 1307 1624 1331 unuS.

340 1367 405 1411 10.
450 1368 533 1417 „Et
560 1367 602 1423 6)
634 1368 766 1407 factus
808 1379 868 1407 est
905 1384 1042 1408 sermo
1073 1367 1252 1408 Domini
1290 1367 1343 1407 ad
1371 1367 1654 1416 Ezechielem,

227 1444 366 1485 filium
402 1445 549 1485 Buzi.“
607 1443 783 1484 Etiamsi
822 1445 872 1484 de
915 1445 1133 1485 Salvatore
1175 1445 1277 1485 haec
1317 1444 1427 1484 dicta
1469 1444 1655 1484 volueris

229 1521 490 1575 intelligere,
521 1538 581 1579 >ne
612 1520 781 1573 timeas3
821 1521 946 1562 habet
978 1533 1017 1562 et
1050 1521 1109 1563 sic
1150 1520 1352 1574 allegoria
1390 1520 1656 1562 intellectum

230 1615 375 1639 suum:
407 1598 521 1639 venit
551 1614 689 1638 sermo
710 1597 889 1638 Domini
919 1600 971 1639 ad
1002 1615 1112 1649 eum,
1145 1599 1215 1655 qui
1248 1600 1299 1639 de
1330 1597 1488 1650 virgine
1514 1615 1655 1638 nasce-

230 1677 367 1726 batur,
406 1674 450 1715 id
490 1686 550 1715 est
588 1674 826 1725 hominem,
868 1691 1006 1716 sermo
1047 1692 1215 1731 semper
1244 1676 1286 1716 in
1316 1687 1434 1732 patre
1463 1691 1656 1716 manens:

228 1763 274 1793 ut
304 1752 454 1793 fierent
482 1763 658 1808 utraque
695 1769 851 1803 unum,
897 1764 938 1793 et
979 1753 1292 1794 consociaretur
1331 1753 1485 1802 homo,
1529 1769 1656 1809 quem

231 1831 286 1870 ob
323 1841 630 1871 sacramentum
660 1842 701 1870 et
730 1830 909 1870 salutem
945 1830 1164 1870 universae
1201 1829 1470 1870 humanitatis
1509 1829 1657 1869 indue-

230 1918 313 1957 ret,
351 1906 561 1947 divinitati
601 1906 688 1964 ejus
728 1918 768 1946 et
805 1918 976 1947 naturae
1016 1906 1220 1958 unigeniti
1249 1906 1346 1946 Dei.
1406 1906 1588 1956 „Factus
1611 1908 1652 1959 ⁷)

233 1975 462 2023 est⁵serm0
483 1982 662 2023 Domini
695 1984 747 2023 ad
769 1983 1052 2033 Ezechielem,
1083 1983 1221 2022 filium
1240 1982 1362 2032 Buzi,
1392 1983 1656 2023 sacerdotem

231 2058 273 2099 in
312 2070 422 2100 terra
460 2059 813 2101 Chaldaeorum.“
885 2059 1087 2101 Chaldaei
1127 2061 1179 2099 de
1219 2060 1474 2100 coelestibus
1513 2060 1657 2116 dispu-

228 2147 339 2177 tant:
381 2137 581 2186 Chaldaei
610 2137 846 2178 nativitates
875 2135 1096 2177 hominum
1125 2135 1440 2179 ratiocinantur.
1500 2138 1586 2187 „In
1611 2138 1656 2193 ⁸)

229 2225 341 2254 terra
372 2214 723 2256 Chaldaeo1-um.“
783 2214 916 2268 Quasi
945 2214 979 2255 si
1011 2213 1134 2264 dicat,
1167 2230 1335 2264 eorum,
1368 2214 1440 2270 qui
1472 2225 1658 2254 asserunt

232 2291 388 2341 fatum,
427 2307 596 2341 eorum,
643 2292 715 2348 qui
757 2308 896 2332 causas
926 2291 1208 2332 universitatis
1239 2303 1448 2332 astrorum
1479 2290 1657 2331 circuitu

231 2368 466 2411 vendicant.
526 2370 609 2409 Iste
650 2386 748 2422 ergo
789 2386 900 2409 nunc
943 2385 1080 2420 error,
1128 2381 1169 2410 et
1198 2368 1275 2410 ista
1305 2367 1456 2408 mentis
1488 2383 1658 2423 perver-

350 2474 390 2529 ¹)
420 2474 811 2524 Psalm.LXXXH‚
843 2473 880 2516 6.
914 2474 1152 2527 (LXXXI.)

347 2547 390 2600 ²)
422 2545 576 2586 Psalm.
608 2545 826 2593 LXXXII,
859 2545 895 2586 7.
931 2543 1169 2600 (LXXXI.)

345 2616 388 2670 3)
420 2614 529 2655 Edd.
559 2614 753 2654 Mei—lini:
796 2612 876 2653 hic.

350 2684 390 2738 ⁴)
423 2685 578 2725 Psalm.
608 2683 826 2733 LXXXII,
859 2683 896 2725 7.
929 2682 1166 2736 (LXXXI.)

352 2755 392 2807 5)
427 2755 580 2795 Genes.
613 2755 690 2803 HI,
721 2754 787 2796 22.
910 2752 951 2808 ὅ)
984 2752 1136 2792 Ezech.
1167 2752 1200 2802 I,
1230 2751 1270 2795 3.

348 2823 389 2880 ⁷)
420 2824 569 2865 Ezech.
602 2826 635 2874 I,
665 2823 703 2868 3.
910 2823 952 2878 ’5)
984 2822 1136 2862 Ezech.
1171 2823 1203 2871 I,
1233 2821 1270 2866 3,
