1759 3134
241 149 294 191 74
426 139 439 146 ’
644 151 861 194 OfflGENis
891 165 937 193 m
966 152 1260 195 EzEcmELEM

238 261 393 303 sufficit
421 262 458 303 ei
488 250 570 304 una
601 264 827 320 correptio.
888 265 934 307 Si
963 276 1103 305 autem
1135 263 1387 319 corripiatur
1410 265 1660 314 Jerusalem,

237 356 364 395 super
400 356 524 395 quam
561 340 802 382 invocatum
843 354 903 382 est
941 358 1098 382 nomen
1128 342 1233 390 Dei,
1275 353 1456 397 quatuor
1497 341 1536 381 ei
1568 359 1659 382 cru-

237 415 365 456 ciatus
401 417 559 471 pariter
594 417 842 459 inseruntur.
918 419 1059 460 Multo
1106 418 1228 459 nobis
1266 418 1412 459 utilius
1452 419 1587 458 suerat
1617 420 1656 473 ¹)

235 492 379 532 divino
420 509 506 534 non
546 495 772 537 credidisse
812 498 1021 547 sermoni,
1068 513 1191 552 quam
1231 466 1660 550 post-credulitatem

232 569 366 610 adhuc
396 587 561 613 rursum
589 574 642 613 ad
672 586 843 629 peccata
866 574 1069 624 converti,
1102 590 1206 629 quae
1234 584 1329 612 ante
1358 571 1657 612 commisimus.

234 646 463 688 Considera
494 649 627 700 enim,
664 653 882 706 quomodo
915 651 1133 707 Scriptura
1164 666 1290 706 super
1319 660 1474 689 terram
1504 648 1658 700 sigilla-

230 723 304 763 tim
335 726 542 781 supplicia
573 727 684 768 dicat
714 728 872 779 inferri,
906 740 946 769 et
975 745 1060 768 non
1092 739 1290 783 apponat,
1323 742 1447 781 quam
1478 737 1655 765 terram:

229 802 397 856 quando
437 820 537 843 vero
578 806 629 844 ad
671 805 905 845 Jerusalem
947 805 1107 845 veniat:
1150 804 1219 854 „si
1241 804 1283 860 ²)
1315 815 1455 843 autem
1487 814 1528 842 et
1559 819 1657 857 qua-

229 887 328 917 tuor
358 878 558 920 vindictas
589 897 700 922 meas
731 882 954 937 pessimas,
995 882 1289 936 romphaeam,
1332 892 1374 921 et
1402 881 1581 930 samem,
1615 890 1655 918 et

228 953 378 994 bestias
421 957 643 1011 pessimas,
690 971 730 999 et
774 971 958 1000 mortem
1007 957 1223 998 immisero
1272 957 1316 997 in
1360 958 1654 998 Jerusalem:“

226 1046 302 1070 nos
334 1031 520 1074 indicans
551 1035 808 1086 Jerusalem,
855 1037 927 1092 qui
965 1048 1187 1092 peccantes
1223 1035 1394 1090 quidem
1425 1052 1500 1075 nos
1532 1035 1653 1074 Jeru-

226 1107 355 1147 salem
387 1125 550 1160 sumus,
593 1128 697 1167 quae
730 1113 979 1164 destruitur3
1019 1113 1061 1153 in
1092 1111 1328 1168 praeceptis
1359 1128 1459 1151 vero
1492 1127 1653 1166 perma-

225 1196 392 1235 nentes,
422 1187 657 1228 Jerusalem
689 1189 882 1238 dicimur,
914 1205 1019 1244 quae
1050 1189 1244 1229 salvatur.
1305 1188 1464 1229 Omnes
1495 1189 1651 1227 lamen-

223 1260 423 1312 tationes,
455 1279 555 1317 quas
586 1264 761 1316 legimus
792 1264 835 1304 in
863 1265 1118 1314 Jerusalem,
1160 1281 1305 1305 omnes
1348 1263 1652 1319 querimoniae,

225 1338 374 1392 quibus
407 1355 498 1380 eam
527 1340 688 1395 plangit
717 1341 860 1391 Deus,
900 1342 952 1382 ad
981 1359 1059 1383 nos
1089 1342 1325 1398 pertinent,
1369 1342 1441 1397 qui
1471 1341 1649 1393 gustavi-

222 1431 313 1455 mus
342 1432 581 1457 sermonem
611 1418 709 1467 Dei,
748 1430 788 1458 et
817 1429 964 1474 postea
993 1418 1199 1459 mandatis
1232 1418 1318 1475 ejus
1352 1418 1558 1459 contraria
1589 1419 1650 1458 se-

222 1492 366 1534 cimus.
436 1495 534 1535 Non
571 1494 774 1549 plectitur
813 1495 1057 1536 Salomonis
1096 1495 1187 1552 jura
1227 1508 1521 1545 contemnens,
1563 1512 1647 1535 non

218 1568 277 1610 sic
314 1570 489 1625 punitur
525 1571 703 1629 Lycurgi
745 1571 847 1612 scita
891 1572 1132 1613 destituens.
1214 1571 1346 1612 Aliud
1390 1572 1646 1627 supplicium

220 1658 281 1686 est
311 1646 422 1702 ejus,
455 1648 527 1702 qui
559 1649 695 1700 legem
724 1648 809 1688 Dei
838 1666 915 1704 per
943 1650 1096 1689 BIosen
1127 1649 1324 1689 traditam
1356 1649 1576 1689 conculcat
1607 1660 1643 1687 ct

218 1722 417 1777 despicit:
459 1724 640 1764 maxima
679 1724 868 1765 omnium
909 1737 968 1765 est
1000 1725 1088 1782 ejus
1118 1742 1279 1781 poena,
1322 1726 1393 1780 qui
1422 1736 1646 1779 praecepta

216 1799 292 1839 filii
336 1799 422 1840 Dei
458 1817 538 1856 pro
579 1800 714 1841 nihilo
756 1802 932 1843 duxerit.
992 1802 1196 1852 „Irritam
1221 1802 1262 1856 ³)
1302 1801 1414 1842 enim
1457 1800 1548 1856 quis
1587 1802 1647 1840 sa-

216 1877 327 1916 eiens
358 1876 494 1929 legem
523 1878 680 1928 Mosis‚
720 1879 808 1919 sine
847 1879 936 1920 ulla
975 1880 1244 1921 miseratione
1277 1880 1442 1920 duobus
1477 1878 1541 1918 vel
1572 1877 1645 1918 tri-

214 1953 290 1993 bus
320 1953 498 1994 testibus
527 1955 727 1995 moritur:
772 1967 927 2010 quanto
958 1957 1086 2008 magis
1117 1956 1272 2012 putatis
1305 1956 1515 1995 deteriora
1545 1971 1642 2009 sup—

212 2029 340 2083 plicia
369 2031 524 2071 mereri
562 2031 709 2082 illum,
752 2032 824 2087 qui
863 2032 999 2073 filium
1027 2033 1113 2073 Dei
1152 2031 1525 2073 conculcaverit?“
1585 2031 1642 2071 Hi

213 2122 326 2158 ergO,
358 2124 463 2163 quos
495 2108 843 2159 enumeravimus,
874 2109 1009 2150 filium
1038 2110 1124 2151 Dei
1153 2127 1238 2150 non
1270 2109 1639 2157 conculcaverunt,

212 2184 286 2223 sed
317 2196 478 2225 tantum
503 2185 639 2238 legem
668 2186 754 2226 Dei
783 2186 1024 2238 transgressi
1051 2186 1093 2242 ⁴)
1133 2198 1247 2236 sunt,
1287 2185 1552 2240 maximeque
1583 2184 1640 2233 hi,

213 2260 286 2315 qui
317 2273 411 2301 ante
442 2264 670 2303 adventum
698 2263 877 2303 Domini
907 2264 1089 2304 fuerunt.
1151 2265 1237 2305 Sed
1275 2280 1414 2319 neque
1455 2262 1523 2311 hi,
1568 2261 1638 2317 qui

213 2337 506 2399 crucifixerunt
535 2340 800 2381 salvatorem
829 2357 992 2391 meum,
1037 2341 1098 2381 rei
1130 2353 1225 2381 sunt
1255 2340 1430 2393 ingentis
1462 2354 1638 2394 poenae,

210 2413 317 2454 sicut
344 2415 400 2464 hi,
435 2415 584 2471 quibus
615 2416 673 2457 ait
702 2417 957 2472 Apostolus:
989 2417 1162 2468 „filium
1182 2418 1221 2475 ⁵)
1254 2418 1338 2459 Dei
1371 2417 1636 2465 conculcans,

209 2490 375 2545 spiritui
414 2492 566 2544 gratiae
610 2495 911 2535 contumeliam
950 2494 1166 2535 faciens:“
1216 2506 1256 2535 et
1302 2495 1337 2535 si
1378 2488 1479 2551 qui‘d
1519 2492 1633 2533 aliud

325 2658 365 2715 ¹)
398 2659 483 2701 Cfr.
513 2661 555 2700 ΙΙ
577 2660 690 2701 Petr.
722 2662 777 2711 II,
809 2661 875 2703 21.
997 2662 1038 2718 2)
1069 2663 1219 2704 Ezecli.
1251 2663 1367 2712 XlV,
1397 2662 1463 2705 21.

321 2729 364 2784 ³)
396 2729 524 2770 Hebr.
555 2730 609 2779 X,
640 2729 708 2773 28.
741 2730 809 2774 29.
874 2719 897 2743 ·

322 2801 365 2856 ⁴)
396 2799 507 2841 Edd.
535 2800 726 2841 Merlini:
760 2801 929 2855 ingressi
956 2814 1062 2844 sunt.

321 2871 363 2926 5)
395 2870 522 2912 Hebr.
557 2870 611 2920 Χ,
642 2869 709 2914 29.
