1759 3134
631 144 829 186 HommA
861 143 914 183 ΙΙ.
1397 144 1480 188 269

65 255 118 295 de
147 253 186 309 ¹)
224 254 354 310 patris
382 255 579 296 matrisve
610 256 786 306 affectu,
827 265 868 295 et
899 253 1140 305 considera,
1172 255 1340 310 qualem
1371 255 1480 296 circa

64 347 303 371 sermonem
338 331 423 370 Dei
469 343 509 372 et
546 333 648 373 Jesu
683 332 833 372 habeas
876 331 1110 372 caritatem:
1151 331 1291 373 statim
1331 333 1480 388 (lepre-

65 407 234 458 hendes,
263 407 392 460 magis
420 418 462 447 te
492 408 627 448 filium
658 419 728 448 aut
756 408 889 448 filiam
920 408 1108 460 diligere,
1139 426 1264 464 quam
1288 411 1479 460 verbum,

65 485 194 537 magis
220 497 262 525 te
292 496 483 539 parentes
513 501 663 534 amare,
696 500 819 539 quam
851 484 1074 526 Christum.
1137 485 1243 538 Quis
1273 499 1393 542 putas
1423 489 1481 528 ita

65 561 236 616 proficit
267 577 314 600 ex
345 561 481 610 nobis,
510 573 557 602 ut
584 561 855 617 praecipuam
885 571 926 600 et
948 560 1130 615 primam
1149 561 1314 619 inter2)
1340 565 1481 605 omnia

66 637 270 677 sermonis
309 638 393 677 Dei
429 637 579 677 habeat
619 636 859 678 caritatem?
934 637 1021 691 Qui
1065 638 1108 679 in
1154 641 1339 679 secundo
1381 641 1478 681 loco

66 714 220 754 liberos
258 714 418 769 ponat?
489 714 613 753 Juxta
652 714 762 754 hunc
800 715 979 754 modum
1017 731 1110 755 ama
1146 733 1322 757 uxorem
1350 728 1479 758 tuam.

66 791 252 841 „Nullus
274 791 316 846 3)
359 790 513 846 quippe
552 790 777 845 aliquando
817 808 935 832 suam
966 809 1132 833 carnem
1164 793 1265 833 odio
1297 794 1484 844 habuit‚“

68 869 144 908 sed
173 879 282 908 amat
309 879 357 907 ut
387 883 575 907 carnem:
613 879 691 918 „et
713 867 754 923 ¹²)
789 881 931 919 erunt,
970 869 1128 925 inquit,
1171 871 1254 910 duo
1286 871 1329 911 in
1362 887 1483 912 carne

64 951 205 994 una,“
243 956 284 984 et
322 960 408 984 non
448 943 492 984 in
530 960 615 984 uno
657 945 819 1000 spiritu,
877 947 986 987 Ama
1017 958 1058 987 et
1086 947 1250 998 Deum,
1289 950 1364 989 sed
1394 965 1487 989 ama

67 1021 215 1070 illum,
261 1037 347 1061 non
390 1031 436 1060 ut
476 1037 641 1061 carnem
685 1033 726 1062 et
763 1022 1026 1075 sanguinem,
1068 1025 1145 1064 sed
1187 1036 1234 1065 ut
1277 1025 1485 1081 spiritum.

67 1098 193 1153 „Qui
219 1099 260 1153 5)
301 1097 414 1138 enim
451 1099 648 1138 adhaeret
675 1099 797 1149 Deo,
840 1117 948 1140 unus
985 1099 1154 1155 spiritus
1196 1109 1296 1143 cst.“
1355 1105 1487 1156 Igitur

69 1176 260 1217 ordinata
300 1187 362 1216 est
400 1175 546 1216 caritas
583 1175 627 1215 in
665 1175 875 1230 perfectis.
934 1176 994 1217 Ut
1031 1189 1172 1219 autem
1213 1192 1312 1235 post
1341 1181 1485 1221 Deum

69 1253 194 1294 etiam
223 1253 333 1293 inter
363 1269 440 1293 nos
471 1253 578 1292 ordo
608 1264 813 1307 ponatur,
844 1253 1028 1308 primum
1058 1256 1302 1297 mandatum
1336 1269 1408 1308 est,
1438 1270 1486 1298 ut

69 1330 288 1383 diligamus
318 1341 533 1385 parentes,
568 1330 800 1369 secundum
829 1341 876 1370 ut
905 1331 1030 1382 filios,
1061 1332 1233 1373 tertium
1262 1345 1310 1373 ut
1339 1336 1488 1375 dome-

68 1407 194 1448 sticos
222 1418 400 1447 nostros.
461 1406 508 1447 Si
546 1417 684 1445 autem
723 1406 834 1445 filius
863 1408 998 1447 malus
1039 1420 1119 1459 est,
1160 1422 1201 1450 et
1231 1411 1487 1453 domesticus

67 1485 218 1534 bonus,
250 1483 504 1524 domesticus
534 1482 578 1522 in
609 1482 778 1523 caritate
808 1483 887 1523 filii
921 1484 1170 1527 collocetur.
1229 1487 1284 1528 Et
1314 1488 1371 1529 ita
1399 1490 1487 1540 fiet,

67 1574 115 1603 ut
157 1573 398 1602 sanctorum
440 1559 632 1600 ordinata
669 1559 722 1600 sit
762 1560 920 1602 caritas.
990 1562 1192 1615 ‘Magister
1233 1582 1404 1621 quoque
1445 1580 1486 1608 et

68 1638 264 1680 dominus
300 1649 445 1678 noster
484 1637 527 1677 in
568 1637 783 1689 evangelio
822 1650 1049 1693 praecepta
1089 1640 1141 1679 de
1181 1641 1350 1682 caritate
1389 1659 1489 1684 con-

67 1716 261 1765 stituens,
301 1716 354 1756 ad
390 1713 715 1771 uniuscujusque
755 1714 1029 1755 dilectionem
1065 1718 1290 1772 proprium
1327 1719 1488 1776 aliquid

69 1792 286 1848 apposuit,
320 1803 360 1832 et
390 1791 508 1831 dedit
536 1790 855 1843 intelligentiam
887 1792 1043 1833 ordinis
1073 1793 1159 1845 his,
1202 1796 1274 1850 qui
1311 1809 1489 1852 possunt

68 1869 213 1911 audire
245 1868 509 1924 Scripturam
550 1867 779 1908 dicentem:
822 1869 1051 1918 „ordinate
1076 1872 1118 1927 6)
1157 1870 1201 1911 in
1240 1889 1308 1913 me
1346 1874 1491 1915 carita-

68 1952 198 1987 tem.“
256 1945 453 1997 „Diliges
478 1946 518 2002 ⁷)
550 1945 787 1986 Dominum
815 1946 959 1986 Deum
996 1959 1118 1988 tuum
1158 1965 1206 1988 ex
1234 1961 1328 1990 toto
1362 1953 1490 1993 corde

69 2035 168 2073 tuo,
211 2034 252 2063 et
284 2038 331 2063 ex
361 2033 451 2062 tota
480 2034 622 2063 mente
652 2034 745 2071 tua,
788 2034 828 2063 et
868 2040 916 2064 ex
945 2035 1035 2064 tota
1066 2025 1202 2066 anima
1235 2037 1330 2078 tua,
1371 2041 1412 2069 et
1443 2046 1492 2070 ex

68 2112 160 2141 tota
195 2100 349 2140 virtute
386 2104 500 2140 tua.“
558 2099 613 2139 Et
652 2100 837 2152 „diliges
860 2101 902 2157 Ἐς)
943 2102 1186 2156 proximum
1224 2115 1345 2144 tuum
1384 2106 1493 2147 sicut

70 2189 112 2217 te
142 2177 323 2233 ipsum.“
381 2177 479 2217 Non
508 2175 749 2231 proximum
783 2193 830 2217 ex
860 2189 952 2218 toto
987 2180 1128 2230 corde,
1160 2197 1208 2220 ex
1231 2193 1322 2222 tota
1343 2183 1492 2234 anima,

72 2265 116 2294 et
160 2270 209 2294 ex
252 2265 342 2294 tota
386 2252 563 2302 virtute,
610 2264 650 2294 et
694 2269 742 2294 ex
779 2266 869 2295 tota
906 2268 1060 2297 mente.
1132 2258 1291 2300 Rursus
1333 2260 1491 2316 inquit:

73 2328 272 2382 „diligite
299 2330 340 2384 ⁹)
377 2328 571 2370 inimicos
601 2337 822 2372 vestros:“
864 2344 904 2373 et
932 2349 1018 2373 non
1058 2335 1277 2390 apposuit:
1320 2353 1367 2378 ex
1396 2349 1490 2378 toto

194 2537 233 2589 ¹)
263 2536 372 2577 Edd.
403 2537 597 2579 Merlini:
645 2541 696 2581 de
735 2542 864 2596 patris
904 2544 1047 2585 matris
1087 2544 1277 2585 fratrisve
1315 2546 1495 2586 affectu:

73 2593 318 2642 considera,
348 2593 515 2648 qualem
547 2607 624 2636 etc.

189 2663 236 2716 ²)
265 2663 374 2703 Edd.
406 2663 601 2704 Merlini:
637 2665 746 2707 inter
777 2684 934 2711 omnes.

189 2731 232 2787 3)
262 2731 416 2787 Ephes.
448 2734 498 2782 V,
529 2733 595 2776 29.
717 2735 758 2791 ⁴²)
788 2737 941 2793 Ephes.
972 2740 1023 2790 V,
1053 2739 1120 2783 31.

192 2803 236 2854 ⁵)
269 2803 288 2842 I
310 2801 407 2843 Cor.
431 2803 504 2852 VI,
526 2803 590 2846 17.
675 2806 717 2859 6)
753 2806 910 2851 Cantic.
936 2810 992 2859 II,
1017 2809 1057 2851 4.
1139 2810 1183 2865 ⁷)
1214 2812 1341 2851 Deut.
1363 2813 1435 2861 VI,
1458 2812 1496 2853 5.

192 2871 235 2926 s)
268 2872 417 2912 Matth.
449 2872 590 2923 XXII,
622 2873 689 2917 39.
812 2877 853 2932 ⁹)
883 2878 1034 2920 Matth.
1067 2883 1117 2931 V,
1149 2880 1215 2922 44.
