1759 3134
212 138 294 183 426
503 139 721 182 omfflzms
750 154 796 183 m
828 143 1008 184 Cmric.
1043 143 1343 185 CAN'ricomm

216 251 381 293 viderit.
442 252 498 292 Et
528 253 659 305 magis
694 255 869 296 fortasse
901 255 982 296 hoc
1024 255 1081 297 ita
1113 271 1199 297 esse
1239 255 1365 297 etiam
1404 254 1476 295 ille
1506 271 1643 296 sermo

225 330 467 379 confirmet,
511 330 582 387 qui
616 331 691 372 ait:
741 332 899 382 „multi
920 333 958 388 ¹)
988 332 1089 390 justi
1121 333 1460 375 desideraverunt
1490 332 1648 384 videre,

223 423 328 464 quae
359 407 533 458 videtis,
584 420 624 449 et
652 425 738 450 non
770 410 986 451 viderunt:
1034 422 1074 454 et
1113 411 1283 462 audire,
1329 426 1434 466 quae
1479 409 1645 459 auditis,

223 495 264 525 et
302 500 388 525 non
419 484 691 527 audierunt.“
753 487 957 541 Quamvis
997 504 1074 529 nec
1115 488 1199 529 illis
1235 487 1425 544 potuerit
1463 486 1644 528 defuisse

221 561 428 617 perfectio
469 562 638 603 veniens
681 579 730 604 ex
766 564 864 606 fide.
933 565 1052 620 Quae
1093 565 1205 607 enim
1246 581 1323 607 nos
1362 565 1471 604 facta
1512 563 1646 605 credi-

221 656 335 689 mus,
381 640 482 681 haec
522 639 585 680 illi
624 639 784 698 majore
834 659 929 684 cum
971 642 1283 699 exspectatione
1322 643 1464 683 futura
1503 642 1645 683 crede-

220 718 334 758 bant.
395 717 514 759 Sicut
554 734 652 771 ergo
694 734 742 759 ex
786 721 966 762 adventu
998 720 1151 763 Christi
1193 720 1409 762 credentes
1446 719 1649 776 praeteri-

220 806 363 836 torum
395 795 512 845 fides,
543 795 599 836 ita
632 807 671 837 et
701 795 800 838 illos
831 797 1074 840 futurorum
1105 800 1157 840 ad
1188 813 1395 839 summam
1419 796 1650 854 perfectio-

222 873 285 914 nis
316 872 501 914 adduxit.
551 872 682 927 Quod
714 873 747 914 si
778 876 831 916 ad
864 892 1202 933 unamquamque
1233 875 1412 916 animam
1443 875 1650 916 referatur

225 949 448 1006 expositio,
479 949 705 1001 videbitur,
736 953 851 1008 quod
885 954 1020 994 donec
1050 953 1225 1009 parvula
1256 963 1314 993 est
1348 952 1484 993 adbuc
1514 951 1648 993 anima

227 1040 268 1068 et
298 1027 568 1084 imperfecta,
612 1039 652 1069 et
682 1030 758 1069 sub
790 1030 1001 1071 tutoribus
1042 1042 1082 1071 et
1122 1030 1469 1086 procuratoribus
1499 1030 1651 1087 posita,

225 1105 312 1146 sive
356 1105 601 1145 doctoribus
642 1106 866 1156 ecclesiae,
919 1107 1006 1147 sive
1046 1106 1225 1159 angelis,
1268 1108 1340 1163 qui
1377 1109 1653 1164 parvulorum

228 1183 422 1224 custodes
465 1198 552 1223 esse
595 1182 815 1234 dicuntur,
862 1195 903 1225 et
948 1184 1091 1225 videre
1132 1201 1300 1240 semper
1331 1184 1482 1225 faciem
1512 1184 1654 1240 patris,

226 1263 300 1319 qui
330 1261 372 1302 in
405 1260 535 1302 coelis
568 1272 642 1311 est,
673 1260 969 1303 similitudines
999 1261 1088 1303 auri
1119 1263 1225 1302 fiunt
1256 1262 1307 1312 ei,
1339 1279 1469 1318 quum
1485 1278 1570 1302 non
1589 1278 1655 1302 so-

228 1340 323 1381 lidis
356 1351 397 1380 et
426 1338 609 1379 fortibus
640 1339 766 1380 alitur
796 1340 915 1381 verbi
945 1340 1029 1381 Dei
1061 1340 1176 1389 cibis,
1207 1341 1282 1380 sed
1311 1339 1656 1381 simiiitudinibus

227 1418 445 1467 imbuitur,
475 1417 593 1458 velut
622 1415 656 1457 si
688 1416 889 1468 dicamus,
919 1418 1133 1474 parabolis
1166 1429 1207 1459 et
1237 1418 1439 1473 exemplis
1466 1418 1655 1467 docetur,

226 1514 305 1554 pro
339 1496 490 1552 quibus
531 1506 572 1536 et
612 1495 702 1551 ipse
732 1495 920 1536 Christus
961 1496 1173 1551 dicitur-²)
1216 1507 1349 1537 aetate
1391 1511 1577 1536 crescere
1617 1507 1657 1535 et

227 1573 428 1631 sapientia
460 1585 502 1614 et
531 1572 661 1625 gratia
691 1574 803 1628 apud
837 1574 980 1614 Deum
1012 1585 1052 1614 et
1082 1573 1288 1615 homines.
1348 1575 1397 1614 In
1442 1572 1527 1613 illis
1557 1589 1656 1625 ergo

228 1651 576 1696 similitudinibus
606 1649 834 1700 imbuitur,
867 1663 908 1692 et
938 1653 1044 1693 fiunt
1070 1651 1107 1692 ei
1136 1651 1337 1707 parvulae
1369 1650 1659 1691 distinctiones

229 1731 399 1787 argenti.
465 1728 724 1786 Aperiuntur
755 1729 867 1769 enim
908 1729 1124 1770 interdum
1155 1740 1195 1770 et
1225 1729 1311 1779 his,
1361 1728 1435 1784 qui
1465 1728 1661 1769 imbuun-

227 1824 318 1861 tur,
364 1825 492 1866 parva
523 1807 664 1862 aliqua
709 1818 750 1846 et
783 1823 873 1847 rara
913 1808 965 1847 de
1004 1807 1302 1849 secretioribus
1341 1804 1570 1863 mysteriis,
1615 1817 1662 1845 ut

230 1888 487 1931 desiderium
528 1884 771 1940 concipiant
807 1884 1032 1942 majorum,
1091 1887 1239 1941 Neque
1280 1883 1391 1925 enim
1433 1882 1659 1924 desiderari

230 1967 332 2025 quid
360 1977 526 2023 potest,
570 1962 603 2003 si
638 1961 805 2017 penitus
843 1962 1075 2015 ignoretur.
1134 1963 1190 2004 Et
1230 1963 1390 2017 ide03)
1421 1960 1660 2017 incipienti·

228 2048 305 2087 bus
338 2056 379 2085 et
408 2041 556 2100 primis
586 2040 630 2080 in
663 2039 972 2081 eruditionibus
1011 2040 1180 2096 positis,
1228 2041 1338 2081 sicut
1365 2056 1451 2081 non
1481 2051 1577 2080 sunt
1606 2040 1660 2079 ad

231 2123 418 2165 subitum
449 2130 598 2162 cuncta
626 2119 870 2175 pandenda,
909 2119 967 2159 ita
996 2135 1134 2174 neque
1164 2119 1331 2174 penitus
1362 2117 1656 2158 abscondenda

230 2213 327 2244 sunt
365 2196 597 2255 spiritualia
635 2196 859 2255 mysteria:
900 2197 996 2246 sed,
1041 2206 1089 2235 ut
1117 2195 1175 2236 ait
1202 2211 1341 2236 sermo
1374 2194 1565 2244 divinus,
1596 2195 1654 2235 fa-

232 2279 404 2321 ciendae
444 2286 539 2317 sunt
580 2273 628 2314 iis
670 2273 958 2314 distinctiones
997 2272 1180 2324 argenti,
1226 2284 1267 2312 et
1298 2272 1502 2313 scintillae
1534 2289 1657 2329 quae-

234 2360 330 2399 dam
359 2351 587 2411 spiritualis·
619 2351 921 2403 intelligentiae
951 2350 1099 2391 animis
1127 2366 1275 2390 eorum
1299 2349 1527 2391 initiandae
1550 2362 1658 2400 sunt,

234 2447 281 2476 ut
310 2444 475 2487 gustum
508 2430 825 2486 quodammodo
865 2428 1164 2469 desiderandae
1205 2427 1438 2469 dulcedinis
1479 2440 1656 2477 sumant,

238 2530 313 2562 ne,
343 2523 391 2551 ut
423 2508 623 2557 diximus,
655 2506 688 2547 si
718 2506 884 2562 penitus
914 2506 1152 2559 ignoretur,
1181 2523 1259 2546 nec
1291 2506 1464 2546 omnino
1498 2505 1660 2547 deside·

237 2603 365 2633 retur.
424 2588 585 2628 Verum
615 2586 732 2641 quod
760 2586 980 2640 parvulam
1008 2584 1274 2625 nominamus
1306 2583 1501 2634 animam,
1533 2599 1659 2624 nemo

240 2670 297 2711 ita
326 2664 525 2722 accipiat,
562 2662 679 2719 quasi
708 2663 940 2704 secundum
970 2662 1242 2704 substantiam
1275 2662 1450 2718 parvula
1481 2661 1663 2702 dicatur:

967 2736 984 2758 Ο

365 2835 406 2891 ¹)
437 2833 587 2875 Matth.
617 2832 739 2881 XIII,
771 2831 835 2875 17.
955 2832 997 2888 ²)
1031 2833 1118 2875 Cfr.
1149 2833 1250 2874 Luc.
1284 2831 1339 2881 ῘῙ,
1373 2830 1439 2875 52.

360 2906 404 2959 3)
435 2904 568 2944 Deest
598 2901 770 2951 ‚,ideo“
801 2902 843 2944 in
875 2903 969 2944 edd.
1000 2903 1061 2944 M.
