1759 3134
685 122 827 161 Lissssit
861 121 910 161 11.
1425 115 1506 158 433

85 253 180 277 eum
210 236 439 275 fraternum
470 249 590 273 suum
621 248 785 287 sponsa,
818 242 858 271 et
876 230 1058 271 nominis
1076 231 1195 287 hujus
1214 229 1501 286 appellatione

81 330 158 368 per
187 323 324 351 totum
354 325 461 365 pene
494 308 629 348 libelli
659 319 818 348 textum
849 308 1091 362 frequenter
1132 308 1285 356 utitur,
1326 304 1498 356 dignum

80 399 206 444 puto,
237 398 283 426 ut
313 386 427 441 prius
458 384 716 440 requiramus
747 384 1045 439 appellationis
1077 384 1205 439 ipsius
1237 399 1424 430 causam,
1457 391 1498 420 et

81 463 205 519 quid,
246 462 313 502 vel
343 463 454 502 unde
485 463 690 502 fraternus
722 460 896 510 dicitur,
940 477 1208 517 exponamus.
1269 461 1496 501 Fraternus

78 540 317 595 appellatur
365 538 500 578 fratris
545 538 667 579 filius.
737 538 1034 593 Requiramus,
1080 537 1228 593 quis¹)
1267 537 1319 576 sit
1358 534 1496 590 primo

77 618 204 656 frater
233 632 430 671 sponsae,
469 615 583 673 cujus
617 615 682 656 hic
712 615 823 655 filius
854 616 1064 656 habeatur.
1123 615 1256 664 Vide,
1287 613 1319 653 si
1349 627 1493 667 possu-

76 711 168 734 mus
209 693 370 743 dicere,
415 693 665 748 sponsam²)
705 692 875 747 quidem
919 710 966 733 ex
1005 692 1195 745 gentibus
1236 707 1322 742 esse
1363 688 1497 729 ecele-

76 771 201 820 siam,
245 771 417 810 fratrem
454 785 554 809 vero
595 768 681 826 ejus
720 768 909 824 priorem
938 771 1149 826 populum
1180 769 1278 824 ct3)
1309 768 1494 812 fratrem,

76 859 122 888 ut
152 864 216 887 res
247 846 414 896 indicat,
446 845 667 885 seniorem.
729 845 842 899 Quia
874 863 970 899 ergo
1005 863 1051 887 ex
1083 847 1160 886 illo
1192 846 1357 902 populo
1377 841 1495 884 Chri-

75 936 159 964 stus
189 924 419 964 secundum
451 938 617 962 carnem
659 922 864 973 nascitur,
913 925 968 964 ob
999 924 1080 964 hoc
1111 924 1162 963 ab
1194 921 1370 962 ecclesia
1399 935 1494 971 gen-

77 1000 181 1040 tium
213 999 347 1040 fratris
377 998 488 1038 filius
518 999 766 1054 appellatur.
823 999 955 1053 Quod
986 1017 1083 1052 crgo
1116 1000 1192 1040 ait:
1224 999 1494 1050 „alligamen-

74 1078 220 1132 tum4)
252 1087 389 1128 guttae
421 1076 626 1115 fraternus
655 1092 772 1116 meus
803 1076 966 1116 mihi1“
1007 1093 1238 1132 corporeae
1267 1072 1494 1115 nativitatis

75 1154 162 1209 ejus
201 1153 356 1194 indicat
395 1163 710 1193 sacramentum.
780 1152 961 1194 Videtur
1009 1154 1120 1194 enim
1171 1152 1490 1209 quodammodo

72 1231 386 1282 alligamentum
417 1245 502 1270 esse
535 1240 576 1269 et
615 1228 831 1269 vinculum
871 1231 1086 1284 quoddam
1125 1230 1286 1272 animae
1326 1245 1492 1285 corpus,

73 1308 188 1363 quod
207 1307 522 1359 alligamentum
538 1318 652 1358 gutta
674 1305 717 1346 in
729 1306 894 1347 Christo
918 1307 1083 1348 divinae
1106 1308 1268 1348 virtutis
1290 1324 1336 1347 ac
1358 1305 1494 1347 suavi-

71 1386 165 1426 tatis
183 1384 462 1437 adstringitur.
506 1383 552 1425 Si
568 1395 708 1424 autem
728 1384 781 1423 ad
803 1400 1143 1440 unamquamque
1164 1385 1357 1433 animam,
1389 1399 1493 1438 quae

72 1463 182 1503 dicta
210 1473 326 1511 sunt,
366 1462 624 1510 reseruntur,
664 1459 882 1512 alligatura
913 1473 1052 1514 guttae
1083 1463 1327 1514 dogmatum
1358 1459 1493 1501 conti-

69 1539 235 1580 nentiae
254 1539 294 1595 ⁵)
329 1537 585 1587 constrictio,
617 1553 664 1577 ae
695 1536 931 1578 divinarum
954 1539 1253 1579 sententiarum
1278 1537 1495 1579 nodositas

70 1615 331 1668 intelligitur.
391 1616 569 1655 Innexae
611 1614 723 1655 enim
762 1614 841 1654 sibi
882 1615 1062 1655 invicem
1101 1628 1196 1656 sunt
1225 1615 1326 1656 fidei
1364 1615 1493 1655 ratio-

71 1710 167 1744 nes,
215 1704 255 1733 et
294 1692 471 1732 vinculis
510 1691 694 1732 veritatis
740 1693 972 1733 adstrictae.
1039 1693 1236 1748 Denique
1285 1704 1326 1733 et
1367 1692 1490 1746 lexss)

70 1771 276 1810 mundum
307 1769 410 1810 dicit
439 1784 524 1809 esse
557 1784 682 1809 omne
712 1785 795 1820 vas,
827 1770 942 1825 quod
965 1769 1180 1822 alligatum
1205 1781 1278 1820 est,
1309 1770 1492 1810 immun—

72 1849 173 1888 dum
205 1863 328 1896 vero,
376 1847 492 1902 quod
521 1846 710 1886 solutum
740 1846 889 1896 suerit,
932 1858 972 1887 et
1000 1864 1086 1888 non
1117 1848 1302 1900 ligatum.
1364 1846 1492 1905 Cujus

70 1924 132 1964 rei
162 1925 264 1965 haec
293 1924 423 1976 figura
453 1934 561 1973 erat,
599 1923 716 1979 quod
747 1922 948 1973 Christus,
978 1923 1021 1965 in
1053 1942 1136 1980 quo
1166 1941 1381 1981 nunquam
1412 1923 1494 1964 fuit

69 2002 157 2042 ulla
189 2000 456 2041 immunditia
484 2000 660 2056 peccati,
695 1999 1010 2052 alligamentum
1041 2013 1180 2053 guttae
1212 2002 1377 2044 dicitur.
1436 2001 1492 2041 Et

68 2078 166 2119 ideo
222 2078 359 2118 anima
406 2095 492 2119 non
542 2079 668 2118 debet
719 2077 961 2130 contingere
1011 2077 1173 2133 aliquid
1226 2079 1492 2127 dissolutum,

71 2167 112 2196 et
142 2156 257 2209 quod
287 2171 371 2195 non
401 2155 454 2196 sit
490 2154 653 2194 ratione
683 2155 928 2206 subnixum,
971 2167 1012 2196 et
1043 2157 1288 2207 dogmatum
1319 2154 1494 2195 veritate

74 2231 368 2281 constrictum,
413 2248 466 2272 ne
512 2231 729 2272 immunda
776 2232 859 2273 fiat.
932 2232 1019 2287 Qui
1069 2232 1180 2272 enim
1226 2231 1493 2272 immundmn

76 2308 319 2362 contigerit,
357 2308 597 2350 immundus
628 2308 707 2350 erit
735 2311 968 2351 secundum
999 2311 1147 2364 legem.
1166 2310 1205 2366 7)
1268 2307 1492 2361 Continget

194 2519 235 2575 ¹)
267 2519 376 2559 Edd.
408 2519 469 2560 M.
503 2551 527 2569 ‚,
543 2519 656 2575 quid.
670 2526 694 2544 “
812 2520 855 2575 2)
885 2521 993 2563 Edd.
1025 2522 1088 2562 M.
1120 2526 1405 2575 „sponsum.“

192 2589 236 2643 ³)
267 2588 376 2629 Edd.
408 2589 468 2629 Μ.
501 2601 578 2639 „et
607 2590 781 2631 fratrem
810 2590 967 2633 indicat
995 2591 1140 2647 utique
1170 2590 1430 2631 seniorem.“

193 2659 235 2713 ⁴)
268 2658 425 2699 Cantic.
458 2659 491 2709 I,
524 2659 588 2703 13.

192 2728 234 2782 ⁵)
265 2728 373 2769 Edd.
405 2729 466 2769 M.
507 2729 845 2779 „continentiam
893 2743 934 2772 ct
974 2730 1218 2773 constrictio
1260 2731 1494 2772 divinarum

75 2783 376 2825 sententiarum
407 2801 453 2825 ac
482 2785 735 2827 nodositas“
767 2799 844 2829 etc.

197 2854 239 2910 ὃ)
271 2853 358 2895 Cfr.
389 2854 522 2896 Levit.
552 2856 670 2896 VIII.
793 2858 834 2914 ⁷)
867 2859 951 2901 Csr.
985 2859 1117 2900 Levit.
1152 2859 1226 2900 XI.

84 2931 306 2974 Officii-:ms
330 2931 502 2975 OPERA.
548 2932 801 2975 Tom.XlV.
1085 2935 1140 2978 28
