1759 3134
725 131 867 170 Lmen
900 131 953 172 ΙῘ.
1357 131 1361 133 ’
1465 128 1548 172 393

860 200 889 238 9
935 192 948 211 0

125 244 298 291 habent,
347 252 635 297 competenter
673 257 823 296 sponsa
851 239 1178 296 uniuscujusque
1210 239 1420 280 sodalium
1452 256 1544 292 gre-

127 336 218 372 gem
249 335 445 375 sponsam
476 318 562 375 ejus
600 316 779 372 intelligi
818 317 976 368 voluit,
1025 334 1150 374 quam
1191 319 1437 374 adopertam
1469 334 1548 359 no—

125 396 309 438 minavit.
355 396 441 437 Sed
472 394 670 451 quoniam
703 406 819 436 certa·
845 406 944 444 erat,
977 396 1092 452 quod
1122 411 1250 451 super
1276 411 1420 436 omnes
1450 395 1544 436 illas

126 475 215 530 ipsa
234 474 271 530 ¹)
306 483 422 522 esset,
452 488 538 513 non
569 473 661 513 vult
689 471 837 513 similis
868 471 1003 513 videri
1030 471 1156 513 alicui
1179 472 1361 523 illarum,
1392 484 1546 528 utpote

127 568 229 608 quae
259 549 405 599 sciret,
443 561 605 591 tantum
643 566 685 591 se
729 550 883 590 debere
923 549 1183 605 praecellere
1212 548 1305 591 illas
1335 549 1546 592 sodalium

125 643 315 684 sponsas,
363 644 462 683 quas
491 644 643 684 sponsa
673 626 872 668 nominat
900 627 1018 668 velut
1057 627 1305 684 adopertas,
1348 638 1550 684 quantum

128 703 378 746 eminentiae
408 721 585 762 sponsus
615 721 711 746 suus
743 704 920 745 habebat
956 705 1008 745 ad
1039 704 1217 746 sodales.
1279 704 1366 746 Sed
1397 715 1439 745 et
1468 721 1548 761 pro

125 783 206 823 hoc
236 783 371 824 adhuc
403 782 616 824 videbitur
643 782 921 839 percontandi
954 797 1092 823 causas
1122 781 1328 834 habuisse,
1361 783 1551 838 quando-

126 859 299 916 quidem
331 859 434 901 boni
463 859 643 916 pastoris
674 861 752 900 scit
783 875 870 900 esse
901 858 1100 910 studium,
1131 871 1178 900 ut
1209 858 1371 915 optima
1401 857 1552 901 ovibus

120 953 274 993 pascua
303 937 507 994 requirat,
553 948 593 978 et
632 947 680 976 ut
710 935 932 978 viridantia
971 948 1095 994 atque
1128 953 1260 994 opaca
1301 951 1490 993 quaeque
1506 935 1549 990 ²)

121 1031 295 1056 nemora
327 1015 379 1056 ad
408 1014 600 1072 requiem
629 1013 852 1055 meridiani
883 1026 1018 1057 aestus
1048 1013 1245 1056 inveniat.
1297 1012 1429 1069 Quod
1447 1013 1552 1071 'qui-

123 1093 219 1134 dem
257 1092 422 1134 sodales
460 1091 603 1148 sponsi
640 1091 778 1133 facere
815 1092 1028 1143 nesciunt,
1078 1107 1156 1133 nec
1180 1091 1222 1148 3)
1262 1091 1306 1133 in
1349 1091 1551 1145 eligendis

123 1170 301 1227 pascuis,
332 1180 402 1211 aut
432 1167 627 1210 scientiae
657 1180 843 1219 tantum,
875 1180 946 1211 aut
976 1169 1219 1212 solitudinis
1237 1169 1278 1226 4)
1311 1181 1480 1223 gerunt;
1511 1181 1554 1213 et

124 1251 179 1289 ob
210 1249 292 1290 hoc
324 1245 426 1289 dicit
442 1246 504 1302 ⁵):
538 1246 820 1304 ,‚annuntiass)
850 1246 978 1298 mihi,
1008 1246 1084 1288 ubi
1116 1246 1274 1303 pascis,
1302 1247 1377 1289 ubi
1413 1247 1553 1290 cubile

123 1327 250 1367 habes
280 1325 322 1367 in
353 1323 588 1366 meridie:“
622 1323 793 1380 cupiens
822 1336 990 1381 tempus
1022 1324 1184 1366 scilicet
1212 1324 1335 1375 illud,
1368 1342 1452 1382 quo
1482 1342 1553 1368 co-

120 1403 283 1460 piosius
315 1403 484 1444 'mundo
524 1402 667 1442 lumen
706 1401 965 1454 infunditur,
1013 1418 1097 1459 quo
1137 1401 1266 1454 magis
1305 1419 1446 1444 merus
1492 1415 1552 1445 est

122 1482 222 1532 dies,
255 1493 296 1522 et
323 1479 473 1538 purior
503 1489 544 1519 et
572 1478 842 1521 florulentior
873 1491 934 1521 est
973 1479 1053 1520 lux.
1112 1479 1274 1529 „Tunc
1292 1480 1357 1533 ⁷),
1398 1478 1550 1536 inquit,

123 1559 323 1601 annuntia
351 1557 468 1607 mihi,
501 1572 526 1597 o
558 1567 618 1605 tu,
651 1572 777 1612 quem
811 1556 959 1598 dilexit
989 1555 1127 1598 anima
1157 1572 1264 1607 mea,
1299 1555 1374 1598 ubi
1403 1556 1552 1613 pascis,

122 1637 195 1678 ubi
227 1635 366 1678 cubile
397 1635 523 1676 habes
554 1634 598 1674 in
627 1634 824 1684 meridie,
853 1650 906 1675 ne
937 1635 1051 1675 forte
1082 1633 1242 1676 efficiar
1270 1645 1318 1675 ut
1347 1635 1552 1691 adoperta

120 1729 246 1771 super
294 1728 434 1766 greges
487 1710 699 1753 sodalium
745 1717 966 1755 tuorum.“
1042 1714 1167 1754 Novo
1215 1728 1326 1753 nunc
1374 1712 1547 1754 nomine

120 1807 273 1849 sponsa
323 1788 553 1847 appellavit
598 1805 810 1846 sponsum.
880 1790 1026 1832 Sciens
1078 1789 1209 1840 enim,
1276 1789 1417 1846 ipsum
1464 1806 1553 1832 esse

123 1869 255 1911 fllium
288 1867 489 1918 caritatis,
532 1866 620 1908 imo
651 1866 790 1924 ipsum
831 1884 917 1909 esse
959 1868 1195 1918 caritatem,
1238 1884 1343 1925 quae
1376 1885 1422 1909 ex
1452 1869 1550 1910 Deo

122 1959 195 1999 est,
238 1946 353 2004 quasi
393 1945 650 1987 vocabulum
689 1945 726 1986 ei
766 1945 877 1987 istud
922 1945 1090 2003 posuit:
1147 1946 1366 2003 ,‚quemS)
1407 1946 1554 1988 dilexit

120 2025 256 2066 anima
298 2040 403 2066 mea.
419 2030 443 2049 “
509 2023 566 2064 Et
603 2034 742 2065 tamen
791 2040 876 2065 non
932 2023 1059 2066 dixit:
1109 2041 1235 2081 quem
1282 2024 1430 2066 dilexi:
1478 2026 1552 2066 sed

121 2119 283 2161 „quem
315 2102 462 2144 dilexit
492 2101 629 2143 anima
658 2108 810 2143 mea:“
841 2101 974 2144 sciens
1003 2119 1090 2144 non
1133 2103 1416 2160 qualicunque
1447 2102 1553 2144 dile-

123 2181 284 2231 ctione,
331 2182 405 2223 sed
447 2196 494 2221 ex
532 2191 623 2222 tota
663 2180 821 2231 anima,
869 2192 910 2221 et
949 2181 1052 2236 ex9)
1091 2181 1191 2222 totis
1228 2181 1399 2233 viribus,
1431 2193 1473 2223 et
1504 2199 1551 2223 ex

123 2269 214 2299 toto
248 2257 376 2298 corde
415 2257 651 2300 habendam
685 2274 772 2300 esse
805 2258 1081 2301 dilectionem
1123 2259 1280 2316 sponsi.
1342 2259 1551 2316 ,‚Ubi¹⁰)

238 2399 279 2455 ¹)
309 2398 417 2440 Edd.
448 2397 648 2440 Merlini:
676 2406 917 2456 ,‚sponsa.“

236 2471 280 2524 2)
310 2469 420 2512 Edd.
452 2469 646 2510 Merlini:
687 2487 912 2528 „quaeque
942 2471 996 2514 ad
1025 2472 1213 2529 requiem
1256 2469 1432 2516 nemora
1459 2490 1548 2517 me-

123 2527 310 2571 ridiani“
343 2538 421 2569 etc.

239 2599 282 2655 ³)
312 2598 421 2639 Edd.
454 2595 647 2638 Merlini:
681 2613 798 2648 ,‚nec
827 2597 1110 2654 intelligendis
1140 2600 1347 2657 pascuiS.“

237 2669 280 2724 ⁴)
311 2668 418 2708 Edd.
450 2667 535 2718 M,
568 2679 615 2710 ut
643 2668 833 2721 videtur,
862 2671 1036 2713 rectius:
1068 2703 1093 2724 ‚,
1107 2671 1416 2714 sollicitudinis.
1434 2678 1458 2698 “

235 2739 277 2795 ⁵)
306 2738 416 2779 Edd.
448 2737 507 2779 M.
541 2738 732 2788 ‚,dixit.“
852 2740 894 2796 ⁶)
929 2741 1086 2784 Cantic.
1119 2742 1154 2792 I,
1185 2741 1222 2784 7.

235 2809 277 2865 ⁷)
310 2807 468 2850 Cantie.
500 2809 533 2859 I,
565 2809 602 2852 7.
722 2810 766 2866 8)
799 2811 958 2854 Cantic.
993 2814 1027 2864 Ι,
1059 2812 1099 2856 7.

235 2878 279 2936 ⁹)
308 2878 441 2921 Deest
469 2885 587 2931 „ex“
617 2879 660 2921 in
692 2882 788 2923 edd.
816 2883 877 2924 M.
1000 2883 1071 2940 ¹⁰)
1103 2881 1261 2927 Cantic.
1295 2882 1330 2934 I,
1362 2882 1400 2926 7.
