1759 3134
733 110 873 152 Lmen
905 110 958 150 II.
1478 106 1557 152 391

135 221 284 262 ridiem
317 221 459 262 faciat:
492 237 580 271 „ne
602 221 640 276 ¹)
671 221 803 271 forte,
834 219 989 276 inquit,
1030 219 1188 261 efficiar
1218 219 1325 260 sicut
1355 220 1559 275 adoperta

136 315 261 355 super
290 315 430 351 greges
460 297 670 339 sodalium
700 302 914 338 tuorum.“
974 296 1205 352 Quaeritur
1235 313 1356 350 ergo,
1390 297 1556 338 sodales

135 377 224 428 isti,
270 377 341 434 qui
369 377 523 417 habere
555 375 759 431 quosdam
788 389 930 427 greges
961 373 1178 425 dicuntur,
1224 387 1368 416 utrum
1396 390 1554 431 sponso

136 471 308 512 operam
339 454 495 503 dantes,
527 463 568 493 et
597 453 673 493 sub
703 451 797 508 ipso
829 451 946 492 velut
973 463 1190 508 pastorum
1210 452 1403 509 principe
1434 468 1554 505 agen-

134 545 195 574 tes
232 533 313 573 hoc
351 529 526 579 faciant,
567 528 910 586 quandoquidem
948 529 1112 570 sodales
1144 528 1231 585 ejus
1265 529 1555 571 nominantur:

133 627 184 651 an
213 607 437 666 proprium
467 606 650 663 aliquid,
696 618 738 647 et
766 618 1072 662 sequestratum
1100 607 1321 657 habentes,
1368 618 1409 647 et
1438 607 1554 663 quod

133 702 217 728 non
246 685 301 726 sit
330 701 424 726 cum
455 684 596 725 animo
627 683 794 741 sponsi:
827 684 1173 741 quandoquidem
1203 684 1357 737 refugit
1385 700 1553 740 sponsa,

133 774 175 804 et
204 774 385 813 veretur,
415 778 468 803 ne
499 763 609 803 forte
643 760 827 803 incurrat
855 761 1067 803 sodalium
1096 778 1261 815 greges,
1293 763 1395 804 dum
1424 778 1552 818 spon-

131 857 223 881 sum
252 857 375 881 suum
411 838 600 896 requirit.
660 839 746 881 Sed
777 851 818 881 et
849 840 965 896 quod
1009 839 1132 881 dixit:
1172 855 1259 889 „ne
1275 839 1317 896 ²)
1349 840 1461 881 forte
1493 840 1553 880 ef-

128 917 301 967 ficiar‚“
330 932 417 958 non
446 917 673 973 adoperta,
711 917 785 958 sed
814 916 958 967 „sicut
987 918 1250 973 adoperta:“
1280 916 1468 974 require,
1499 933 1552 958 ne

129 995 240 1036 forte
280 993 426 1035 innuat
462 1009 540 1050 per
577 993 682 1043 hoc,
730 1010 817 1034 esse
857 993 1042 1050 aliquam
1058 993 1100 1050 ³)
1140 994 1207 1035 vel
1241 993 1400 1050 aliquas
1429 994 1552 1035 soda-=

129 1070 235 1112 lium
266 1070 382 1128 quasi
411 1087 584 1126 sponsas
613 1071 813 1113 habentes
844 1071 970 1113 etiam
999 1071 1109 1128 ipsas
1149 1071 1341 1112 habitum
1380 1086 1552 1127 sponsa-

129 1150 235 1199 lem,
279 1160 320 1190 et
360 1164 447 1190 esse
488 1149 732 1205 adopertas,
774 1160 837 1199 et,
873 1149 980 1191 sicut
1010 1150 1244 1206 Apostolus
1285 1148 1408 1199 dicit,
1439 1148 1551 1189 vela-

129 1242 227 1268 men
242 1225 285 1282 4)
318 1237 358 1267 et
389 1237 643 1282 potestatem
682 1226 882 1268 habentes
923 1244 1050 1285 super
1089 1239 1226 1284 caput.
1285 1226 1342 1268 Et
1377 1238 1425 1268 ut
1465 1243 1552 1268 ma>-

129 1303 321 1357 nifcstior
350 1303 555 1345 sermonis
588 1302 709 1360 hujus
740 1304 977 1360 explanatio
1008 1304 1093 1354 fiat,
1126 1304 1279 1346 iterum
1311 1304 1428 1360 quasi
1460 1305 1551 1346 dra-

129 1381 250 1423 matis
283 1382 443 1432 ordine,
476 1382 592 1437 quod
623 1381 788 1432 dicitur,
821 1399 1106 1439 exsequamur.
1151 1382 1356 1438 Exposcit
1374 1384 1426 1423 ab
1457 1382 1550 1439 ipso

128 1476 283 1516 sponso
323 1475 395 1500 sua
442 1475 620 1515 sponsa,
664 1471 712 1500 ut
751 1459 788 1500 ei
831 1461 976 1501 locum
1020 1460 1171 1501 secreti
1211 1460 1275 1501 sui
1312 1460 1470 1501 indicet
1511 1472 1551 1501 et

128 1537 298 1595 quietis:
340 1537 682 1594 quandoquidem
722 1538 876 1579 amoris
917 1537 1161 1593 impatiens,
1202 1538 1327 1580 etiam
1357 1555 1434 1595 per
1463 1554 1550 1579 me·

126 1614 276 1666 ridiem
309 1613 427 1670 cupit
455 1614 601 1655 audire
629 1630 850 1670 sponsum,
883 1632 932 1657 eo
964 1615 1191 1671 praecipue
1222 1627 1430 1672 tempore,
1463 1633 1546 1672 quo

127 1692 280 1734 clarior
310 1692 393 1742 lux,
425 1702 465 1732 et
493 1692 697 1748 splendor
727 1692 811 1733 diei
838 1694 1052 1748 perfectus
1083 1703 1124 1734 et
1146 1710 1275 1748 purus
1307 1705 1380 1743 est,
1410 1705 1456 1734 ut
1487 1711 1548 1735 as-

127 1770 241 1811 sistat
271 1769 310 1810 ei
351 1785 450 1810 oves
487 1769 675 1826 pascenti
713 1770 781 1811 vel
820 1770 1101 1824 refrigeranti:
1148 1782 1189 1812 et
1228 1770 1416 1812 studiose
1456 1772 1545 1812 vult

127 1847 237 1889 viam
268 1846 449 1897 discere,
494 1864 574 1904 qua
603 1848 665 1890 ire
696 1850 749 1891 ad
779 1865 877 1890 eum
907 1850 1080 1900 debeat,
1123 1864 1177 1889 ne
1218 1849 1354 1900 forte,
1394 1848 1430 1889 si
1459 1866 1546 1890 non

125 1925 254 1967 fuerit
284 1925 435 1966 edocta
466 1924 624 1966 itineris
654 1926 775 1985 hujus
815 1928 1043 1977 anfractus,
1083 1926 1266 1968 incurrat
1306 1942 1448 1980 greges
1478 1943 1547 1968 so-

127 2002 306 2053 dalium,
349 2014 390 2043 ct
420 2002 611 2044 videatur
640 2004 788 2046 similis
820 2021 906 2047 esse
937 2003 1064 2046 alicui
1102 2004 1295 2054 illarum,
1336 2020 1442 2061 quae
1473 2005 1545 2045 ad-

127 2092 299 2138 opertae
328 2079 503 2121 veniunt
531 2082 584 2122 ad
614 2082 779 2124 sodales
811 2081 920 2141 ejus,
957 2099 1036 2124 nec
1074 2082 1251 2139 pudoris
1294 2099 1435 2123 curam
1475 2098 1544 2135 ge-

126 2170 244 2209 runt,
275 2170 346 2199 aut
376 2171 572 2200 verentur
601 2160 755 2216 passim
785 2160 1042 2211 discurrere,
1084 2171 1125 2201 et
1153 2159 1298 2202 multis
1327 2177 1542 2217 apparere.

126 2237 215 2290 Ego
249 2248 402 2288 autem,
433 2253 538 2293 quae
569 2254 592 2278 a
621 2238 756 2289 nullo,
785 2237 945 2296 inquit,
974 2238 1060 2280 alio
1090 2239 1227 2281 videri
1255 2239 1382 2289 volo,
1410 2238 1490 2280 nisi
1522 2256 1543 2279 a

125 2327 168 2356 te
198 2316 316 2366 solo,
354 2315 458 2357 scire
491 2314 705 2367 desidero,
742 2332 828 2373 quo
859 2317 912 2358 ad
940 2328 983 2358 te
1012 2316 1161 2359 itinere
1191 2316 1375 2368 veniam,
1405 2328 1452 2358 ut
1480 2334 1543 2358 se-

129 2405 290 2436 cretum
319 2394 384 2444 sit,
412 2404 459 2435 ut
486 2409 613 2435 nemo
643 2394 697 2435 sit
725 2393 902 2446 medius,
935 2394 1039 2452 ut⁵)
1068 2396 1210 2437 nullus
1240 2395 1394 2437 arbiter
1422 2411 1543 2452 pere-

245 2591 286 2648 ¹)
317 2590 476 2633 Cantic.
508 2592 542 2641 I,
567 2590 605 2634 7.
623 2591 825 2632 —Deest
852 2592 892 2633 h.
910 2592 1008 2634 loco
1041 2593 1209 2644 ‚,forte“
1239 2592 1283 2634 in
1313 2594 1379 2636 ed.
1396 2594 1541 2636 Ruaei.

244 2662 288 2720 2)
320 2661 476 2705 Cantic.
509 2662 543 2711 I,
574 2661 613 2707 7.

242 2732 287 2789 3)
316 2733 482 2774 Desunt
511 2733 656 2773 verba:
689 2731 908 2790 „aliquam
939 2735 1043 2777 vel“
1076 2734 1118 2777 in
1149 2735 1243 2776 edd.
1275 2735 1336 2777 M.

245 2802 288 2859 ¹².)
321 2803 407 2845 Cfr.
438 2803 574 2845 ICor.
604 2803 682 2854 XI,
713 2802 778 2847 10.

244 2874 287 2931 ⁵)
317 2874 425 2915 Edd.
442 2873 502 2916 M.
534 2885 608 2926 „ut
626 2874 762 2917 malus
782 2875 1001 2919 arbiter—
1017 2877 1177 2922 alienus
1198 2894 1286 2921 non
1307 2885 1541 2922 occurrat.“
