1759 3134
578 136 775 179 HommA
803 133 901 174 XII.
1324 181 1327 184 ,
1372 133 1452 177 153

40 260 177 290 totum
221 250 438 290 dulcorem
477 247 615 288 mellis
656 257 771 287 verto
812 245 854 285 in
893 245 1090 284 acerbum
1129 259 1334 299 saporem.
1399 245 1455 285 Et

40 325 197 367 idcirco
237 327 377 376 Deus,
419 325 488 381 qui
527 339 762 365 sermonem
805 337 925 361 suum
964 336 986 361 a
1024 321 1315 376 peccatoribus
1353 338 1453 362 con-

40 403 247 443 culcatum
277 402 516 451 ulciscitur,
553 399 779 454 unicuique
818 414 896 453 pro
930 397 1131 453 qualitate
1163 398 1362 439 amaroris
1392 399 1453 439 vi-

37 490 114 527 tae,
147 491 187 520 et
215 495 293 534 pro
324 481 454 520 modo
487 474 727 518 intentionis
757 472 1078 514 amaritudinem
1101 491 1333 530 poenarum
1355 493 1452 531 sup-

35 555 348 611 pliciorumque
379 554 571 596 restituit.
628 552 684 592 Et
714 550 747 591 si
778 550 948 606 quidem
979 567 1077 600 nos,
1118 550 1188 606 qui
1218 552 1318 591 haec
1350 552 1452 592 dici-

36 648 150 682 mus,
191 644 231 672 et
260 633 390 672 semel
421 630 672 672 credidimus
701 628 738 684 ')
768 628 888 676 Deo,
920 628 1254 683 peccaverimus,
1286 643 1452 683 exaspe-

0 743 4 745 ,
36 724 126 748 rare
167 708 340 749 nitimur
364 709 405 764 ²)
444 722 679 748 sermonem
721 702 829 760 ejus:
871 704 941 760 qui
982 720 1082 744 vero
1121 704 1288 760 penitus
1316 721 1338 745 a
1367 705 1451 745 fide

38 784 124 842 ejus
164 796 444 833 recesserunt,
488 799 623 838 neque
662 781 833 833 ingressi
871 793 965 822 sunt
1004 781 1241 830 ecclesiam,
1287 782 1329 821 hi
1365 798 1452 822 non

36 862 194 903 faciunt
222 879 359 902 amara
388 860 556 915 eloquia
585 859 682 900 Dei.
745 858 978 912 Quomodo
1019 857 1130 898 enim
1160 870 1335 913 possunt
1364 875 1454 899 sua-

36 938 206 978 vitatem
246 953 485 993 exasperare
528 953 790 987 sermonum,
837 936 986 991 quibus
1032 935 1220 975 nondum
1264 935 1453 976 credide-

33 1014 158 1056 runt?
215 1015 403 1070 Ideoque
443 1014 564 1054 nobis
605 1014 686 1055 alia
717 1024 934 1054 servantur
965 1023 1195 1062 tormenta,
1235 1011 1305 1068 qui
1336 1011 1452 1052 vide-

33 1108 127 1131 mur
157 1093 348 1141 credere,
390 1103 431 1132 et
459 1091 501 1131 in
531 1091 620 1147 ipsa
651 1090 896 1132 credulitate
936 1106 1180 1144 peccamus,
1219 1090 1269 1130 ab
1302 1105 1450 1129 eorum

31 1168 264 1223 supplicio,
310 1167 377 1223 qui
417 1184 469 1208 ne
506 1168 671 1208 initium
713 1168 884 1223 quidem
916 1167 1173 1207 credulitatis
1204 1167 1449 1207 habuerunt.

31 1245 86 1285 Et
123 1261 175 1285 ne
213 1245 484 1285 solummodo
523 1256 718 1299 putemus
759 1245 934 1284 verbum
972 1260 1049 1284 nos
1091 1258 1329 1298 exasperare
1359 1243 1450 1282 Do-

32 1321 148 1370 mini,
179 1321 213 1361 si
242 1337 479 1376 peccemus,
510 1321 712 1361 delictum
741 1332 932 1361 nostrum
962 1336 1094 1375 usque
1129 1321 1179 1359 ad
1210 1319 1339 1374 ipsius
1364 1318 1448 1359 Dei

30 1397 223 1454 injuriam
253 1398 455 1453 pervenit.
515 1397 730 1452 Scriptum
756 1398 801 1450 ³)
835 1408 895 1436 est
926 1396 1058 1445 enim,
1089 1396 1218 1450 quod,
1249 1395 1319 1450 qui
1351 1411 1450 1449 pec-

31 1486 116 1524 cat,
155 1491 232 1529 per
264 1473 662 1529 praevaricationem
694 1472 796 1524 legis
826 1473 967 1512 Deum
998 1471 1234 1512 inhonorat.
1292 1471 1448 1511 Parum

31 1563 117 1593 erat
142 1551 175 1592 si
201 1551 381 1601 dixisset,
412 1551 636 1591 inhonorat
661 1550 876 1602 angelum:
907 1566 1018 1589 nunc
1041 1560 1194 1598 autem,
1223 1565 1301 1603 per
1329 1565 1450 1604 prae-

29 1628 340 1677 varicationem,
371 1627 529 1683 inquit,
563 1627 664 1679 legis
693 1628 836 1667 Deum
866 1626 1102 1666 inhonorat.
1166 1624 1450 1678 Quotiescun-

31 1722 110 1761 que
139 1704 474 1760 praevaricamur
503 1705 639 1756 lcgem
668 1703 766 1752 Dei,
798 1703 923 1743 toties
953 1702 1254 1742 inhonoramus
1282 1702 1449 1741 Deum:

33 1794 73 1822 et
103 1793 258 1837 quanto
290 1780 450 1837 majora
482 1780 785 1836 delinquimus,
823 1791 939 1820 tanto
970 1777 1199 1835 majoribus
1231 1790 1449 1818 contume-

32 1858 98 1898 liis
128 1857 334 1898 afficimus
363 1858 527 1897 Deum:
570 1869 725 1912 quanto
767 1857 891 1911 plura
920 1872 1166 1911 peccamus,
1205 1866 1322 1895 tanto
1353 1856 1449 1910 plus

32 1934 329 1974 inhonoramus
358 1945 523 1988 patrem
555 1945 595 1973 et
619 1933 830 1974 Christum
864 1932 964 1989 ejus,
993 1932 1101 1973 sicut
1130 1931 1331 1987 scriptum
1366 1943 1446 1972 est:

32 2022 223 2066 „quanto
247 2011 287 2065 4)
329 2009 458 2061 magis
496 2010 652 2065 putatis
692 2009 901 2051 deteriora
931 2009 1083 2050 mereri
1112 2008 1339 2063 supplicia,
1379 2010 1449 2063 qui

30 2088 166 2128 filium
196 2087 280 2128 Dei
312 2086 645 2137 conculcaverit,
689 2099 729 2127 et
768 2087 1011 2140 sanguinem
1041 2086 1277 2127 testamenti
1307 2086 1450 2140 pollu-

28 2178 117 2206 tum
151 2165 325 2214 duxerit,
355 2164 397 2204 in
430 2180 513 2220 quo
545 2163 822 2204 sanctificatus
855 2176 937 2214 est,
971 2176 1011 2205 et
1040 2163 1205 2219 spiritui
1226 2164 1266 2218 ⁵)
1299 2162 1451 2215 gratiae

30 2241 328 2282 contumeliam
357 2240 569 2282 fecerit?“
614 2239 747 2292 Igitur
767 2240 1005 2297 quicunque
1035 2252 1195 2296 peccat,
1225 2252 1449 2295 exasperat,

32 2330 72 2358 et
102 2317 400 2358 contumeliam
430 2317 543 2367 facit,
575 2329 614 2357 et
644 2317 869 2360 inhonorat
898 2330 981 2359 tam
1011 2317 1096 2358 Dei
1128 2317 1310 2374 eloquia,
1343 2333 1446 2373 quae

33 2394 237 2450 suscepit,
269 2411 391 2451 quam
424 2411 542 2444 eum,
574 2394 646 2450 qui
677 2395 834 2436 docuit.

31 2543 358 2551 ——--———

148 2645 186 2700 ¹)
217 2645 326 2685 Edd.
359 2646 551 2687 Merlini:
587 2646 805 2687 credimus.

146 2716 189 2771 2)
220 2715 329 2757 Edd.
361 2715 555 2756 Merlini:
592 2716 783 2757 dicimur.

146 2786 189 2842 ³)
223 2785 309 2826 Cfr.
342 2787 464 2826 Rom.
498 2787 552 2836 ll,
582 2786 649 2830 23.
770 2786 812 2842 ⁴)
841 2787 972 2828 Hebr.
1004 2787 1057 2835 X,
1088 2786 1154 2829 29,

150 2855 191 2912 ⁵)
222 2855 330 2897 Edd.
362 2856 556 2898 Merlini:
589 2856 782 2912 spiritum
813 2856 963 2908 gratiae
996 2867 1071 2897 ctc.

0 2976 39 3134 HJ*
31 2941 35 2948 .
