1759 3134
643 105 841 149 HommA
871 104 945 145 lv.
1448 105 1502 149 59

94 219 245 260 cedens
284 228 470 258 revertar
506 216 768 272 exemplum:
809 213 1079 266 „offenditur
1104 214 1145 273 ¹)
1183 226 1292 257 terra
1329 215 1375 255 in
1404 215 1502 256 insi-

94 294 288 336 dentibus
318 295 439 336 sibi.“
498 295 632 343 Puto,
673 290 769 348 quia
806 302 917 332 terra
944 308 1022 333 nos
1050 304 1097 333 ut
1124 304 1258 334 mater
1285 292 1502 344 sustinens,

95 384 137 413 et
165 373 345 413 laetetur
373 388 500 428 super
526 370 648 412 bonis
676 368 788 419 filiis,
822 380 862 409 et
886 369 1029 410 doleat
1052 385 1178 425 super
1198 369 1502 425 peccatoribus.

92 451 157 490 Ita
187 449 344 505 quippe
373 449 483 505 patri
511 448 622 489 filius
650 445 850 501 insipiens
881 446 1008 486 dolor
1028 447 1070 501 ²)
1103 457 1185 496 est,
1227 458 1268 487 et
1299 447 1338 487 ei
1365 447 1503 498 matri,

91 543 196 582 quae
236 526 376 578 genuit
416 542 523 566 eum.
580 525 636 566 Et
658 524 701 579 3)
738 540 824 564 non
863 523 1002 564 solum
1032 522 1129 563 huic
1158 523 1268 579 patri
1299 536 1339 564 et
1366 524 1502 575 matri,

91 604 143 644 de
175 619 356 659 quorum
385 602 542 644 semine
574 601 756 650 orimur,
798 601 872 640 sed
913 611 954 640 et
980 599 1046 640 illi
1075 600 1219 651 matri,
1261 617 1365 656 quae
1405 617 1503 642 vere

91 691 226 720 mater
261 692 402 721 nostra
443 691 504 720 est
526 679 579 733 ⁴).
638 677 900 733 Accepitque
929 677 1047 718 Deus
1085 678 1261 718 humum
1300 678 1350 718 de
1381 690 1503 729 terra,

91 767 133 796 et
168 757 390 812 plasmavit
411 757 452 813 ⁵)
493 755 720 797 hominem.
779 753 912 806 Igitur
947 765 1059 795 terra
1095 766 1231 795 mater
1257 766 1399 796 nostra
1430 767 1504 805 est,

92 834 280 883 laetatur,
312 834 477 888 quando
507 832 663 890 justum
690 832 828 873 filiurn
857 831 1043 874 sustinet.
1102 833 1353 873 Laetabatur
1379 843 1504 883 terra,

88 911 227 951 ferens
256 912 489 962 Abraham,
526 913 644 952 Isaac
673 922 714 951 et
741 910 886 950 Jacob.
943 910 1196 951 Laetabatur
1222 921 1333 950 terra
1360 909 1406 950 in
1435 911 1506 950 ad-

90 998 217 1027 ventu
246 987 423 1028 Domini
452 988 584 1029 nostri
606 988 708 1028 Jesu
738 986 916 1038 Christi,
956 987 1123 1040 dignam
1152 1003 1195 1028 se
1226 1003 1398 1028 cernens
1425 987 1505 1028 filii

89 1064 174 1104 Dei
203 1077 445 1107 sustentatu.
507 1065 623 1120 Quid
659 1081 827 1106 necesse
858 1076 919 1105 est
948 1064 1088 1105 dicere
1119 1065 1171 1105 de
1201 1065 1426 1120 apostolis,
1466 1076 1507 1105 et

89 1143 322 1198 prophetis,
354 1160 450 1184 cum
481 1144 532 1184 de
548 1142 726 1183 Domini
750 1142 931 1182 adventu
949 1143 1153 1198 scriptum
1175 1142 1248 1182 sit:
1279 1141 1443 1192 „omnis
1461 1142 1503 1197 6)

91 1230 204 1260 terra
235 1220 385 1260 clamat
416 1237 511 1261 cum
541 1219 728 1261 laetitia?
787 1220 1054 1261 Confitentur
1083 1230 1124 1260 et
1153 1219 1412 1260 miserabiles
1431 1221 1506 1261 Ju-

94 1297 187 1338 daei
216 1298 316 1338 haec
349 1298 400 1337 de
422 1296 575 1338 Christi
595 1296 828 1352 praesentia
855 1296 1102 1352 praedicari,
1130 1297 1205 1337 sed
1233 1297 1359 1337 stulte
1389 1297 1507 1349 igno·

90 1386 183 1415 rant
219 1390 466 1430 personam,
516 1390 611 1414 cum
653 1374 822 1415 videant
857 1373 1055 1429 impleta,
1100 1389 1206 1428 quae
1244 1373 1355 1415 dicta
1394 1385 1503 1414 sunt.

92 1451 275 1505 Quando
319 1449 431 1490 enim
468 1461 578 1491 terra
606 1451 845 1491 Britanniae
883 1462 977 1491 ante
1015 1451 1240 1491 adventum
1271 1449 1423 1492 Christi
1462 1450 1506 1491 in

89 1527 212 1568 unius
249 1526 335 1568 Dei
374 1527 582 1568 consensit
618 1527 897 1581 religionem?
961 1527 1143 1582 Quando
1183 1538 1294 1568 terra
1333 1528 1506 1568 Mauro-

70 1605 212 1646 *ruml'
280 1604 463 1658 Quando
501 1616 614 1645 totus
651 1606 783 1646 semel
821 1604 962 1646 orbis?
1026 1606 1148 1646 Nunc
1190 1620 1291 1644 vero
1329 1616 1507 1660 propter

92 1681 310 1731 ecclesias,
351 1698 455 1737 quae
485 1682 633 1722 mundi
662 1682 816 1723 limites
845 1693 1009 1731 tenent,
1047 1679 1240 1721 universa
1268 1692 1378 1720 terra
1410 1697 1506 1721 cum

93 1758 252 1799 laetitia
283 1759 434 1798 clamat
462 1759 515 1799 ad
535 1758 772 1799 Dominum
801 1759 942 1807 Israel,
976 1769 1016 1798 et
1048 1773 1173 1813 capax
1204 1768 1264 1797 est
1291 1758 1505 1798 bonorum

93 1836 324 1876 secundum
360 1836 462 1876 fines
500 1852 611 1877 suos.
679 1835 916 1890 Statuitque
942 1834 983 1890 ⁷)
1021 1834 1123 1875 fines
1162 1834 1348 1886 gentium
1393 1834 1507 1892 juxta

91 1929 315 1953 numerum
342 1912 530 1953 filiorum
560 1912 708 1962 Israel,
740 1923 779 1952 et
808 1912 918 1952 facta
949 1922 1008 1952 est
1038 1927 1132 1966 pars
1161 1911 1340 1952 Domini
1368 1929 1508 1968 popu-

93 1989 158 2029 lus
199 1988 285 2045 ejus
313 1989 469 2040 Jacob,
507 1989 719 2030 funiculus
749 1988 1015 2029 haereditatis
1046 1987 1134 2045 ejus
1164 1989 1306 2030 Israel.
1361 1989 1506 2045 Capax

93 2076 176 2116 est,
205 2065 398 2122 inquam,
426 2078 473 2107 ut
501 2066 656 2107 animal
684 2064 797 2124 juxta
824 2064 1009 2121 partium
1040 2065 1272 2121 qualitates,
1305 2076 1346 2105 et
1372 2067 1508 2107 bono-

93 2160 188 2184 rum
217 2134 398 2193 actuum,
429 2155 470 2184 et
497 2144 722 2194 malorum,
750 2142 794 2183 in
824 2142 974 2198 quihus
1004 2153 1074 2183 aut
1093 2142 1263 2184 laudem
1284 2155 1508 2195 mereatur,

94 2231 166 2261 aut
194 2237 388 2277 poenam.
449 2220 556 2262 Cum
585 2219 712 2273 igitur
742 2218 915 2260 dicitur:
955 2231 1101 2270 „terra
1120 2220 1185 2276 ⁸),
1227 2237 1331 2276 quae
1360 2237 1508 2277 pecca-

96 2297 202 2337 verit
230 2298 355 2348 mihi,
393 2309 440 2338 ut
470 2297 686 2353 delinquat
716 2296 973 2337 delictum:“
1013 2297 1254 2355 mysterium
1294 2300 1508 2355 quoddam

216 2478 257 2533 ¹)
286 2479 409 2521 Jesai.
438 2480 596 2529 XXIV,
625 2479 661 2522 5.

213 2547 256 2603 2)
287 2548 395 2588 Edd.
425 2548 618 2589 Merlini:
658 2560 698 2589 et
728 2549 854 2589 dolor
885 2560 956 2590 est.

216 2619 260 2673 3)
291 2618 423 2658 Deest
452 2618 573 2668 „Et“
611 2619 653 2660 in
686 2620 780 2661 edd.
811 2620 874 2660 M.

216 2687 259 2744 ⁴)
288 2687 565 2728 Desideratur
593 2696 724 2739 „est“
756 2690 799 2731 in
831 2691 895 2731 ed.
926 2688 1072 2731 Ruaei.

219 2759 261 2815 ⁵)
294 2759 378 2800 Cfr.
409 2758 516 2800 Gen.
548 2760 604 2808 II,
635 2759 673 2801 7.
791 2759 834 2815 ⁶)
869 2759 954 2802 Cfr.
984 2758 1107 2800 Jesai.
1137 2758 1296 2809 XXIV,
1327 2758 1391 2802 14.

222 2829 262 2885 ⁷)
291 2829 420 2870 Deut.
453 2828 635 2879 XXXII,
664 2827 703 2872 8.
821 2829 865 2884 8)
893 2828 1045 2871 Ezech.
1076 2828 1192 2879 XIV,
1223 2827 1287 2872 13.
