1759 3134
646 170 843 211 ΗοΜιιῐΑ
873 170 945 209 VI.
1454 174 1511 218 87

94 281 313 330 (licuntur,
345 298 449 336 quac
481 298 590 321 nunc
623 282 734 321 dicta
763 281 938 332 legimus
968 281 1020 320 ad
1049 281 1303 332 Jerusalem,
1345 294 1392 323 ut
1420 300 1509 326 non

91 359 142 397 ad
173 358 330 414 majora
362 360 649 408 conscendam,
677 368 722 397 et
751 373 799 396 ea
829 373 1037 412 quaeram,
1068 374 1172 412 quae
1202 359 1312 400 ultra
1340 360 1448 401 vires
1467 363 1507 417 ⁸)

87 452 198 475 meas
229 447 324 475 sunt
354 447 394 475 et
426 435 650 487 ingenium.

201 511 239 553 G.
285 514 469 567 „Neque
495 513 536 567 2)
575 512 659 552 sale
689 510 848 551 salita.“
905 510 961 550 Et
995 510 1074 550 hoc
1108 510 1265 551 crimen
1297 524 1358 552 est
1385 514 1508 554 Jeru„

87 589 238 637 salcm,
272 589 368 644 quia
396 606 482 629 non
512 590 646 628 suerat
676 587 799 639 digna
827 587 912 627 sale
943 587 1038 627 Dei.
1096 588 1187 639 Ego
1218 587 1252 628 si
1284 589 1504 630 credidero

87 666 276 705 Domino
307 683 403 706 meo
434 667 533 706 Jesu
563 664 753 713 Christo,
794 664 882 720 ipse
920 680 989 704 me
1031 664 1091 704 sal
1121 663 1271 715 faciet,
1308 665 1506 721 dicetque

86 741 209 781 mihi:
241 759 344 791 „vos
367 742 408 796 3²)
441 741 536 781 estis
566 741 625 781 sal
654 748 831 781 terrae.“
891 741 938 782 Si
970 742 1190 782 credidero
1222 742 1400 798 spiritui,
1433 744 1505 799 qui

87 819 130 858 in
160 820 371 874 Apostolo
403 819 569 859 locutus
600 829 683 868 est,
721 819 805 859 sale
851 819 1053 869 condior,
1094 830 1135 860 et
1172 836 1345 875 possum
1383 837 1505 876 prae»-

87 908 256 950 ceptum
299 895 532 945 custodire,
578 896 740 936 dicens:
786 913 960 945 „sermo
988 896 1030 951 4)
1071 908 1209 937 vester
1247 896 1300 936 sit
1336 912 1504 952 semper

84 973 125 1012 in
156 973 303 1024 gratia,
345 973 429 1012 sale
462 971 696 1013 conditus.“
755 973 924 1014 Grande
955 990 1062 1029 opus
1093 985 1155 1014 est
1182 973 1353 1015 insaliri.
1415 974 1503 1028 Qui

81 1051 166 1090 sale
212 1050 428 1098 conditur,
473 1050 603 1101 gratia
640 1050 790 1105 plenus
828 1062 900 1091 est.
976 1053 1082 1092 Nam
1124 1063 1165 1092 et
1203 1051 1247 1092 in
1285 1051 1503 1092 communi

82 1127 311 1182 proverbio
341 1127 470 1166 salsus
501 1126 653 1167 dicitur
682 1127 908 1179 gratiosus,
940 1140 981 1168 et
1012 1145 1034 1168 e
1066 1128 1276 1171 contrario
1307 1128 1508 1178 insulsus,

83 1204 154 1259 qui
182 1220 268 1243 non
299 1205 422 1244 habet
451 1204 636 1255 gratiam.
697 1204 745 1245 Si
784 1204 910 1256 igitur
939 1205 1066 1256 gratia
1094 1205 1216 1245 nobis
1248 1222 1271 1245 a
1301 1206 1397 1245 Deo
1430 1222 1500 1245 ve-

81 1281 155 1330 nit,
189 1292 231 1320 et
262 1272 527 1335 complemur
556 1281 669 1320 dono
701 1279 802 1336 ejus,
833 1281 919 1321 sale
947 1280 1132 1324 salimur.
1191 1283 1375 1323 Rursum
1400 1299 1501 1338 pec-

82 1358 211 1398 catrix
240 1358 473 1397 Jerusalem
504 1374 590 1397 non
621 1369 683 1397 est
712 1357 903 1397 involuta
931 1359 1089 1412 pannis.
1150 1360 1350 1409 Observa,
1383 1361 1498 1415 quod

84 1435 283 1474 dicimus:
323 1433 460 1473 anima
497 1450 738 1482 renascens,
782 1445 824 1473 et
861 1434 1049 1489 primum
1084 1435 1129 1476 in
1168 1436 1334 1479 lavacro
1374 1437 1499 1484 edita,

81 1511 311 1551 involvitur
350 1509 509 1565 pannis.
570 1511 665 1564 Ipse
694 1510 906 1551 Dominus
946 1527 1064 1552 meus
1093 1512 1214 1552 Jesus
1255 1513 1402 1571 pannis
1438 1514 1500 1554 in-

82 1589 250 1628 volutus
289 1599 370 1637 est,
412 1598 458 1626 ut
496 1587 699 1642 scriptum
738 1589 918 1628 refertur
948 1589 991 1628 in
1021 1589 1237 1641 evangelio
1267 1593 1499 1632 secundum

81 1667 250 1706 Lucam.
324 1664 509 1718 Oportet
547 1680 643 1715 ergo
691 1681 810 1714 eum,
855 1665 927 1720 qui
970 1666 1221 1716 renascitur,
1264 1667 1411 1722 utique
1455 1669 1497 1708 in

81 1742 248 1782 Christo
293 1751 578 1780 renascentem
614 1740 863 1780 rationabile
905 1753 947 1781 et
983 1742 1192 1783 sincerum
1232 1744 1297 1784 lae
1336 1744 1499 1785 deside-

81 1836 191 1859 rare:
234 1830 274 1858 et
302 1818 547 1873 priusquam
575 1817 824 1857 rationabile
857 1830 899 1858 et
926 1819 1015 1859 sine
1047 1821 1150 1860 dolo
1182 1821 1246 1861 lac
1276 1821 1507 1872 desideret„

82 1898 206 1936 debet
235 1896 319 1935 sale
349 1894 484 1944 saliri,
517 1906 556 1934 et
586 1911 822 1949 pannorum
853 1896 1081 1937 involucris
1111 1898 1321 1950 colligari,
1351 1916 1404 1939 ne
1436 1900 1499 1940 di÷

84 1985 199 2013 catur
236 1973 289 2012 ad
328 1988 445 2011 cum:
484 1971 570 2011 sale
597 1972 637 2027 5)
678 1989 764 2012 non
804 1989 845 2013 es
884 1969 1050 2026 salitus,
1092 1987 1134 2015 et
1162 1976 1309 2032 pannis
1338 1993 1425 2021 non
1458 1994 1506 2018 es.

82 2050 308 2089 involutus.
368 2048 480 2102 Quia
516 2060 656 2088 autem
695 2049 772 2090 ista
803 2051 1039 2092 Jerusalem
1067 2051 1150 2092 sint
1179 2053 1374 2102 crimina,
1412 2070 1502 2094 nou

81 2126 324 2167 circumcidi
364 2142 457 2166 eam
493 2126 722 2177 umbilico,
762 2139 804 2168 et
842 2128 926 2168 sale
964 2145 1051 2169 non
1089 2129 1227 2178 saliri,
1273 2141 1314 2170 et
1353 2131 1500 2186 pannis

81 2220 165 2244 non
196 2203 369 2253 involvi,
401 2215 443 2243 et
472 2220 578 2259 aqua
607 2220 692 2244 non
722 2205 851 2246 lavari
881 2206 924 2246 in
954 2206 1143 2255 salutem,
1173 2222 1313 2247 sermo
1344 2207 1502 2248 indicat

82 2280 288 2335 reliquus,
334 2281 406 2336 qui
451 2281 510 2322 ita
557 2282 813 2324 contexitur:
858 2299 1031 2339 „neque
1055 2285 1097 2339 6)
1144 2284 1336 2339 pepercit
1375 2284 1419 2325 in
1456 2296 1498 2325 te

85 2358 232 2397 oculus
260 2370 370 2409 tuus,
401 2371 447 2399 ut
476 2360 633 2400 faceret
661 2360 740 2400 tibi
768 2377 897 2401 unum
929 2377 978 2401 ex
1006 2360 1201 2401 omnibus
1222 2361 1352 2402 istis.“
1394 2362 1501 2402 Pro—

85 2446 228 2488 pterea
257 2434 361 2474 nihil
390 2435 467 2476 tibi
496 2437 648 2477 horum
679 2438 783 2488 feci,
824 2449 869 2477 ut
906 2450 1074 2493 paterer
1101 2437 1261 2494 aliquid
1289 2452 1416 2494 super
1443 2451 1502 2488 te,

86 2511 189 2550 dicit
233 2512 454 2554 Dominus.
527 2513 781 2570 Exemplum
828 2517 879 2555 ab
901 2515 942 2569 ⁷)
989 2516 1228 2556 hominibus
1275 2516 1492 2572 accipiam:

204 2680 240 2733 ¹)
272 2680 380 2719 Edd.
414 2681 609 2722 'Merlinit
641 2698 752 2722 meas
783 2683 890 2724 vires
921 2696 1015 2724 sunt
1043 2697 1120 2725 etc.

205 2750 246 2804 2)
277 2749 428 2789 Ezech.
445 2751 560 2799 XVI,
576 2751 614 2792 4.
677 2752 720 2806 ³)
741 2753 891 2793 Matth.
912 2755 962 2803 V,
981 2753 1044 2798 13.
1110 2754 1152 2808 ⁴)
1185 2756 1349 2796 Coloss.
1375 2756 1446 2804 IV,
1463 2754 1502 2796 6.

204 2821 245 2872 Π)
281 2819 365 2859 Cfr.
397 2820 547 2860 Ezech.
577 2822 693 2870 XVI,
724 2822 763 2864 4.
882 2824 924 2878 ⁶)
956 2823 1106 2864 Ezech.
1137 2826 1252 2874 XVI,
1284 2826 1320 2866 5.

207 2888 248 2942 ⁷)
280 2889 385 2929 Edd.
419 2891 613 2931 Mcrlini:
645 2892 696 2932 ab
728 2892 920 2933 omnibus
948 2894 1162 2949 accipiam.
