<?xml version="1.0" encoding="UTF-8"?>
<!DOCTYPE html PUBLIC "-//W3C//DTD XHTML 1.0 Transitional//EN"
    "http://www.w3.org/TR/xhtml1/DTD/xhtml1-transitional.dtd">
<html xmlns="http://www.w3.org/1999/xhtml" xml:lang="en" lang="en">
 <head>
  <title>
</title>
<meta http-equiv="Content-Type" content="text/html;charset=utf-8" />
  <meta name='ocr-system' content='tesseract 3.04.00' />
  <meta name='ocr-capabilities' content='ocr_page ocr_carea ocr_par ocr_line ocrx_word'/>
</head>
<body>
  <div class='ocr_page' id='page_1' title='image "./operaomniaquaegr14orig/operaomniaquaegr14orig_0319.png"; bbox 0 0 1759 3134; ppageno 0'>
   <div class='ocr_carea' id='block_1_1' title="bbox 656 113 1498 159">
    <p class='ocr_par' dir='ltr' id='par_1_1' title="bbox 656 113 1498 159">
     <span class='ocr_line' id='line_1_1' title="bbox 656 113 1498 159; baseline -0.005 -2"><span class='ocrx_word' id='word_1_1' title='bbox 656 113 910 157; x_wconf 58' lang='lat' dir='ltr'><strong>Pitonia-us,</strong></span> <span class='ocrx_word' id='word_1_2' title='bbox 1413 114 1498 159; x_wconf 88' lang='lat'><strong>303</strong></span> 
     </span>
    </p>
   </div>
   <div class='ocr_carea' id='block_1_2' title="bbox 68 225 1500 2395">
    <p class='ocr_par' dir='ltr' id='par_1_2' title="bbox 68 225 1500 2395">
     <span class='ocr_line' id='line_1_2' title="bbox 78 225 1500 286; baseline -0.002 -15"><span class='ocrx_word' id='word_1_3' title='bbox 78 227 387 286; x_wconf 82' lang='lat' dir='ltr'><strong>corruptibilis,</strong></span> <span class='ocrx_word' id='word_1_4' title='bbox 417 225 616 270; x_wconf 79' lang='lat' dir='ltr'><strong>virtutem</strong></span> <span class='ocrx_word' id='word_1_5' title='bbox 650 226 850 277; x_wconf 83' lang='lat' dir='ltr'><strong>caritatis,</strong></span> <span class='ocrx_word' id='word_1_6' title='bbox 884 241 988 282; x_wconf 87' lang='lat' dir='ltr'><strong>quae</strong></span> <span class='ocrx_word' id='word_1_7' title='bbox 1020 241 1066 267; x_wconf 74' lang='lat' dir='ltr'><strong>ex</strong></span> <span class='ocrx_word' id='word_1_8' title='bbox 1095 227 1192 268; x_wconf 85' lang='lat' dir='ltr'><strong>Deo</strong></span> <span class='ocrx_word' id='word_1_9' title='bbox 1226 237 1300 277; x_wconf 85' lang='lat' dir='ltr'><strong>est,</strong></span> <span class='ocrx_word' id='word_1_10' title='bbox 1331 226 1384 268; x_wconf 85' lang='lat' dir='ltr'><strong>ad</strong></span> <span class='ocrx_word' id='word_1_11' title='bbox 1413 238 1500 268; x_wconf 81' lang='lat' dir='ltr'><strong>ter-</strong></span> 
     </span>
     <span class='ocr_line' id='line_1_3' title="bbox 78 303 1497 356; baseline -0.002 -8"><span class='ocrx_word' id='word_1_12' title='bbox 78 324 178 349; x_wconf 84' lang='lat' dir='ltr'><strong>rena</strong></span> <span class='ocrx_word' id='word_1_13' title='bbox 210 320 252 349; x_wconf 89' lang='lat' dir='ltr'><strong>et</strong></span> <span class='ocrx_word' id='word_1_14' title='bbox 280 307 333 349; x_wconf 76' lang='lat' dir='ltr'><strong>ad</strong></span> <span class='ocrx_word' id='word_1_15' title='bbox 363 307 516 348; x_wconf 87' lang='lat' dir='ltr'><strong>caduca</strong></span> <span class='ocrx_word' id='word_1_16' title='bbox 547 306 738 356; x_wconf 85' lang='lat' dir='ltr'><strong>deducit,</strong></span> <span class='ocrx_word' id='word_1_17' title='bbox 779 315 821 344; x_wconf 86' lang='lat' dir='ltr'><strong>et</strong></span> <span class='ocrx_word' id='word_1_18' title='bbox 858 303 981 344; x_wconf 84' lang='lat' dir='ltr'><strong>rebus</strong></span> <span class='ocrx_word' id='word_1_19' title='bbox 1011 304 1095 345; x_wconf 80' lang='lat' dir='ltr'><strong>Dei</strong></span> <span class='ocrx_word' id='word_1_20' title='bbox 1134 305 1322 347; x_wconf 85' lang='lat' dir='ltr'><strong>abutitur</strong></span> <span class='ocrx_word' id='word_1_21' title='bbox 1350 305 1403 346; x_wconf 85' lang='lat' dir='ltr'><strong>ad</strong></span> <span class='ocrx_word' id='word_1_22' title='bbox 1434 321 1497 355; x_wconf 77' lang='lat' dir='ltr'><strong>ea,</strong></span> 
     </span>
     <span class='ocr_line' id='line_1_4' title="bbox 78 380 1498 442; baseline -0.004 -15"><span class='ocrx_word' id='word_1_23' title='bbox 78 402 182 442; x_wconf 87' lang='lat' dir='ltr'><strong>quae</strong></span> <span class='ocrx_word' id='word_1_24' title='bbox 221 401 308 427; x_wconf 90' lang='lat' dir='ltr'><strong>non</strong></span> <span class='ocrx_word' id='word_1_25' title='bbox 347 384 439 425; x_wconf 88' lang='lat' dir='ltr'><strong>vult</strong></span> <span class='ocrx_word' id='word_1_26' title='bbox 477 385 605 425; x_wconf 89' lang='lat' dir='ltr'><strong>Deus.</strong></span> <span class='ocrx_word' id='word_1_27' title='bbox 665 384 763 425; x_wconf 79' lang='lat' dir='ltr'><strong>Non</strong></span> <span class='ocrx_word' id='word_1_28' title='bbox 801 380 914 422; x_wconf 85' lang='lat' dir='ltr'><strong>enim</strong></span> <span class='ocrx_word' id='word_1_29' title='bbox 951 381 1071 423; x_wconf 87' lang='lat' dir='ltr'><strong>Deus</strong></span> <span class='ocrx_word' id='word_1_30' title='bbox 1108 381 1383 424; x_wconf 88' lang='lat' dir='ltr'><strong>dilectionem</strong></span> <span class='ocrx_word' id='word_1_31' title='bbox 1416 382 1498 423; x_wconf 87' lang='lat' dir='ltr'><strong>ho-</strong></span> 
     </span>
     <span class='ocr_line' id='line_1_5' title="bbox 74 459 1496 517; baseline -0.001 -13"><span class='ocrx_word' id='word_1_32' title='bbox 74 479 191 515; x_wconf 85' lang='lat' dir='ltr'><strong>rum,</strong></span> <span class='ocrx_word' id='word_1_33' title='bbox 230 462 305 504; x_wconf 86' lang='lat' dir='ltr'><strong>sed</strong></span> <span class='ocrx_word' id='word_1_34' title='bbox 341 478 466 504; x_wconf 89' lang='lat' dir='ltr'><strong>usum</strong></span> <span class='ocrx_word' id='word_1_35' title='bbox 499 460 740 504; x_wconf 84' lang='lat' dir='ltr'><strong>hominihus</strong></span> <span class='ocrx_word' id='word_1_36' title='bbox 770 459 899 502; x_wconf 86' lang='lat' dir='ltr'><strong>dedit.</strong></span> <span class='ocrx_word' id='word_1_37' title='bbox 958 460 1075 502; x_wconf 76' lang='lat' dir='ltr'><strong>Haec</strong></span> <span class='ocrx_word' id='word_1_38' title='bbox 1105 471 1245 502; x_wconf 88' lang='lat' dir='ltr'><strong>autem</strong></span> <span class='ocrx_word' id='word_1_39' title='bbox 1273 461 1403 517; x_wconf 89' lang='lat' dir='ltr'><strong>paulo</strong></span> <span class='ocrx_word' id='word_1_40' title='bbox 1436 462 1496 503; x_wconf 85' lang='lat' dir='ltr'><strong>la-</strong></span> 
     </span>
     <span class='ocr_line' id='line_1_6' title="bbox 74 538 1493 592; baseline -0.001 -11"><span class='ocrx_word' id='word_1_41' title='bbox 74 541 156 582; x_wconf 87' lang='lat' dir='ltr'><strong>tius</strong></span> <span class='ocrx_word' id='word_1_42' title='bbox 197 539 485 592; x_wconf 81' lang='lat' dir='ltr'><strong>discussimus,</strong></span> <span class='ocrx_word' id='word_1_43' title='bbox 531 540 721 581; x_wconf 81' lang='lat' dir='ltr'><strong>volentes</strong></span> <span class='ocrx_word' id='word_1_44' title='bbox 765 539 817 579; x_wconf 89' lang='lat' dir='ltr'><strong>de</strong></span> <span class='ocrx_word' id='word_1_45' title='bbox 856 549 1002 580; x_wconf 86' lang='lat' dir='ltr'><strong>natura</strong></span> <span class='ocrx_word' id='word_1_46' title='bbox 1041 538 1220 580; x_wconf 86' lang='lat' dir='ltr'><strong>caritatis</strong></span> <span class='ocrx_word' id='word_1_47' title='bbox 1259 549 1301 579; x_wconf 89' lang='lat' dir='ltr'><strong>et</strong></span> <span class='ocrx_word' id='word_1_48' title='bbox 1340 538 1493 581; x_wconf 86' lang='lat' dir='ltr'><strong>amoris</strong></span> 
     </span>
     <span class='ocr_line' id='line_1_7' title="bbox 74 615 1495 675; baseline -0.001 -17"><span class='ocrx_word' id='word_1_49' title='bbox 74 617 257 674; x_wconf 78' lang='lat' dir='ltr'>apertius</span> <span class='ocrx_word' id='word_1_50' title='bbox 287 623 567 675; x_wconf 79' lang='lat' dir='ltr'><strong>attentiusque</strong></span> <span class='ocrx_word' id='word_1_51' title='bbox 597 615 872 668; x_wconf 78' lang='lat' dir='ltr'><strong>distinguere,</strong></span> <span class='ocrx_word' id='word_1_52' title='bbox 903 631 955 656; x_wconf 85' lang='lat' dir='ltr'><strong>nc</strong></span> <span class='ocrx_word' id='word_1_53' title='bbox 985 616 1118 666; x_wconf 81' lang='lat' dir='ltr'><strong>forte,</strong></span> <span class='ocrx_word' id='word_1_54' title='bbox 1151 616 1349 673; x_wconf 85' lang='lat' dir='ltr'><strong>quoniam</strong></span> <span class='ocrx_word' id='word_1_55' title='bbox 1380 616 1495 659; x_wconf 87' lang='lat' dir='ltr'><strong>Scri-</strong></span> 
     </span>
     <span class='ocr_line' id='line_1_8' title="bbox 72 692 1496 753; baseline -0.002 -16"><span class='ocrx_word' id='word_1_56' title='bbox 72 707 197 752; x_wconf 81' lang='lat' dir='ltr'><strong>ptura</strong></span> <span class='ocrx_word' id='word_1_57' title='bbox 227 695 350 738; x_wconf 82' lang='lat' dir='ltr'><strong>dicit:</strong></span> <span class='ocrx_word' id='word_1_58' title='bbox 381 695 506 753; x_wconf 82' lang='lat' dir='ltr'><strong>„quia</strong></span> <span class='ocrx_word' id='word_1_59' title='bbox 529 695 572 751; x_wconf 84' lang='lat'><strong>¹)</strong></span> <span class='ocrx_word' id='word_1_60' title='bbox 602 695 718 735; x_wconf 84' lang='lat' dir='ltr'><strong>Deus</strong></span> <span class='ocrx_word' id='word_1_61' title='bbox 749 692 894 735; x_wconf 84' lang='lat' dir='ltr'><strong>caritas</strong></span> <span class='ocrx_word' id='word_1_62' title='bbox 926 700 1046 735; x_wconf 88' lang='lat' dir='ltr'><strong>est:“</strong></span> <span class='ocrx_word' id='word_1_63' title='bbox 1080 711 1218 746; x_wconf 88' lang='lat' dir='ltr'><strong>omne,</strong></span> <span class='ocrx_word' id='word_1_64' title='bbox 1250 694 1368 751; x_wconf 89' lang='lat' dir='ltr'><strong>quod</strong></span> <span class='ocrx_word' id='word_1_65' title='bbox 1398 693 1496 735; x_wconf 87' lang='lat' dir='ltr'><strong>dili-</strong></span> 
     </span>
     <span class='ocr_line' id='line_1_9' title="bbox 73 770 1494 828; baseline -0.001 -13"><span class='ocrx_word' id='word_1_66' title='bbox 73 774 196 827; x_wconf 82' lang='lat' dir='ltr'>gitur,</span> <span class='ocrx_word' id='word_1_67' title='bbox 228 774 353 815; x_wconf 82' lang='lat' dir='ltr'><strong>etiam</strong></span> <span class='ocrx_word' id='word_1_68' title='bbox 373 773 408 815; x_wconf 88' lang='lat' dir='ltr'><strong>si</strong></span> <span class='ocrx_word' id='word_1_69' title='bbox 435 770 711 828; x_wconf 82' lang='lat' dir='ltr'>corruptibile</span> <span class='ocrx_word' id='word_1_70' title='bbox 737 771 804 822; x_wconf 86' lang='lat' dir='ltr'><strong>sit,</strong></span> <span class='ocrx_word' id='word_1_71' title='bbox 836 788 883 813; x_wconf 83' lang='lat' dir='ltr'><strong>ex</strong></span> <span class='ocrx_word' id='word_1_72' title='bbox 901 772 999 813; x_wconf 89' lang='lat' dir='ltr'><strong>Deo</strong></span> <span class='ocrx_word' id='word_1_73' title='bbox 1032 788 1133 823; x_wconf 87' lang='lat' dir='ltr'><strong>esse,</strong></span> <span class='ocrx_word' id='word_1_74' title='bbox 1164 784 1205 814; x_wconf 92' lang='lat' dir='ltr'><strong>et</strong></span> <span class='ocrx_word' id='word_1_75' title='bbox 1233 772 1315 814; x_wconf 91' lang='lat' dir='ltr'><strong>hoc</strong></span> <span class='ocrx_word' id='word_1_76' title='bbox 1345 772 1494 815; x_wconf 83' lang='lat' dir='ltr'><strong>caritas</strong></span> 
     </span>
     <span class='ocr_line' id='line_1_10' title="bbox 73 849 1494 907; baseline -0.001 -15"><span class='ocrx_word' id='word_1_77' title='bbox 73 862 115 892; x_wconf 90' lang='lat' dir='ltr'><strong>et</strong></span> <span class='ocrx_word' id='word_1_78' title='bbox 145 850 317 892; x_wconf 86' lang='lat' dir='ltr'><strong>dilectio</strong></span> <span class='ocrx_word' id='word_1_79' title='bbox 348 862 578 907; x_wconf 86' lang='lat' dir='ltr'><strong>putaretur.</strong></span> <span class='ocrx_word' id='word_1_80' title='bbox 639 849 725 892; x_wconf 83' lang='lat' dir='ltr'><strong>Sed</strong></span> <span class='ocrx_word' id='word_1_81' title='bbox 756 849 992 891; x_wconf 77' lang='lat' dir='ltr'>ostenditur</span> <span class='ocrx_word' id='word_1_82' title='bbox 1019 866 1084 892; x_wconf 85' lang='lat' dir='ltr'><strong>res</strong></span> <span class='ocrx_word' id='word_1_83' title='bbox 1116 850 1289 907; x_wconf 87' lang='lat' dir='ltr'><strong>quidem</strong></span> <span class='ocrx_word' id='word_1_84' title='bbox 1317 849 1416 901; x_wconf 82' lang='lat' dir='ltr'><strong>Dei,</strong></span> <span class='ocrx_word' id='word_1_85' title='bbox 1452 861 1494 892; x_wconf 91' lang='lat' dir='ltr'><strong>et</strong></span> 
     </span>
     <span class='ocr_line' id='line_1_11' title="bbox 70 926 1493 986; baseline 0 -16"><span class='ocrx_word' id='word_1_86' title='bbox 70 945 222 970; x_wconf 87' lang='lat' dir='ltr'><strong>munus</strong></span> <span class='ocrx_word' id='word_1_87' title='bbox 253 927 341 986; x_wconf 86' lang='lat' dir='ltr'><strong>ejus</strong></span> <span class='ocrx_word' id='word_1_88' title='bbox 373 943 459 969; x_wconf 87' lang='lat' dir='ltr'><strong>esse</strong></span> <span class='ocrx_word' id='word_1_89' title='bbox 491 926 658 978; x_wconf 80' lang='lat' dir='ltr'><strong>caritas,</strong></span> <span class='ocrx_word' id='word_1_90' title='bbox 686 942 774 967; x_wconf 86' lang='lat' dir='ltr'><strong>non</strong></span> <span class='ocrx_word' id='word_1_91' title='bbox 804 938 945 969; x_wconf 84' lang='lat' dir='ltr'><strong>tamen</strong></span> <span class='ocrx_word' id='word_1_92' title='bbox 974 944 1142 985; x_wconf 84' lang='lat' dir='ltr'><strong>semper</strong></span> <span class='ocrx_word' id='word_1_93' title='bbox 1170 929 1221 970; x_wconf 80' lang='lat' dir='ltr'><strong>ab</strong></span> <span class='ocrx_word' id='word_1_94' title='bbox 1251 928 1493 970; x_wconf 83' lang='lat' dir='ltr'><strong>hominibus</strong></span> 
     </span>
     <span class='ocr_line' id='line_1_12' title="bbox 74 1005 1497 1067; baseline 0.001 -19"><span class='ocrx_word' id='word_1_95' title='bbox 74 1008 127 1048; x_wconf 85' lang='lat' dir='ltr'><strong>ad</strong></span> <span class='ocrx_word' id='word_1_96' title='bbox 158 1022 229 1058; x_wconf 85' lang='lat' dir='ltr'><strong>ea,</strong></span> <span class='ocrx_word' id='word_1_97' title='bbox 260 1022 364 1062; x_wconf 89' lang='lat' dir='ltr'><strong>quae</strong></span> <span class='ocrx_word' id='word_1_98' title='bbox 393 1005 480 1046; x_wconf 87' lang='lat' dir='ltr'><strong>Dei</strong></span> <span class='ocrx_word' id='word_1_99' title='bbox 509 1017 626 1057; x_wconf 88' lang='lat' dir='ltr'><strong>sunt,</strong></span> <span class='ocrx_word' id='word_1_100' title='bbox 667 1017 708 1046; x_wconf 81' lang='lat' dir='ltr'><strong>et</strong></span> <span class='ocrx_word' id='word_1_101' title='bbox 738 1022 843 1063; x_wconf 89' lang='lat' dir='ltr'><strong>quae</strong></span> <span class='ocrx_word' id='word_1_102' title='bbox 874 1007 991 1048; x_wconf 89' lang='lat' dir='ltr'><strong>Deus</strong></span> <span class='ocrx_word' id='word_1_103' title='bbox 1022 1007 1136 1058; x_wconf 78' lang='lat' dir='ltr'><strong>vult,</strong></span> <span class='ocrx_word' id='word_1_104' title='bbox 1176 1023 1284 1064; x_wconf 90' lang='lat' dir='ltr'><strong>opus</strong></span> <span class='ocrx_word' id='word_1_105' title='bbox 1315 1006 1403 1067; x_wconf 80' lang='lat' dir='ltr'><strong>ejus</strong></span> <span class='ocrx_word' id='word_1_106' title='bbox 1433 1023 1497 1049; x_wconf 84' lang='lat' dir='ltr'><strong>as-</strong></span> 
     </span>
     <span class='ocr_line' id='line_1_13' title="bbox 71 1083 1493 1142; baseline 0 -15"><span class='ocrx_word' id='word_1_107' title='bbox 71 1084 193 1129; x_wconf 85' lang='lat' dir='ltr'><strong>sumi.</strong></span> <span class='ocrx_word' id='word_1_108' title='bbox 251 1085 338 1127; x_wconf 86' lang='lat' dir='ltr'><strong>Sed</strong></span> <span class='ocrx_word' id='word_1_109' title='bbox 370 1096 412 1125; x_wconf 87' lang='lat' dir='ltr'><strong>et</strong></span> <span class='ocrx_word' id='word_1_110' title='bbox 439 1083 521 1125; x_wconf 89' lang='lat' dir='ltr'><strong>hoc</strong></span> <span class='ocrx_word' id='word_1_111' title='bbox 550 1083 655 1125; x_wconf 88' lang='lat' dir='ltr'><strong>scire</strong></span> <span class='ocrx_word' id='word_1_112' title='bbox 687 1096 871 1141; x_wconf 80' lang='lat' dir='ltr'><strong>oportet,</strong></span> <span class='ocrx_word' id='word_1_113' title='bbox 902 1086 1019 1142; x_wconf 92' lang='lat' dir='ltr'><strong>quod</strong></span> <span class='ocrx_word' id='word_1_114' title='bbox 1047 1085 1312 1142; x_wconf 85' lang='lat' dir='ltr'><strong>impossibile</strong></span> <span class='ocrx_word' id='word_1_115' title='bbox 1343 1097 1416 1137; x_wconf 89' lang='lat' dir='ltr'><strong>est,</strong></span> <span class='ocrx_word' id='word_1_116' title='bbox 1445 1098 1493 1127; x_wconf 82' lang='lat' dir='ltr'><strong>ut</strong></span> 
     </span>
     <span class='ocr_line' id='line_1_14' title="bbox 71 1162 1495 1220; baseline 0.001 -15"><span class='ocrx_word' id='word_1_117' title='bbox 71 1180 157 1205; x_wconf 88' lang='lat' dir='ltr'><strong>non</strong></span> <span class='ocrx_word' id='word_1_118' title='bbox 198 1179 365 1220; x_wconf 82' lang='lat' dir='ltr'><strong>semper</strong></span> <span class='ocrx_word' id='word_1_119' title='bbox 402 1163 581 1204; x_wconf 82' lang='lat' dir='ltr'><strong>humana</strong></span> <span class='ocrx_word' id='word_1_120' title='bbox 619 1174 766 1204; x_wconf 81' lang='lat' dir='ltr'><strong>natura</strong></span> <span class='ocrx_word' id='word_1_121' title='bbox 804 1162 964 1220; x_wconf 80' lang='lat' dir='ltr'><strong>aliquid</strong></span> <span class='ocrx_word' id='word_1_122' title='bbox 1007 1175 1128 1205; x_wconf 86' lang='lat' dir='ltr'><strong>amet.</strong></span> <span class='ocrx_word' id='word_1_123' title='bbox 1190 1162 1341 1206; x_wconf 86' lang='lat' dir='ltr'><strong>Omnis</strong></span> <span class='ocrx_word' id='word_1_124' title='bbox 1377 1179 1495 1206; x_wconf 74' lang='lat' dir='ltr'><strong>nam-</strong></span> 
     </span>
     <span class='ocr_line' id='line_1_15' title="bbox 74 1240 1494 1299; baseline 0.001 -16"><span class='ocrx_word' id='word_1_125' title='bbox 74 1258 175 1299; x_wconf 81' lang='lat' dir='ltr'><strong>que,</strong></span> <span class='ocrx_word' id='word_1_126' title='bbox 217 1241 289 1298; x_wconf 87' lang='lat' dir='ltr'><strong>qui</strong></span> <span class='ocrx_word' id='word_1_127' title='bbox 319 1241 372 1282; x_wconf 89' lang='lat' dir='ltr'><strong>ad</strong></span> <span class='ocrx_word' id='word_1_128' title='bbox 404 1240 448 1282; x_wconf 89' lang='lat' dir='ltr'><strong>id</strong></span> <span class='ocrx_word' id='word_1_129' title='bbox 477 1240 621 1283; x_wconf 86' lang='lat' dir='ltr'><strong>aetatis</strong></span> <span class='ocrx_word' id='word_1_130' title='bbox 650 1240 833 1292; x_wconf 76' lang='lat' dir='ltr'><strong>venerit,</strong></span> <span class='ocrx_word' id='word_1_131' title='bbox 875 1257 1000 1297; x_wconf 86' lang='lat' dir='ltr'><strong>quam</strong></span> <span class='ocrx_word' id='word_1_132' title='bbox 1027 1243 1295 1298; x_wconf 74' lang='lat' dir='ltr'><strong>pubertatem</strong></span> <span class='ocrx_word' id='word_1_133' title='bbox 1326 1251 1494 1291; x_wconf 77' lang='lat' dir='ltr'><strong>vocant,</strong></span> 
     </span>
     <span class='ocr_line' id='line_1_16' title="bbox 71 1318 1496 1378; baseline 0 -16"><span class='ocrx_word' id='word_1_134' title='bbox 71 1331 181 1362; x_wconf 81' lang='lat' dir='ltr'><strong>amat</strong></span> <span class='ocrx_word' id='word_1_135' title='bbox 210 1318 372 1376; x_wconf 89' lang='lat' dir='ltr'><strong>aliquid</strong></span> <span class='ocrx_word' id='word_1_136' title='bbox 400 1336 474 1361; x_wconf 89' lang='lat' dir='ltr'><strong>seu</strong></span> <span class='ocrx_word' id='word_1_137' title='bbox 502 1319 639 1361; x_wconf 85' lang='lat' dir='ltr'><strong>minus</strong></span> <span class='ocrx_word' id='word_1_138' title='bbox 668 1332 797 1370; x_wconf 88' lang='lat' dir='ltr'><strong>recte,</strong></span> <span class='ocrx_word' id='word_1_139' title='bbox 830 1336 925 1361; x_wconf 89' lang='lat' dir='ltr'><strong>cum</strong></span> <span class='ocrx_word' id='word_1_140' title='bbox 955 1332 1079 1371; x_wconf 83' lang='lat' dir='ltr'><strong>amat,</strong></span> <span class='ocrx_word' id='word_1_141' title='bbox 1111 1337 1215 1378; x_wconf 88' lang='lat' dir='ltr'><strong>quae</strong></span> <span class='ocrx_word' id='word_1_142' title='bbox 1243 1337 1333 1362; x_wconf 88' lang='lat' dir='ltr'><strong>non</strong></span> <span class='ocrx_word' id='word_1_143' title='bbox 1364 1337 1496 1378; x_wconf 88' lang='lat' dir='ltr'><strong>opor-</strong></span> 
     </span>
     <span class='ocr_line' id='line_1_17' title="bbox 71 1397 1495 1456; baseline -0.001 -16"><span class='ocrx_word' id='word_1_144' title='bbox 71 1409 154 1440; x_wconf 87' lang='lat' dir='ltr'><strong>tet:</strong></span> <span class='ocrx_word' id='word_1_145' title='bbox 193 1414 267 1440; x_wconf 90' lang='lat' dir='ltr'><strong>seu</strong></span> <span class='ocrx_word' id='word_1_146' title='bbox 294 1409 407 1439; x_wconf 90' lang='lat' dir='ltr'><strong>recte</strong></span> <span class='ocrx_word' id='word_1_147' title='bbox 433 1409 481 1439; x_wconf 72' lang='lat' dir='ltr'><strong>‘et</strong></span> <span class='ocrx_word' id='word_1_148' title='bbox 508 1397 690 1449; x_wconf 81' lang='lat' dir='ltr'><strong>utiliter,</strong></span> <span class='ocrx_word' id='word_1_149' title='bbox 728 1414 824 1439; x_wconf 90' lang='lat' dir='ltr'><strong>cum</strong></span> <span class='ocrx_word' id='word_1_150' title='bbox 854 1409 987 1451; x_wconf 86' lang='lat' dir='ltr'><strong>amat,</strong></span> <span class='ocrx_word' id='word_1_151' title='bbox 1027 1415 1133 1456; x_wconf 88' lang='lat' dir='ltr'><strong>quae</strong></span> <span class='ocrx_word' id='word_1_152' title='bbox 1165 1409 1351 1456; x_wconf 85' lang='lat' dir='ltr'><strong>oportet.</strong></span> <span class='ocrx_word' id='word_1_153' title='bbox 1409 1399 1495 1440; x_wconf 85' lang='lat' dir='ltr'><strong>Ve-</strong></span> 
     </span>
     <span class='ocr_line' id='line_1_18' title="bbox 70 1473 1495 1533; baseline 0.002 -16"><span class='ocrx_word' id='word_1_154' title='bbox 70 1492 165 1517; x_wconf 89' lang='lat' dir='ltr'><strong>rum</strong></span> <span class='ocrx_word' id='word_1_155' title='bbox 193 1475 390 1518; x_wconf 85' lang='lat' dir='ltr'><strong>nonnulli</strong></span> <span class='ocrx_word' id='word_1_156' title='bbox 418 1473 528 1516; x_wconf 87' lang='lat' dir='ltr'><strong>hunc</strong></span> <span class='ocrx_word' id='word_1_157' title='bbox 558 1475 711 1517; x_wconf 86' lang='lat' dir='ltr'><strong>amoris</strong></span> <span class='ocrx_word' id='word_1_158' title='bbox 740 1476 941 1517; x_wconf 89' lang='lat' dir='ltr'><strong>affectum</strong></span> <span class='ocrx_word' id='word_1_159' title='bbox 958 1507 968 1527; x_wconf 95' lang='lat'><strong>,</strong></span> <span class='ocrx_word' id='word_1_160' title='bbox 1010 1475 1083 1533; x_wconf 87' lang='lat' dir='ltr'><strong>qui</strong></span> <span class='ocrx_word' id='word_1_161' title='bbox 1119 1476 1281 1519; x_wconf 81' lang='lat' dir='ltr'><strong>animae</strong></span> <span class='ocrx_word' id='word_1_162' title='bbox 1309 1476 1495 1520; x_wconf 80' lang='lat' dir='ltr'><strong>rationa-</strong></span> 
     </span>
     <span class='ocr_line' id='line_1_19' title="bbox 69 1553 1496 1613; baseline 0.003 -19"><span class='ocrx_word' id='word_1_163' title='bbox 69 1553 150 1595; x_wconf 86' lang='lat' dir='ltr'><strong>bili</strong></span> <span class='ocrx_word' id='word_1_164' title='bbox 178 1553 325 1595; x_wconf 89' lang='lat' dir='ltr'><strong>insitus</strong></span> <span class='ocrx_word' id='word_1_165' title='bbox 355 1564 416 1594; x_wconf 87' lang='lat' dir='ltr'><strong>est</strong></span> <span class='ocrx_word' id='word_1_166' title='bbox 442 1553 651 1595; x_wconf 87' lang='lat' dir='ltr'><strong>beneficio</strong></span> <span class='ocrx_word' id='word_1_167' title='bbox 684 1553 929 1605; x_wconf 81' lang='lat' dir='ltr'><strong>conditoris,</strong></span> <span class='ocrx_word' id='word_1_168' title='bbox 959 1566 1031 1596; x_wconf 88' lang='lat' dir='ltr'><strong>aut</strong></span> <span class='ocrx_word' id='word_1_169' title='bbox 1060 1556 1113 1596; x_wconf 88' lang='lat' dir='ltr'><strong>ad</strong></span> <span class='ocrx_word' id='word_1_170' title='bbox 1144 1571 1334 1597; x_wconf 87' lang='lat' dir='ltr'><strong>amorem</strong></span> <span class='ocrx_word' id='word_1_171' title='bbox 1364 1573 1496 1613; x_wconf 75' lang='lat' dir='ltr'><strong>pecu-</strong></span> 
     </span>
     <span class='ocr_line' id='line_1_20' title="bbox 69 1631 1495 1688; baseline 0.002 -15"><span class='ocrx_word' id='word_1_172' title='bbox 69 1632 161 1674; x_wconf 87' lang='lat' dir='ltr'><strong>niae</strong></span> <span class='ocrx_word' id='word_1_173' title='bbox 198 1632 368 1674; x_wconf 90' lang='lat' dir='ltr'><strong>trahunt</strong></span> <span class='ocrx_word' id='word_1_174' title='bbox 408 1644 450 1673; x_wconf 91' lang='lat' dir='ltr'><strong>et</strong></span> <span class='ocrx_word' id='word_1_175' title='bbox 474 1632 518 1688; x_wconf 86' lang='lat'><strong>²)</strong></span> <span class='ocrx_word' id='word_1_176' title='bbox 557 1631 753 1674; x_wconf 85' lang='lat' dir='ltr'><strong>avaritiae</strong></span> <span class='ocrx_word' id='word_1_177' title='bbox 791 1631 1000 1683; x_wconf 86' lang='lat' dir='ltr'><strong>studium,</strong></span> <span class='ocrx_word' id='word_1_178' title='bbox 1049 1644 1120 1674; x_wconf 85' lang='lat' dir='ltr'><strong>aut</strong></span> <span class='ocrx_word' id='word_1_179' title='bbox 1171 1650 1267 1688; x_wconf 81' lang='lat' dir='ltr'><strong>erga</strong></span> <span class='ocrx_word' id='word_1_180' title='bbox 1315 1634 1495 1688; x_wconf 85' lang='lat' dir='ltr'><strong>gloriam</strong></span> 
     </span>
     <span class='ocr_line' id='line_1_21' title="bbox 70 1709 1495 1767; baseline 0.003 -16"><span class='ocrx_word' id='word_1_181' title='bbox 70 1710 331 1767; x_wconf 76' lang='lat' dir='ltr'><strong>captandam,</strong></span> <span class='ocrx_word' id='word_1_182' title='bbox 365 1721 407 1751; x_wconf 90' lang='lat' dir='ltr'><strong>et</strong></span> <span class='ocrx_word' id='word_1_183' title='bbox 434 1710 542 1751; x_wconf 86' lang='lat' dir='ltr'><strong>fiunt</strong></span> <span class='ocrx_word' id='word_1_184' title='bbox 570 1710 703 1753; x_wconf 86' lang='lat' dir='ltr'><strong>inanis</strong></span> <span class='ocrx_word' id='word_1_185' title='bbox 734 1710 892 1764; x_wconf 84' lang='lat' dir='ltr'><strong>gloriae</strong></span> <span class='ocrx_word' id='word_1_186' title='bbox 924 1709 1091 1767; x_wconf 85' lang='lat' dir='ltr'><strong>cupidi:</strong></span> <span class='ocrx_word' id='word_1_187' title='bbox 1130 1722 1201 1752; x_wconf 88' lang='lat' dir='ltr'><strong>aut</strong></span> <span class='ocrx_word' id='word_1_188' title='bbox 1232 1727 1328 1765; x_wconf 79' lang='lat' dir='ltr'><strong>erga</strong></span> <span class='ocrx_word' id='word_1_189' title='bbox 1356 1723 1495 1755; x_wconf 82' lang='lat' dir='ltr'><strong>scorta</strong></span> 
     </span>
     <span class='ocr_line' id='line_1_22' title="bbox 70 1787 1494 1847; baseline 0.001 -17"><span class='ocrx_word' id='word_1_190' title='bbox 70 1788 287 1838; x_wconf 81' lang='lat' dir='ltr'><strong>sectanda,</strong></span> <span class='ocrx_word' id='word_1_191' title='bbox 319 1800 360 1830; x_wconf 87' lang='lat' dir='ltr'><strong>et</strong></span> <span class='ocrx_word' id='word_1_192' title='bbox 388 1787 659 1829; x_wconf 79' lang='lat' dir='ltr'><strong>inveniuntur</strong></span> <span class='ocrx_word' id='word_1_193' title='bbox 686 1787 978 1844; x_wconf 82' lang='lat' dir='ltr'><strong>impudicitiae</strong></span> <span class='ocrx_word' id='word_1_194' title='bbox 1008 1788 1282 1846; x_wconf 83' lang='lat' dir='ltr'><strong>libidinisque</strong></span> <span class='ocrx_word' id='word_1_195' title='bbox 1316 1789 1494 1847; x_wconf 83' lang='lat' dir='ltr'><strong>captivi:</strong></span> 
     </span>
     <span class='ocr_line' id='line_1_23' title="bbox 69 1865 1490 1925; baseline 0.001 -18"><span class='ocrx_word' id='word_1_196' title='bbox 69 1878 141 1908; x_wconf 88' lang='lat' dir='ltr'><strong>aut</strong></span> <span class='ocrx_word' id='word_1_197' title='bbox 170 1866 224 1907; x_wconf 89' lang='lat' dir='ltr'><strong>ad</strong></span> <span class='ocrx_word' id='word_1_198' title='bbox 251 1865 332 1907; x_wconf 83' lang='lat' dir='ltr'><strong>alia</strong></span> <span class='ocrx_word' id='word_1_199' title='bbox 361 1865 424 1908; x_wconf 89' lang='lat' dir='ltr'><strong>his</strong></span> <span class='ocrx_word' id='word_1_200' title='bbox 454 1865 608 1908; x_wconf 87' lang='lat' dir='ltr'><strong>similia</strong></span> <span class='ocrx_word' id='word_1_201' title='bbox 626 1866 829 1908; x_wconf 49' lang='lat' dir='ltr'><strong>virtutem*</strong></span> <span class='ocrx_word' id='word_1_202' title='bbox 853 1866 956 1908; x_wconf 88' lang='lat' dir='ltr'><strong>tanti</strong></span> <span class='ocrx_word' id='word_1_203' title='bbox 985 1866 1090 1908; x_wconf 89' lang='lat' dir='ltr'><strong>boni</strong></span> <span class='ocrx_word' id='word_1_204' title='bbox 1108 1865 1231 1925; x_wconf 77' lang='lat' dir='ltr'><strong>hujus</strong></span> <span class='ocrx_word' id='word_1_205' title='bbox 1251 1867 1490 1911; x_wconf 85' lang='lat' dir='ltr'><strong>effundunt.</strong></span> 
     </span>
     <span class='ocr_line' id='line_1_24' title="bbox 70 1944 1494 2003; baseline -0.001 -15"><span class='ocrx_word' id='word_1_206' title='bbox 70 1945 158 1988; x_wconf 86' lang='lat' dir='ltr'><strong>Sed</strong></span> <span class='ocrx_word' id='word_1_207' title='bbox 197 1956 240 1985; x_wconf 89' lang='lat' dir='ltr'><strong>et</strong></span> <span class='ocrx_word' id='word_1_208' title='bbox 278 1961 372 1986; x_wconf 90' lang='lat' dir='ltr'><strong>cum</strong></span> <span class='ocrx_word' id='word_1_209' title='bbox 414 1961 507 1998; x_wconf 81' lang='lat' dir='ltr'><strong>erga</strong></span> <span class='ocrx_word' id='word_1_210' title='bbox 547 1944 730 1986; x_wconf 82' lang='lat' dir='ltr'><strong>diversas</strong></span> <span class='ocrx_word' id='word_1_211' title='bbox 760 1956 868 1986; x_wconf 87' lang='lat' dir='ltr'><strong>artes</strong></span> <span class='ocrx_word' id='word_1_212' title='bbox 898 1961 1018 1987; x_wconf 85' lang='lat' dir='ltr'><strong>amor</strong></span> <span class='ocrx_word' id='word_1_213' title='bbox 1046 1945 1123 1986; x_wconf 90' lang='lat' dir='ltr'><strong>iste</strong></span> <span class='ocrx_word' id='word_1_214' title='bbox 1156 1944 1346 1996; x_wconf 89' lang='lat' dir='ltr'><strong>ducitur,</strong></span> <span class='ocrx_word' id='word_1_215' title='bbox 1386 1961 1494 2003; x_wconf 85' lang='lat' dir='ltr'><strong>quae</strong></span> 
     </span>
     <span class='ocr_line' id='line_1_25' title="bbox 68 2022 1496 2082; baseline 0.001 -17"><span class='ocrx_word' id='word_1_216' title='bbox 68 2040 197 2065; x_wconf 88' lang='lat' dir='ltr'><strong>manu</strong></span> <span class='ocrx_word' id='word_1_217' title='bbox 235 2022 545 2073; x_wconf 82' lang='lat' dir='ltr'><strong>ministrantur,</strong></span> <span class='ocrx_word' id='word_1_218' title='bbox 589 2033 660 2064; x_wconf 81' lang='lat' dir='ltr'><strong>aut</strong></span> <span class='ocrx_word' id='word_1_219' title='bbox 697 2039 777 2079; x_wconf 88' lang='lat' dir='ltr'><strong>per</strong></span> <span class='ocrx_word' id='word_1_220' title='bbox 819 2023 955 2066; x_wconf 88' lang='lat' dir='ltr'><strong>studia</strong></span> <span class='ocrx_word' id='word_1_221' title='bbox 990 2023 1221 2082; x_wconf 86' lang='lat' dir='ltr'><strong>praesentis</strong></span> <span class='ocrx_word' id='word_1_222' title='bbox 1260 2023 1371 2066; x_wconf 79' lang='lat' dir='ltr'><strong>vitae</strong></span> <span class='ocrx_word' id='word_1_223' title='bbox 1407 2040 1496 2066; x_wconf 82' lang='lat' dir='ltr'><strong>non</strong></span> 
     </span>
     <span class='ocr_line' id='line_1_26' title="bbox 70 2100 1493 2156; baseline 0.001 -13"><span class='ocrx_word' id='word_1_224' title='bbox 70 2103 211 2143; x_wconf 90' lang='lat' dir='ltr'><strong>solum</strong></span> <span class='ocrx_word' id='word_1_225' title='bbox 248 2100 500 2152; x_wconf 85' lang='lat' dir='ltr'><strong>necessaria,</strong></span> <span class='ocrx_word' id='word_1_226' title='bbox 535 2112 605 2152; x_wconf 88' lang='lat' dir='ltr'><strong>ut,</strong></span> <span class='ocrx_word' id='word_1_227' title='bbox 648 2100 769 2142; x_wconf 78' lang='lat' dir='ltr'><strong>verbi</strong></span> <span class='ocrx_word' id='word_1_228' title='bbox 805 2101 935 2155; x_wconf 76' lang='lat' dir='ltr'><strong>gratia</strong></span> <span class='ocrx_word' id='word_1_229' title='bbox 981 2101 1180 2154; x_wconf 85' lang='lat' dir='ltr'><strong>dixerim,</strong></span> <span class='ocrx_word' id='word_1_230' title='bbox 1227 2118 1323 2156; x_wconf 85' lang='lat' dir='ltr'><strong>erga</strong></span> <span class='ocrx_word' id='word_1_231' title='bbox 1360 2113 1493 2144; x_wconf 83' lang='lat' dir='ltr'><strong>artem</strong></span> 
     </span>
     <span class='ocr_line' id='line_1_27' title="bbox 70 2179 1496 2237; baseline 0 -15"><span class='ocrx_word' id='word_1_232' title='bbox 70 2179 383 2237; x_wconf 82' lang='lat' dir='ltr'><strong>palaestricam,</strong></span> <span class='ocrx_word' id='word_1_233' title='bbox 424 2180 494 2221; x_wconf 78' lang='lat' dir='ltr'><strong>vel</strong></span> <span class='ocrx_word' id='word_1_234' title='bbox 537 2196 678 2221; x_wconf 87' lang='lat' dir='ltr'><strong>cursus</strong></span> <span class='ocrx_word' id='word_1_235' title='bbox 718 2179 933 2232; x_wconf 85' lang='lat' dir='ltr'><strong>exercitia,</strong></span> <span class='ocrx_word' id='word_1_236' title='bbox 974 2192 1045 2222; x_wconf 85' lang='lat' dir='ltr'><strong>aut</strong></span> <span class='ocrx_word' id='word_1_237' title='bbox 1086 2191 1197 2223; x_wconf 88' lang='lat' dir='ltr'><strong>certe</strong></span> <span class='ocrx_word' id='word_1_238' title='bbox 1238 2179 1366 2222; x_wconf 81' lang='lat' dir='ltr'><strong>etiam</strong></span> <span class='ocrx_word' id='word_1_239' title='bbox 1399 2196 1496 2234; x_wconf 79' lang='lat' dir='ltr'><strong>erga</strong></span> 
     </span>
     <span class='ocr_line' id='line_1_28' title="bbox 71 2257 1493 2313; baseline -0.001 -12"><span class='ocrx_word' id='word_1_240' title='bbox 71 2257 391 2313; x_wconf 84' lang='lat' dir='ltr'><strong>geometricam,</strong></span> <span class='ocrx_word' id='word_1_241' title='bbox 430 2258 500 2299; x_wconf 87' lang='lat' dir='ltr'><strong>vel</strong></span> <span class='ocrx_word' id='word_1_242' title='bbox 537 2257 762 2309; x_wconf 82' lang='lat' dir='ltr'><strong>musicam,</strong></span> <span class='ocrx_word' id='word_1_243' title='bbox 806 2258 876 2300; x_wconf 80' lang='lat' dir='ltr'><strong>vel</strong></span> <span class='ocrx_word' id='word_1_244' title='bbox 917 2258 1224 2302; x_wconf 81' lang='lat' dir='ltr'><strong>arithmeticam</strong></span> <span class='ocrx_word' id='word_1_245' title='bbox 1263 2259 1493 2312; x_wconf 83' lang='lat' dir='ltr'><strong>confertur,</strong></span> 
     </span>
     <span class='ocr_line' id='line_1_29' title="bbox 71 2335 1495 2395; baseline 0 -16"><span class='ocrx_word' id='word_1_246' title='bbox 71 2349 195 2395; x_wconf 84' lang='lat' dir='ltr'><strong>atque</strong></span> <span class='ocrx_word' id='word_1_247' title='bbox 240 2338 292 2379; x_wconf 90' lang='lat' dir='ltr'><strong>ad</strong></span> <span class='ocrx_word' id='word_1_248' title='bbox 336 2336 435 2379; x_wconf 85' lang='lat' dir='ltr'><strong>alias</strong></span> <span class='ocrx_word' id='word_1_249' title='bbox 479 2337 548 2378; x_wconf 85' lang='lat' dir='ltr'><strong>vel</strong></span> <span class='ocrx_word' id='word_1_250' title='bbox 591 2335 886 2394; x_wconf 83' lang='lat' dir='ltr'><strong>hujuscemodi</strong></span> <span class='ocrx_word' id='word_1_251' title='bbox 930 2336 1192 2394; x_wconf 87' lang='lat' dir='ltr'><strong>disciplinas:</strong></span> <span class='ocrx_word' id='word_1_252' title='bbox 1243 2353 1321 2379; x_wconf 90' lang='lat' dir='ltr'><strong>nec</strong></span> <span class='ocrx_word' id='word_1_253' title='bbox 1345 2338 1392 2395; x_wconf 81' lang='lat'><strong>³)</strong></span> <span class='ocrx_word' id='word_1_254' title='bbox 1435 2337 1495 2379; x_wconf 90' lang='lat' dir='ltr'><strong>sic</strong></span> 
     </span>
    </p>
   </div>
   <div class='ocr_carea' id='block_1_3' title="bbox 74 2414 1493 2474">
    <p class='ocr_par' dir='ltr' id='par_1_3' title="bbox 74 2414 1493 2474">
     <span class='ocr_line' id='line_1_30' title="bbox 74 2414 1493 2474; baseline 0.001 -17"><span class='ocrx_word' id='word_1_255' title='bbox 74 2415 247 2474; x_wconf 87' lang='lat' dir='ltr'><strong>quidem</strong></span> <span class='ocrx_word' id='word_1_256' title='bbox 282 2414 385 2467; x_wconf 80' lang='lat' dir='ltr'><strong>mihi</strong></span> <span class='ocrx_word' id='word_1_257' title='bbox 424 2414 592 2458; x_wconf 76' lang='lat' dir='ltr'><strong>videtur</strong></span> <span class='ocrx_word' id='word_1_258' title='bbox 629 2431 726 2457; x_wconf 85' lang='lat' dir='ltr'><strong>usus</strong></span> <span class='ocrx_word' id='word_1_259' title='bbox 766 2414 852 2474; x_wconf 81' lang='lat' dir='ltr'><strong>ejus</strong></span> <span class='ocrx_word' id='word_1_260' title='bbox 890 2415 1171 2474; x_wconf 84' lang='lat' dir='ltr'><strong>probabiliter</strong></span> <span class='ocrx_word' id='word_1_261' title='bbox 1199 2415 1319 2460; x_wconf 87' lang='lat' dir='ltr'><strong>sumi.</strong></span> <span class='ocrx_word' id='word_1_262' title='bbox 1381 2415 1427 2459; x_wconf 87' lang='lat' dir='ltr'><strong>Si</strong></span> <span class='ocrx_word' id='word_1_263' title='bbox 1450 2415 1493 2474; x_wconf 80' lang='lat'><strong>⁴)</strong></span> 
     </span>
    </p>
   </div>
   <div class='ocr_carea' id='block_1_4' title="bbox 187 2612 1448 2813">
    <p class='ocr_par' dir='ltr' id='par_1_4' title="bbox 187 2612 1448 2813">
     <span class='ocr_line' id='line_1_31' title="bbox 190 2612 625 2670; baseline 0.005 -15"><span class='ocrx_word' id='word_1_264' title='bbox 190 2614 233 2670; x_wconf 83' lang='lat'><strong>¹)</strong></span> <span class='ocrx_word' id='word_1_265' title='bbox 263 2614 283 2655; x_wconf 85' lang='grc' dir='ltr'>Ῐ</span> <span class='ocrx_word' id='word_1_266' title='bbox 302 2613 451 2655; x_wconf 79' lang='lat' dir='ltr'><strong>Joann.</strong></span> <span class='ocrx_word' id='word_1_267' title='bbox 483 2613 555 2664; x_wconf 83' lang='lat' dir='ltr'><strong>IV,</strong></span> <span class='ocrx_word' id='word_1_268' title='bbox 585 2612 625 2657; x_wconf 80' lang='grc'><strong>8.</strong></span> 
     </span>
     <span class='ocr_line' id='line_1_32' title="bbox 188 2682 1448 2742; baseline 0.002 -16"><span class='ocrx_word' id='word_1_269' title='bbox 188 2686 232 2742; x_wconf 83' lang='lat'><strong>²)</strong></span> <span class='ocrx_word' id='word_1_270' title='bbox 263 2686 371 2727; x_wconf 87' lang='lat' dir='ltr'><strong>Edd.</strong></span> <span class='ocrx_word' id='word_1_271' title='bbox 403 2683 599 2727; x_wconf 86' lang='lat' dir='ltr'><strong>Merlini:</strong></span> <span class='ocrx_word' id='word_1_272' title='bbox 633 2695 674 2725; x_wconf 84' lang='lat' dir='ltr'><strong>et</strong></span> <span class='ocrx_word' id='word_1_273' title='bbox 702 2682 898 2726; x_wconf 80' lang='lat' dir='ltr'><strong>avaritiae</strong></span> <span class='ocrx_word' id='word_1_274' title='bbox 927 2684 1114 2728; x_wconf 84' lang='lat' dir='ltr'><strong>student:</strong></span> <span class='ocrx_word' id='word_1_275' title='bbox 1145 2696 1215 2728; x_wconf 89' lang='lat' dir='ltr'><strong>aut</strong></span> <span class='ocrx_word' id='word_1_276' title='bbox 1246 2702 1340 2741; x_wconf 85' lang='lat' dir='ltr'><strong>erga</strong></span> <span class='ocrx_word' id='word_1_277' title='bbox 1372 2698 1448 2729; x_wconf 87' lang='lat' dir='ltr'><strong>etc.</strong></span> 
     </span>
     <span class='ocr_line' id='line_1_33' title="bbox 187 2754 1079 2813; baseline 0.002 -16"><span class='ocrx_word' id='word_1_278' title='bbox 187 2756 230 2813; x_wconf 76' lang='lat'><strong>³)</strong></span> <span class='ocrx_word' id='word_1_279' title='bbox 260 2756 370 2798; x_wconf 89' lang='lat' dir='ltr'><strong>Edd.</strong></span> <span class='ocrx_word' id='word_1_280' title='bbox 400 2754 598 2797; x_wconf 87' lang='lat' dir='ltr'><strong>Merlini.</strong></span> <span class='ocrx_word' id='word_1_281' title='bbox 625 2771 679 2796; x_wconf 91' lang='lat' dir='ltr'><strong>ne</strong></span> <span class='ocrx_word' id='word_1_282' title='bbox 709 2754 768 2796; x_wconf 87' lang='lat' dir='ltr'><strong>sic</strong></span> <span class='ocrx_word' id='word_1_283' title='bbox 800 2755 972 2811; x_wconf 89' lang='lat' dir='ltr'><strong>quidem</strong></span> <span class='ocrx_word' id='word_1_284' title='bbox 1003 2768 1079 2799; x_wconf 86' lang='lat' dir='ltr'><strong>etc.</strong></span> 
     </span>
    </p>
   </div>
   <div class='ocr_carea' id='block_1_5' title="bbox 76 2825 1493 2943">
    <p class='ocr_par' dir='ltr' id='par_1_5' title="bbox 76 2825 1493 2943">
     <span class='ocr_line' id='line_1_34' title="bbox 188 2825 1491 2892; baseline 0.002 -24"><span class='ocrx_word' id='word_1_285' title='bbox 188 2826 598 2882; x_wconf 77' lang='lat' dir='ltr'><strong>⁴)Edd.Me1-lini·</strong></span> <span class='ocrx_word' id='word_1_286' title='bbox 639 2826 686 2868; x_wconf 88' lang='lat' dir='ltr'><strong>Si</strong></span> <span class='ocrx_word' id='word_1_287' title='bbox 726 2825 836 2867; x_wconf 90' lang='lat' dir='ltr'><strong>enim</strong></span> <span class='ocrx_word' id='word_1_288' title='bbox 877 2826 976 2892; x_wconf 87' lang='lat' dir='ltr'><strong>quid</strong></span> <span class='ocrx_word' id='word_1_289' title='bbox 1014 2829 1176 2870; x_wconf 89' lang='lat' dir='ltr'><strong>bonum</strong></span> <span class='ocrx_word' id='word_1_290' title='bbox 1218 2841 1298 2880; x_wconf 81' lang='lat' dir='ltr'><strong>est,</strong></span> <span class='ocrx_word' id='word_1_291' title='bbox 1338 2829 1420 2870; x_wconf 82' lang='lat' dir='ltr'><strong>hoc</strong></span> <span class='ocrx_word' id='word_1_292' title='bbox 1453 2841 1491 2870; x_wconf 90' lang='lat' dir='ltr'><strong>et</strong></span> 
     </span>
     <span class='ocr_line' id='line_1_35' title="bbox 76 2883 1493 2943; baseline 0.001 -18"><span class='ocrx_word' id='word_1_293' title='bbox 76 2883 298 2940; x_wconf 80' lang='lat' dir='ltr'><strong>probabile</strong></span> <span class='ocrx_word' id='word_1_294' title='bbox 330 2895 402 2927; x_wconf 86' lang='lat' dir='ltr'><strong>est.</strong></span> <span class='ocrx_word' id='word_1_295' title='bbox 460 2883 630 2925; x_wconf 89' lang='lat' dir='ltr'><strong>Bonum</strong></span> <span class='ocrx_word' id='word_1_296' title='bbox 662 2899 758 2936; x_wconf 84' lang='lat' dir='ltr'><strong>ergo</strong></span> <span class='ocrx_word' id='word_1_297' title='bbox 790 2883 962 2940; x_wconf 88' lang='lat' dir='ltr'><strong>proprie</strong></span> <span class='ocrx_word' id='word_1_298' title='bbox 993 2909 1044 2918; x_wconf 91' lang='grc'><strong>--</strong></span> <span class='ocrx_word' id='word_1_299' title='bbox 1076 2902 1320 2943; x_wconf 83' lang='lat' dir='ltr'><strong>corporeos,</strong></span> <span class='ocrx_word' id='word_1_300' title='bbox 1349 2887 1460 2927; x_wconf 87' lang='lat' dir='ltr'><strong>sed</strong></span> <span class='ocrx_word' id='word_1_301' title='bbox 1449 2903 1493 2926; x_wconf 86' lang='lat' dir='ltr'><strong>m</strong></span> 
     </span>
    </p>
   </div>
  </div>
 </body>
</html>
