1759 3134
661 153 897 194 Momrum.
1415 150 1497 195 283

82 265 294 323 physicam
327 274 367 304 et
396 263 612 305 theoricen
643 264 980 319 appellaverunt3
1013 262 1110 317 (nos
1140 262 1212 303 has
1230 262 1371 302 dicere
1400 278 1498 317 pos·

82 359 223 383 sumus
270 340 498 391 moralem,
543 341 775 383 naturalem
821 351 860 380 et
907 338 1216 394 inspectivam.)
1288 338 1497 379 Nonnulli

82 436 178 459 sane
208 419 337 474 (apud
367 417 573 473 Graecos)
605 417 730 458 etiam
761 417 939 470 logicen,
973 416 1111 471 (quod
1141 430 1217 454 nos
1247 414 1495 455 rationalem

82 511 302 551 possumus
342 494 535 550 dicere,)
575 506 722 550 quarto
762 493 805 533 in
844 507 1022 532 numero
1061 498 1344 546 posuerunt.“
1407 493 1495 533 Nec

83 584 220 612 tamen
261 583 408 611 auctor
445 571 513 611 hic
544 588 586 612 se
618 571 793 611 latinum
822 569 1059 625 profitetur.
1120 569 1228 609 Nam
1257 568 1355 617 illa,
1390 585 1495 624 quae

83 648 244 688 unculis
275 648 539 698 inclusimus,
578 647 817 703 interpretis
854 658 970 697 sunt,
1008 662 1096 686 non
1133 645 1327 687 auctoris.
1389 646 1497 688 Cum

83 724 195 766 enim
228 725 388 765 Graeca
418 725 567 765 litteris
599 724 768 780 quidem
799 723 957 774 latinis,
987 723 1128 765 verbis
1155 735 1295 764 autem
1328 723 1499 764 Graecis

82 802 222 858 primo
254 801 526 851 reddidisset,
566 819 618 842 ne
659 803 769 842 sorte
800 818 822 842 a
851 801 1008 841 Latinis
1036 817 1124 841 non
1153 800 1500 852 intelligerentur,

82 891 153 920 aut
182 896 234 920 ne
264 879 353 934 ipse
383 895 470 918 non
499 879 752 920 intellexisse
785 878 1020 928 videretur,
1061 879 1206 918 eadem
1245 878 1372 919 latine
1409 895 1500 918 rur-

84 973 151 997 sus
191 955 458 1011 interpretari
498 956 655 1008 voluit;
699 957 814 1012 quod
855 967 915 996 est
953 955 1162 996 veteribus
1202 954 1501 1010 interpretibus

83 1050 285 1089 perquam
316 1032 535 1077 familiare.
588 1033 752 1073 Locum
782 1045 923 1073 autem
953 1033 1091 1089 ipsum
1121 1035 1172 1074 ab
1191 1032 1373 1084 Origene
1402 1031 1502 1072 scri-

83 1122 204 1166 ptum
243 1109 372 1150 fuisse
411 1110 479 1149 vel
519 1108 629 1149 illud
669 1111 826 1163 arguit,
866 1111 982 1166 quod
1016 1127 1112 1150 eum
1141 1110 1425 1167 Hieronymus
1450 1111 1502 1150 ad

84 1187 367 1228 Ecclesiasten
397 1197 614 1241 sequatur,
653 1198 700 1227 ut
728 1198 829 1227 tunc
857 1187 1146 1242 potissimum,
1187 1204 1280 1227 cum
1312 1187 1502 1226 nondum

87 1264 311 1316 Origenica
351 1264 456 1303 adeo
497 1263 816 1318 displicuerant,
863 1265 1037 1305 solebat.
1111 1265 1178 1304 De
1217 1264 1352 1304 tribus
1392 1263 1503 1304 enim

86 1340 328 1382 Salomonis
358 1340 475 1380 libris
507 1357 652 1392 agens,
692 1352 734 1381 et
764 1357 913 1381 eorum
944 1341 1160 1389 ordinem,
1192 1351 1233 1380 et
1263 1352 1504 1392 argumenta

87 1434 182 1457 cum
212 1417 393 1469 Origene
427 1419 664 1467 observans,
695 1417 774 1458 ait:
809 1419 947 1467 „haud
977 1418 1130 1473 procul
1161 1417 1211 1457 ab
1241 1417 1323 1457 hoc
1356 1417 1504 1457 ordine

85 1494 375 1535 doctrinarum
416 1506 457 1534 et
493 1494 741 1550 philosophi
784 1506 1010 1536 sectatores
1053 1511 1149 1535 suos
1194 1494 1412 1545 erudiunt,
1458 1507 1506 1535 ut

84 1572 272 1628 primum
303 1571 484 1613 ethicam
514 1573 707 1622 doceant,
739 1572 891 1613 deinde
920 1572 1136 1630 physicam
1164 1571 1506 1627 interpretentur,

89 1662 130 1691 et
167 1666 295 1706 quem
331 1649 375 1689 in
412 1648 475 1688 his
513 1648 743 1703 profecisse
787 1648 1099 1704 perspexerint,
1146 1649 1199 1688 ad
1247 1649 1506 1700 theologiam

87 1743 219 1782 usque
258 1727 540 1781 producant.“
599 1723 740 1778 Quem
777 1725 922 1766 locum
959 1725 993 1765 si
1031 1725 1076 1765 in
1113 1725 1254 1765 animo
1295 1725 1508 1767 habuisset

87 1803 295 1844 Hem-icus
310 1801 515 1851 Valesius,
544 1817 759 1857 nunquam
786 1802 907 1843 illam
939 1802 1279 1843 observationem
1306 1802 1352 1843 in
1379 1820 1509 1844 anno-

87 1880 316 1922 tationibus
353 1881 403 1921 ad
433 1879 666 1920 Eusebium
696 1880 963 1935 protulisset:
1003 1891 1154 1931 „certe
1186 1879 1230 1920 in
1259 1878 1378 1919 libris
1407 1878 1510 1920 Hie-

89 1957 256 2015 ronymi
293 1973 509 2012 nunquam
549 1956 830 2009 Theologiam
868 1956 952 1997 dici
990 1957 1195 2012 reperies,
1240 1958 1315 1997 sed
1365 1973 1510 2009 graece

90 2039 354 2091 θεολογίαν.
368 2040 392 2058 “
464 2035 613 2090 Neque
657 2033 692 2074 si
733 2033 953 2087 cogitasset
990 2033 1301 2092 Hieronymum
1338 2033 1382 2074 in
1422 2033 1511 2089 epi-

91 2114 202 2155 stola
230 2112 325 2156 155.
385 2111 580 2164 Origenis
617 2111 728 2152 hunc
767 2112 911 2152 locum
941 2111 1175 2167 exprimere
1205 2112 1415 2162 voluisse,
1452 2112 1512 2152 le-

95 2191 282 2232 ctionem
323 2189 493 2232 Codicis
531 2188 780 2230 Memmiani
818 2189 1008 2241 vulgatae
1051 2189 1190 2231 statim
1232 2190 1512 2245 praetulisset,

95 2280 166 2308 aut
202 2268 307 2308 hane
345 2267 433 2307 sine
471 2282 594 2307 sensu
628 2266 849 2307 theoricen
888 2267 1082 2308 exhibere
1128 2266 1310 2308 dixisset.
1375 2268 1514 2307 Verba

96 2343 343 2401 Hieronymi
372 2355 489 2385 sunt:
536 2344 818 2400 „philosophi
848 2345 986 2386 solent
1017 2344 1320 2400 disputationes
1350 2361 1442 2384 suas
1471 2343 1513 2383 in

97 2421 331 2479 physicam,
363 2421 542 2462 ethicam
572 2421 837 2478 logicamque
867 2422 1037 2478 partiri;
1078 2422 1136 2462 ita
1180 2433 1217 2462 et
1251 2421 1421 2477 eloquia
1453 2421 1514 2462 di-

99 2498 194 2539 vina
224 2510 294 2538 aut
324 2499 375 2538 de
407 2509 552 2538 natura
582 2497 808 2554 disputare,
838 2511 884 2540 ut
913 2500 957 2540 in
980 2499 1136 2541 Genesi
1168 2510 1210 2539 et
1239 2498 1514 2546 Ecclesiaste3

100 2588 170 2616 aut
202 2577 253 2616 de
283 2574 495 2625 moribus,
525 2587 571 2615 ut
601 2574 641 2615 in
672 2576 937 2627 Proverbiis,
973 2588 1014 2617 et
1043 2576 1085 2616 in
1116 2575 1311 2616 omnibus
1340 2575 1516 2631 sparsim

103 2652 242 2705 libris;
281 2664 350 2694 aut
380 2653 432 2693 de
463 2652 620 2705 logica,
660 2669 738 2708 pro
779 2670 859 2709 qua
896 2654 1029 2695 nostri
1070 2652 1287 2694 theoricen
1318 2652 1397 2694 sibi
1427 2652 1516 2692 vin-

103 2728 257 2780 dicant,
288 2741 333 2769 ut
365 2728 406 2769 in
425 2729 600 2771 Cantico
621 2730 905 2781 Canticorum‚
937 2743 977 2772 et
1007 2731 1050 2771 in
1072 2730 1349 2784 Evangeliis.“
1395 2729 1516 2783 Quae

108 2823 203 2849 cum
234 2823 282 2848 ex
312 2806 497 2860 Origene
529 2807 657 2863 petita
690 2807 825 2863 quivis
855 2808 1073 2862 intelligat,
1105 2809 1321 2850 theoricen
1351 2823 1401 2849 eo
1432 2805 1517 2847 loci
