1759 3134
231 106 315 149 262
525 108 744 147 Omomus
775 117 818 146 m
852 104 1033 146 CANTm.
1066 102 1367 147 CANTJCORUM

236 220 321 278 jam
363 219 521 260 calluit.
565 218 798 270 «‚‚Vineam
828 219 868 273 ¹)
916 216 1029 257 enim
1077 231 1123 256 ex
1168 218 1367 274 Aepypto
1406 215 1669 267 transtulisti,

244 297 404 357 ejecisti
434 308 598 350 gentes,
640 307 681 336 et
722 295 920 352 plantasti
952 312 1054 335 eam.
1117 295 1300 350 Operuit
1329 305 1494 334 montes
1523 295 1672 333 umbra

246 374 359 432 ejus,
402 386 443 414 ct
481 376 648 415 arbusta
692 373 779 431 ejus
818 374 966 414 cedros
1003 372 1195 412 Libani.“
1252 372 1308 413 Et
1345 372 1445 412 haec
1487 371 1673 426 quidem,

245 467 350 506 quae
382 451 674 507 exposuimus,
708 452 848 492 locuta
879 450 931 491 sit
962 466 1114 506 sponsa
1145 450 1196 490 de
1227 466 1408 506 sponso,
1440 448 1676 501 significans

246 544 435 569 amorem
474 546 595 570 suum
639 541 679 570 ct
717 528 861 585 sponsi
900 526 1105 567 venientis
1145 526 1403 582 hospitium,
1454 526 1674 582 quomodo

247 606 290 646 in
329 607 472 647 medio
511 609 690 648 uberum
736 618 776 647 et
815 605 877 647 sui
922 604 1060 646 cordis
1101 621 1252 645 arcano
1291 621 1467 660 sponsus
1507 603 1677 644 veniens

248 694 550 725 commoretur.
1342 681 1354 696 '

361 761 400 804 4.
460 762 620 803 Rursus
652 762 795 818 sponsi
828 762 880 801 ad
912 776 1003 801 eam
1035 776 1172 800 sermo
1217 758 1434 812 dirigitur,
1476 771 1517 799 et
1556 759 1679 800 dicit:

252 850 386 888 ‘,ecce
409 838 455 894 2)
486 840 676 895 speciosa
706 838 898 894 proxima
929 853 1045 885 mea,
1085 852 1182 877 ecce
1218 837 1429 892 speciosa,
1472 836 1586 877 oculi
1618 837 1682 878 tui

253 916 521 958 columbae.“
579 918 660 959 Illa
689 917 747 958 sic
780 915 882 957 dicit
912 916 965 956 ad
997 931 1219 970 sponsum:
1250 914 1437 969 ‚,ecce³)
1466 915 1682 970 speciosus

251 993 464 1035 fratruelis
494 1001 674 1036 meus:“
712 1011 799 1035 non
829 992 1039 1051 adjungit:
1083 1003 1124 1032 et
1161 992 1379 1047 proximus
1409 1009 1540 1034 meus.
1601 993 1683 1034 Hic

252 1082 407 1121 autem,
436 1073 604 1127 quando
635 1071 827 1127 loquitur
855 1070 908 1109 ad
941 1086 1055 1109 eam:
1089 1085 1223 1118 „ecce
1251 1069 1294 1120 ⁴²)
1328 1069 1579 1124 speciosa:“
1611 1071 1684 1110 ad-

253 1146 388 1204 jungit
418 1159 482 1188 et:
527 1149 756 1204 „proxima
796 1152 934 1188 mea.“
995 1145 1138 1198 Quare
1170 1156 1311 1185 autem
1341 1146 1415 1186 illa
1443 1162 1530 1186 non
1561 1147 1684 1188 dicit:

256 1241 354 1265 ecce
384 1225 599 1281 speciosus
627 1224 846 1281 proximus
876 1220 1003 1262 mihi:
1035 1221 1110 1261 sed
1140 1232 1323 1262 tantum:
1356 1239 1492 1272 „ecce
1517 1224 1560 1272 5)
1591 1241 1685 1281 spc-

258 1302 460 1344 ciosus?“
520 1302 665 1357 Quare
698 1301 772 1341 ille
803 1316 891 1340 non
921 1299 1084 1339 solum:
1116 1298 1307 1354 speciosa
1338 1316 1401 1340 es:
1433 1300 1557 1352 dicit,
1587 1304 1689 1344 sed:

259 1380 488 1436 „speciosa
510 1379 556 1433 6)
590 1396 632 1420 es
661 1378 855 1435 proxima
885 1375 1041 1418 mea?“
1102 1376 1290 1431 Sponsa,
1339 1378 1373 1418 si
1405 1379 1529 1432 longe
1560 1381 1689 1422 suerit

260 1474 284 1498 a
313 1474 493 1513 spon80‚
532 1474 619 1498 non
650 1468 712 1498 est
749 1455 962 1512 speciosa:
1003 1465 1104 1494 tunc
1134 1455 1311 1509 pulchra
1340 1456 1409 1506 fit,
1452 1459 1620 1512 quando
1645 1461 1689 1511 ⁷)

261 1535 346 1576 Dei
362 1537 493 1576 verbo
525 1533 805 1593 conjungitur.
856 1532 912 1574 Et
940 1530 1094 1571 merito
1125 1547 1237 1571 nunc
1260 1533 1439 1573 docetur
1468 1551 1491 1575 a
1519 1553 1692 1592 sponso,

264 1623 311 1652 ut
346 1612 541 1668 proxima
579 1611 653 1662 sit,
692 1622 733 1651 et
774 1627 796 1651 a
836 1626 912 1650 suo
954 1609 1085 1649 latere
1115 1625 1201 1648 non
1232 1611 1415 1652 recedat.
1475 1613 1621 1662 „Ecce
1644 1616 1691 1671 Θ)

263 1689 456 1745 speciosa
492 1688 687 1745 proxima
722 1704 838 1739 mea,
882 1703 978 1728 ecce
1024 1685 1264 1742 speciosa.“
1322 1687 1479 1744 Incipis
1520 1691 1694 1747 quidem

267 1783 354 1807 esse
393 1766 586 1821 speciosa
619 1782 667 1807 ex
708 1781 784 1815 eo,
824 1765 940 1821 quod
980 1763 1173 1821 proxima
1210 1763 1316 1804 mihi
1359 1781 1426 1806 es:
1467 1780 1694 1825 postquam

266 1855 405 1884 autem
437 1843 628 1900 coeperis
661 1859 748 1884 esse
780 1841 985 1898 speciosa,
1019 1842 1147 1883 etiam
1177 1841 1265 1882 sine
1285 1842 1573 1886 additamento
1596 1864 1698 1903 pro·

267 1921 401 1962 ximae
426 1921 493 1977 9),
535 1921 729 1962 absolute
772 1936 813 1960 es
845 1919 1049 1975 speciosa.
1109 1919 1256 1970 „Ecce
1281 1921 1352 1975 ¹⁰)
1382 1921 1573 1976 speciosa
1600 1940 1700 1979 pro-

269 1998 377 2039 xima
417 2015 535 2048 mea,
580 2013 678 2039 ecce
723 1997 956 2053 speciosa.“
1014 1996 1243 2038 Videamus
1284 2009 1326 2038 et
1364 1998 1488 2039 aliam
1527 1999 1697 2041 laudem

393 2221 437 2276 1)
466 2221 621 2264 Psalm.
651 2222 825 2271 LXXX,
854 2221 895 2265 8.
928 2221 993 2264 10.

391 2290 438 2346 ²)
471 2291 628 2335 Cantic.
671 2293 706 2342 I,
745 2291 811 2335 15.
854 2317 906 2323 —
946 2290 1055 2332 Edd.
1095 2291 1292 2332 Merlini:
1334 2292 1448 2333 oculi
1486 2293 1550 2334 tui
1588 2294 1702 2335 oculi

275 2349 511 2389 columbae.

392 2419 435 2472 3)
471 2417 629 2459 Cantic.
664 2420 698 2469 I,
729 2418 794 2462 16.

395 2487 441 2543 ¹²)
475 2488 633 2531 Cantic.
666 2491 699 2540 I,
732 2489 796 2532 15.
830 2514 879 2519 —
913 2489 1021 2530 Edd.
1053 2490 1247 2531 Merlini:
1279 2490 1469 2547 speciosa
1499 2507 1603 2531 mea.

396 2559 441 2613 ⁵)
471 2557 632 2601 Cantic.
664 2560 698 2609 I,
728 2559 795 2602 16.
914 2559 959 2614 6)
992 2559 1151 2601 Cantic.
1184 2561 1218 2610 I,
1251 2559 1317 2603 15.

399 2630 442 2682 7)
472 2629 582 2669 Edd.
614 2629 811 2670 Merlini:
846 2647 952 2671 cum.
1073 2631 1117 2687 ⁸)
1150 2631 1309 2673 Cantic.
1341 2633 1374 2681 l,
1406 2632 1471 2674 15.

397 2701 441 2751 9)
473 2699 582 2739 Edd.
617 2699 811 2740 Merlini:
842 2700 1046 2756 proxima.

375 2770 445 2824 Η))
477 2769 633 2810 Cantic.
666 2769 698 2819 Ῐ,
731 2769 795 2813 15.
