1759 3134
237 163 294 207 84
641 161 862 204 Omerms
894 174 939 204 m
969 162 1262 205 Ezecnnmm

241 277 411 319 saeculo
441 291 527 316 non
559 290 655 315 cum
686 291 802 330 pace,
833 276 906 316 scd
939 292 1032 316 cum
1064 287 1337 330 peccatorum
1368 277 1500 326 bello,
1533 290 1573 318 et
1603 295 1667 319 se-

241 366 411 396 nectute
452 369 538 393 non
578 352 711 401 bona,
748 352 1002 394 inveteratus
1044 353 1206 393 dierum
1249 354 1481 402 malorum,
1520 354 1664 410 utique

242 432 398 472 dicitur
427 430 478 470 ad
510 445 631 470 eum:
660 441 705 469 tu
736 441 875 470 autem
907 432 1009 471 vade
1041 432 1093 471 ad
1126 442 1262 486 patres
1294 443 1389 471 tuos
1416 447 1510 471 cum
1535 432 1666 481 bello,

242 508 422 550 nutritus
462 507 504 548 in
543 518 757 548 senectute
801 509 922 549 mala.
996 509 1217 548 Doce—mur
1261 523 1282 547 a
1319 508 1417 547 Deo
1462 509 1537 548 sub
1578 507 1668 547 aliis

240 586 482 627 nominibus
513 584 615 641 quid
646 586 782 625 facere
814 586 1055 627 debeamus.

354 664 393 706 4.
445 664 530 714 „In
555 662 594 717 ¹)
637 677 716 717 qua
758 661 826 702 die
865 675 959 703 nata
996 680 1059 712 es,
1100 679 1185 702 non
1216 662 1491 714 alligaverunt
1523 678 1668 701 manus

241 754 353 791 tuas,
393 741 479 781 sive
518 755 604 780 non
645 751 705 778 est
747 739 903 779 excisus
935 739 1160 780 umbilicus
1193 746 1330 779 tuus.“
1391 741 1439 779 In
1471 739 1667 779 Hebraeo

243 819 402 874 quippe
443 817 502 857 sic
540 816 738 856 habetur:
788 833 910 865 „non
957 829 1017 857 cst
1062 818 1219 856 excisus
1258 815 1484 856 umbilicus
1524 822 1667 856 tuus.“

241 893 481 946 Allegorice
521 892 685 933 inducit
723 895 958 934 Jerusalem
1003 893 1120 949 quasi
1160 893 1349 948 puellam
1397 895 1447 932 ab
1495 892 1671 932 infantia

240 971 434 1024 genitam.
512 969 632 1024 Quae
671 982 811 1011 autem
854 972 905 1011 de
945 971 1179 1011 Jerusalem
1221 971 1440 1019 dicuntur,
1491 969 1668 1010 sciamus

241 1049 294 1089 ad
325 1063 471 1089 omnes
499 1047 713 1096 homines,
757 1047 828 1103 qui
859 1048 901 1087 in
935 1047 1110 1088 ecclesia
1140 1060 1255 1097 sunt,
1295 1047 1520 1103 pertinere.
1579 1047 1670 1086 Pri-

240 1142 360 1166 mum
389 1125 475 1183 ejus
505 1136 673 1179 tempus
712 1125 794 1164 tale
836 1136 919 1174 est,
961 1127 1193 1166 secundum
1234 1126 1355 1181 quale
1398 1125 1669 1165 describitur:

241 1202 395 1258 procul
423 1212 564 1242 autem
594 1201 699 1240 absit
731 1217 752 1240 a
782 1201 929 1250 nobis,
967 1214 1014 1241 ut
1054 1202 1226 1242 tertium
1270 1214 1435 1256 tempus
1476 1202 1557 1241 tale
1601 1202 1670 1241 ha-

240 1281 435 1327 beamus,
475 1277 598 1333 quale
640 1277 794 1317 dicitur
833 1278 885 1316 ad
926 1278 1186 1318 Jerusalem:
1229 1294 1374 1318 omnes
1415 1278 1549 1327 enim,
1599 1278 1670 1333 qui

242 1357 428 1413 primum
466 1355 623 1395 suimus
661 1366 928 1410 peccatores,
974 1354 1209 1394 Jerusalem
1255 1370 1457 1395 vocamur
1496 1372 1518 1396 a
1557 1356 1668 1403 Deo,

244 1447 286 1475 et
324 1435 525 1474 habemus
556 1447 624 1480 ea,
665 1447 770 1487 quae
800 1431 937 1487 prima
969 1431 1177 1471 dicuntur.
1240 1432 1435 1473 Secunda
1465 1445 1604 1473 autem
1635 1432 1670 1472 si

240 1522 341 1567 post
384 1508 666 1550 visitationem
713 1520 753 1548 et
790 1508 985 1548 notitiam
1023 1508 1107 1548 Dei
1152 1509 1512 1563 perseveravimus
1539 1506 1581 1565 ²)
1626 1509 1669 1549 in

244 1587 440 1644 peccatis,
471 1587 523 1626 ad
553 1601 630 1626 nos
661 1584 886 1641 pertinent.
948 1584 1092 1625 Tertia
1122 1602 1222 1626 vero
1254 1587 1384 1636 mala,
1416 1603 1521 1642 quae
1551 1586 1670 1642 peni-

240 1677 306 1705 tus
337 1665 619 1712 detestamur,
655 1663 888 1702 secundum
927 1661 1121 1702 ordinem
1155 1679 1474 1719 prosequemur.
1534 1665 1669 1713 Nunc,

239 1752 286 1781 ut
318 1741 372 1781 ad
400 1739 588 1795 primum
617 1739 809 1788 redeam,
849 1738 1055 1793 scriptum
1092 1751 1152 1779 est
1183 1740 1299 1794 quasi
1330 1742 1382 1781 de
1412 1742 1668 1784 Jerusalem:

240 1817 319 1869 „in
335 1818 379 1873 3)
419 1833 501 1872 qua
539 1815 607 1857 die
643 1827 739 1856 nata
769 1831 832 1865 es,
873 1830 959 1854 non
991 1827 1053 1855 est
1083 1816 1241 1857 excisus
1274 1817 1500 1858 umbilicus
1531 1824 1670 1858 tuus.“

240 1894 469 1951 Adiutorio
514 1893 600 1933 Dei
642 1892 898 1944 indigemus,
943 1904 991 1933 ut
1034 1893 1243 1948 possimus
1286 1894 1538 1935 umbilicum
1582 1911 1669 1934 non

239 1971 476 2028 praecisum
506 1969 752 2025 peccatricis
781 1969 1015 2010 Jerusalem
1046 1970 1256 2019 invenire,
1297 1983 1368 2011 aut
1405 1984 1517 2011 certe
1547 1988 1669 2027 prae-

241 2048 374 2089 cisum
401 2047 653 2088 umbilicum
684 2047 796 2104 ejus,
827 2046 899 2101 qui
928 2062 1016 2086 non
1045 2048 1249 2102 peccavit,
1282 2064 1505 2103 exponere.
1566 2048 1665 2090 Sive

238 2125 366 2178 igitur
394 2125 652 2184 Jerusalem,
693 2124 780 2164 sive
821 2122 1105 2181 cujuscunque
1144 2125 1314 2166 alterius
1356 2127 1408 2166 de
1447 2125 1526 2165 alia
1569 2126 1668 2165 scri-

239 2215 365 2259 ptura
393 2218 549 2258 quaero
578 2201 854 2250 umbilicum,
889 2214 937 2242 ut
968 2201 1255 2257 spiritualibus
1286 2201 1521 2257 spiritualia
1552 2219 1667 2243 com-

239 2297 412 2336 parans,
450 2279 683 2329 inveniam,
722 2280 941 2334 quomodo
980 2296 1066 2320 non
1104 2280 1156 2319 sit
1192 2279 1402 2335 praecisus
1438 2280 1665 2321 umbilicus

237 2357 485 2399 Jerusalem,
545 2356 762 2412 Scriptum
801 2368 861 2396 est
902 2356 944 2396 in
972 2355 1057 2397 Job
1101 2357 1152 2396 de
1183 2356 1391 2397 dracone:
1433 2356 1598 2406 „virtus
1623 2356 1666 2412 ⁴)

240 2433 328 2491 ejus
356 2433 401 2474 in
429 2433 659 2483 umbilico,
696 2445 736 2474 et
766 2433 974 2474 fortitudo
1009 2433 1095 2490 ejus
1125 2450 1251 2489 super
1279 2433 1533 2475 mnbilicum
1564 2451 1664 2474 ven-

237 2510 355 2551 tris.“
413 2510 513 2552 Scio
555 2527 603 2551 ex
643 2509 723 2559 his,
767 2526 871 2565 quae
909 2510 1014 2550 mihi
1053 2510 1181 2562 gratia
1227 2510 1367 2550 divina
1406 2510 1552 2563 largita
1591 2522 1663 2559 est,

241 2604 337 2628 cum
379 2599 643 2644 praesentem
688 2587 833 2628 locum
878 2602 1153 2642 exponerem,
1210 2604 1278 2628 me
1324 2587 1496 2638 dixisse,
1548 2587 1663 2642 quod

359 2748 400 2803 l)
433 2747 518 2789 Cfr.
550 2747 701 2789 Ezech.
731 2749 845 2796 XVI,
876 2748 913 2790 4.

358 2818 400 2870 ²)
429 2817 538 2858 Edd.
573 2818 767 2858 Merlini:
799 2818 1216 2874 perseveraverimus.

356 2888 399 2942 ³)
433 2887 520 2929 cfr.
550 2886 701 2929 Ezech.
731 2889 847 2939 XVI,
878 2889 914 2930 4.
1037 2889 1079 2943 4)
1112 2888 1197 2929 cfr.
1229 2889 1324 2928 Job.
1356 2888 1445 2938 XL,
1479 2885 1543 2928 16.

550 3027 568 3045 4
