1759 3134
628 158 826 200 Honmm
853 158 972 198 XIII.
1431 157 1509 200 165

90 272 307 327 quomodo
350 271 527 326 quievit,
575 271 646 326 qui
686 269 934 323 exigebat?“
1008 269 1055 309 In
1095 285 1234 322 regem
1275 269 1504 328 Babylonis

89 348 164 389 ista
196 348 411 389 dicuntur:
443 349 696 404 „quomodo
721 347 760 402 Ι)
791 345 942 387 cecidit
971 346 1140 386 Lucifer
1171 348 1221 387 de
1254 348 1402 397 coelo,
1430 348 1501 402 qui

86 442 207 466 mane
251 424 483 474 oriebatur,
532 424 734 465 contritus
773 434 832 463 est
871 422 912 461 in
952 422 1168 462 terram?“
1236 424 1291 464 Et
1334 424 1408 464 ille
1449 426 1499 465 de

86 503 207 543 coelo
239 501 403 551 cecidit,
435 513 475 541 et
504 501 581 541 iste
611 493 869 551 signaculum
899 496 1209 548 similitudinis,
1242 517 1398 541 corona
1428 503 1500 542 de-

84 580 213 628 coris,
252 578 294 618 in
334 578 526 634 paradiso
568 575 816 618 deliciarum
845 575 1037 615 nutritus.
1096 575 1230 626 Ecce,
1270 593 1414 618 omnes
1446 580 1497 619 de

83 656 204 696 coelo
237 655 448 704 cecidisse,
477 671 562 694 non
588 652 847 694 descendisse
872 654 1133 692 referuntur:
1164 653 1375 693 Dominus
1398 671 1496 694 vero

80 749 197 772 meus
229 733 279 772 dc
313 733 434 772 coelo
466 731 701 780 descendit,
741 742 782 770 et
813 729 885 785 qui
916 729 1144 779 descendit,
1174 730 1263 786 ipse
1298 742 1358 771 est
1388 731 1498 771 filius

80 809 273 850 hominis.
333 811 389 849 At
421 824 506 848 non
535 808 644 848 sicut
674 807 861 848 Satanas·
916 808 1015 847 Non
1057 806 1167 847 enim
1199 808 1416 848 descendit
1445 809 1495 848 de

80 887 225 935 coelo,
254 901 390 940 neque
421 885 460 925 ei
488 884 590 924 mali
621 884 844 940 quicquam
874 883 1102 934 acciderat,
1137 885 1170 925 si
1202 886 1494 926 descendisset.

80 962 190 1003 Audi
218 963 362 1002 Jesum
396 962 627 1002 dicentem:
661 961 892 1011 „videbam
917 962 959 1016 2)
985 961 1179 1002 Satanam
1212 963 1327 1018 quasi
1356 963 1498 1015 fulgur

78 1041 130 1079 de
162 1039 283 1080 coelo
317 1040 532 1080 cadentem
549 1045 588 1088 ,“
617 1055 704 1078 non
732 1039 1067 1079 descendentem.
1127 1040 1286 1079 Verum
1314 1056 1399 1079 non
1430 1057 1495 1080 so-

77 1118 140 1157 lus
178 1117 372 1158 Salvator
410 1132 431 1155 e
472 1116 594 1156 coelo
637 1116 872 1157 descendit:
923 1116 1112 1172 quotidie
1150 1117 1381 1157 multitudo
1424 1119 1494 1157 de-

77 1193 258 1243 scendit,
299 1204 340 1233 et
369 1193 584 1233 adscendit
612 1210 740 1248 super
768 1193 906 1233 filium
936 1193 1130 1234 hominis.
1190 1194 1426 1243 „Videbitis
1450 1195 1493 1250 3)

78 1270 190 1310 enim
229 1270 394 1310 coelum
435 1280 649 1324 apertum,
696 1282 736 1310 et
780 1271 949 1322 angelos
990 1271 1074 1311 Dei
1117 1272 1416 1312 adscendentes
1455 1283 1494 1312 et

77 1348 375 1388 descendentes
416 1362 544 1401 super
581 1346 717 1386 filium
758 1347 982 1388 hominis.“
1039 1347 1094 1388 Et
1124 1359 1170 1388 tu
1202 1359 1393 1403 exspecta
1423 1349 1494 1388 ad-

75 1423 334 1463 scensionem
364 1434 491 1462 tuam.
538 1423 721 1462 Tantum
752 1439 774 1463 a
804 1423 923 1463 ruina
955 1440 1170 1475 consurge,
1203 1435 1243 1463 et
1273 1424 1391 1464 audi:
1425 1441 1486 1464 ex-

73 1516 191 1552 surge
219 1499 453 1539 Jerusalem
484 1516 506 1539 a
535 1498 655 1539 ruina
683 1511 776 1549 tua,
817 1516 956 1555 spera,
999 1501 1095 1557 quia
1131 1501 1185 1542 sis
1222 1501 1493 1541 adscensurus

72 1577 115 1617 in
147 1576 328 1625 coelum,
359 1588 401 1616 et
431 1593 542 1626 cave,
567 1593 620 1616 ne
651 1576 728 1616 tibi
749 1594 918 1633 quoque
942 1579 1126 1619 dicatur:
1158 1595 1287 1627 „num
1304 1578 1346 1632 ⁴)
1376 1578 1490 1633 quid,

72 1653 144 1709 qui
185 1653 315 1702 cadit,
356 1670 442 1693 non
481 1654 698 1706 resurget?
735 1665 806 1694 aut
846 1671 1012 1695 aversus
1041 1672 1127 1695 non
1158 1654 1492 1695 convertetur?“

71 1732 180 1781 Vae,
221 1731 292 1786 qui
331 1742 632 1771 convertuntur
662 1731 935 1771 conversione
966 1731 1168 1786 pessima,
1209 1731 1311 1771 dicit
1339 1731 1491 1770 Domi-

74 1825 161 1848 nus.
209 1807 265 1848 Et
285 1807 362 1848 iste
392 1808 530 1863 itaque
563 1808 614 1848 de
644 1807 706 1848 his
737 1825 844 1848 unus
876 1820 948 1858 est,
982 1808 1053 1863 qui
1083 1819 1269 1857 ruerunt,
1303 1820 1342 1848 et
1372 1809 1489 1864 plan-

72 1884 182 1936 gitur
220 1886 271 1924 ab
308 1883 480 1924 homine
517 1884 734 1939 princeps,
774 1901 869 1924 cum
907 1885 1104 1941 princeps
1142 1887 1359 1927 hominem
1388 1888 1488 1928 flere

72 1961 276 2002 debuerit.
329 1962 473 2001 Homo
506 1973 567 2001 est
594 1960 806 2009 Ezechiel,
839 1973 879 2001 et
908 1961 1023 2002 filius
1051 1964 1252 2003 hominis:
1286 1967 1357 2020 qui
1387 1982 1488 2005 vero

70 2038 301 2094 plangitur,
339 2038 738 2078 Nabuchodonosor
769 2050 829 2078 est
857 2055 927 2079 rex
956 2039 1200 2097 Babylonis.
1260 2041 1418 2097 Accipe
1449 2054 1489 2082 et

70 2128 116 2156 tu
143 2116 487 2155 lamentationem
516 2126 631 2155 tuam
660 2132 786 2171 super
814 2133 956 2168 regem
984 2116 1238 2175 Babylonis,
1279 2130 1320 2159 et
1353 2120 1487 2160 dices:

71 2193 325 2248 „quomodo
346 2192 387 2246 ⁵)
420 2192 597 2247 quievit,
639 2193 710 2248 qui
748 2193 1035 2249 repetebat?“
1076 2206 1116 2235 et
1144 2194 1319 2250 reliqua.
1380 2196 1490 2237 Con-

73 2269 207 2310 sidera
243 2269 285 2310 in
316 2281 512 2326 quantam
542 2287 661 2326 spem
691 2283 863 2311 vocatus
891 2271 965 2322 sis,
1007 2289 1031 2311 o
1066 2272 1218 2322 homo,
1260 2273 1331 2328 qui
1368 2290 1488 2314 carne

75 2345 350 2388 circumdatus
384 2347 505 2388 dicis:
548 2349 700 2404 „quasi
724 2349 764 2405 6)
804 2349 868 2390 lac
897 2365 966 2389 me
997 2349 1220 2400 emulsisti,
1264 2351 1490 2402 coagulasti

74 2435 212 2463 autem
249 2440 317 2464 me
355 2426 408 2464 ad
445 2424 766 2466 similitudinem
807 2426 937 2477 casei,
979 2438 1073 2466 cute
1113 2438 1153 2466 et
1194 2427 1384 2467 carnibus
1422 2444 1489 2467 me

74 2498 251 2548 vestisti,
292 2499 451 2541 ossibus
492 2513 532 2542 et
567 2502 705 2543 nervis
735 2520 801 2543 me
836 2502 1097 2544 contexisti.“
1157 2504 1224 2544 Tu
1257 2502 1378 2556 ergO,
1419 2504 1491 2560 qui

196 2667 234 2721 ¹)
266 2666 390 2706 Jesai.
420 2665 535 2716 XIV,
568 2668 631 2710 12.
751 2670 792 2726 2)
823 2672 922 2712 Luc.
954 2672 1007 2721 X,
1044 2672 1108 2715 18.

195 2738 236 2791 ³)
268 2737 342 2776 Ev.
359 2736 509 2776 Joann.
528 2737 561 2785 I,
576 2737 642 2780 52.
677 2762 724 2768 —
757 2740 863 2781 Edd.
882 2741 1075 2782 Merlini:
1094 2742 1268 2783 Videbis
1287 2741 1396 2782 euim
1416 2753 1477 2780 etc

194 2807 236 2859 ¹²)
271 2807 424 2846 Jerem.
457 2805 572 2855 VIII,
603 2807 640 2848 4.
762 2811 802 2863 ⁵)
831 2811 952 2853 Jesai.
985 2812 1100 2862 XIV,
1130 2813 1167 2854 4.

195 2877 237 2928 ε)
268 2877 363 2917 Job.
398 2876 448 2925 X,
483 2875 545 2919 10.
581 2876 642 2918 11.
