1759 3134
212 105 269 149 58
612 101 831 144 Omamus
860 111 907 142 m
934 98 1229 141 Ezsscnmmzm

212 216 413 261 servitute
444 213 725 270 corruptionis
755 213 799 254 in
829 213 1067 254 libertatem
1099 211 1256 264 gloriae
1285 210 1474 252 filiorum
1488 212 1629 253 Dei:“

215 296 287 353 qui
325 294 404 335 scit
442 304 483 333 et
524 293 576 333 de
606 302 738 342 terra,
778 307 829 331 an
858 291 1087 331 secundum
1117 300 1305 329 naturam
1337 305 1452 329 suam
1483 288 1525 328 in
1555 289 1629 329 ali-

212 390 297 429 quo
335 381 509 427 peccato
550 380 740 410 teneatur
777 366 988 408 obnoxia?
1045 366 1090 408 Si
1132 366 1244 406 enim
1280 365 1433 406 animal
1472 377 1554 415 est,
1595 365 1629 406 si

212 447 472 491 rationabilis
513 458 595 496 est,
634 445 669 486 si
707 445 866 497 indiget
903 444 1116 485 auditione
1155 442 1359 483 sermonis
1389 442 1631 497 prophetici

213 526 409 568 dicentis:
449 525 650 575 „attende
679 523 717 578 ¹)
759 521 950 570 coelum,
993 532 1034 561 et
1074 521 1243 576 loquar,
1284 532 1325 560 et
1354 520 1495 560 audiat
1520 532 1629 560 terra

212 605 339 645 verba
371 602 453 644 oris
483 601 628 642 mei:“
660 611 720 640 et:
754 598 879 649 „audi
902 596 945 652 2)
978 598 1158 647 coelum,
1191 609 1231 638 et
1260 597 1427 638 auribus
1457 597 1629 652 percipe

212 687 374 723 terra:“
407 698 480 721 cur
507 695 595 719 non
626 677 833 726 dicamus,
873 687 920 715 ut
949 674 1058 715 inter
1086 674 1276 716 homines
1308 686 1368 715 cst
1397 674 1526 714 homo
1559 691 1630 714 au-

212 758 329 799 diens
369 769 410 797 et
444 756 600 796 faciens
639 755 787 803 verba,
829 767 933 808 quae
972 750 1104 808 jussus
1146 763 1206 792 est
1245 754 1402 802 facere,
1444 763 1486 792 et
1523 752 1628 792 alius

212 847 296 885 est,
337 834 408 890 qui
438 833 555 875 audit
580 832 648 884 ³),
688 842 728 871 et
765 845 852 870 non
882 829 1032 884 implet
1063 831 1177 884 quod
1207 829 1486 886 praecipitur,
1522 828 1630 869 sicut

213 924 256 953 et
291 912 460 964 angelus
498 907 837 965 praevaricator?
893 907 1106 958 „Angelos
1131 907 1171 959 ⁴)
1214 908 1324 948 enim
1364 923 1450 947 non
1489 917 1628 946 custo—

211 989 373 1030 dientes
402 987 686 1044 principatum
716 1002 859 1035 suum,
889 985 963 1024 sed
994 985 1230 1025 deserentes
1260 983 1482 1040 proprium
1512 983 1628 1023 habi-

210 1066 396 1106 taculum
425 1081 565 1113 suum,
604 1063 647 1103 in
685 1062 844 1120 judicio
885 1077 1057 1113 magnae
1089 1061 1172 1101 diei
1203 1062 1381 1102 vinculis
1410 1061 1629 1116 sempiter-

208 1142 273 1183 nis
311 1143 387 1182 sub
425 1140 608 1181 tenebris
643 1138 865 1179 servabit.“
925 1137 1107 1190 Quando
1136 1138 1181 1191 ⁵)
1213 1155 1309 1190 ergo
1341 1138 1476 1189 angeli
1511 1154 1631 1192 prae-

210 1219 467 1268 varicantur,
500 1229 541 1257 et
571 1216 644 1256 alii
673 1227 791 1265 sunt,
823 1214 895 1269 qui
923 1213 1005 1253 Dei
1037 1225 1262 1269 praecepta
1292 1214 1557 1264 custodiunt,
1589 1226 1630 1255 et

210 1297 415 1355 judicium
443 1293 766 1350 praestolantur,
795 1308 881 1332 non
902 1291 1041 1331 solum
1065 1290 1298 1340 hominum,
1329 1308 1472 1332 verum
1505 1291 1630 1332 etiam

208 1374 314 1424 Dei,
353 1384 400 1413 ut
437 1373 681 1427 frequenter
719 1369 896 1409 diximus
933 1379 1019 1408 tam
1050 1369 1101 1408 de
1132 1368 1216 1418 his,
1254 1386 1359 1424 quae
1389 1369 1431 1409 in
1463 1370 1630 1424 Apoca-

210 1451 347 1509 lypsin
378 1448 615 1503 conscripta
645 1457 761 1495 sunt,
802 1461 927 1500 quam
966 1457 1007 1485 et
1038 1462 1085 1485 ex
1114 1445 1210 1486 aliis
1239 1445 1627 1496 innumerabilibus,

210 1544 358 1583 quare,
388 1526 580 1582 inquam,
608 1540 697 1564 non
725 1535 860 1563 terrae
891 1533 933 1562 et
961 1521 1065 1562 aeris
1094 1521 1299 1579 judicium
1328 1523 1381 1563 sit
1411 1525 1629 1566 futurum?

213 1605 260 1646 Si
291 1615 430 1644 autem
460 1618 547 1642 non
577 1612 698 1656 putas
727 1599 824 1639 huic
856 1598 1130 1653 disputationi
1162 1599 1520 1650 consentiendum,
1553 1617 1630 1656 per

209 1698 335 1738 quam
377 1679 596 1720 asserimus
636 1692 807 1716 omnem
847 1686 1078 1715 creaturam
1117 1675 1407 1734 judicandam,
1453 1678 1551 1718 audi
1590 1690 1631 1719 et

210 1759 324 1800 aliud
362 1755 653 1798 testimonium
691 1755 743 1794 de
781 1765 903 1794 terra.
962 1753 1200 1804 Interrogat
1236 1754 1354 1794 Deus
1395 1754 1519 1804 Cain,
1558 1756 1631 1811 qui

211 1833 417 1875 occiderit
453 1831 564 1873 Abel
601 1834 774 1873 fratrem
813 1847 954 1871 suum:
994 1842 1035 1870 et
1072 1842 1170 1885 post
1207 1833 1365 1872 multos
1403 1849 1630 1885 sermones,

212 1928 315 1967 quos
361 1911 403 1950 in
442 1909 597 1950 Genesi
642 1908 839 1960 legimus,
883 1908 937 1948 ad
982 1919 1212 1947 extremum
1259 1909 1311 1948 de
1351 1919 1461 1950 terra
1501 1911 1626 1952 dicit:

210 1986 469 2039 „maledicta
495 1985 541 2040 ⁶)
570 1997 692 2034 terra,
723 2001 828 2040 quae
850 1983 1015 2039 aperuit
1040 2000 1085 2023 os
1111 2000 1232 2023 suum
1257 1985 1309 2024 ad
1335 1987 1628 2042 excipiendum

210 2063 454 2117 sanguinem
483 2062 620 2103 fratris
649 2062 714 2102 tui
745 2063 795 2102 de
826 2077 953 2101 manu
982 2067 1094 2102 tua.“
1140 2061 1231 2113 Ego
1262 2078 1339 2102 nec
1371 2063 1479 2104 illud
1508 2082 1629 2121 prae-

209 2154 349 2183 tereo:
392 2139 649 2190 „maledicta
672 2139 714 2195 7)
751 2150 862 2179 terra
900 2137 942 2178 in
984 2137 1181 2193 operibus
1218 2138 1362 2180 tuis:“
1401 2153 1443 2182 et
1475 2158 1496 2182 e
1529 2160 1630 2185 con-

207 2218 339 2260 trario
377 2217 411 2257 si
450 2217 617 2272 quando
659 2215 938 2256 benedicitur.
994 2215 1189 2267 Legimus
1221 2228 1261 2256 et
1290 2218 1558 2260 maledictam
1589 2233 1630 2261 et

207 2292 587 2337 benedictam‘Dei
615 2282 789 2334 vocibus
818 2304 985 2333 terram.
1044 2292 1173 2333 Vides
1205 2310 1316 2346 ergo,
1349 2295 1445 2350 quia
1474 2297 1627 2338 merito

211 2373 386 2415 dicitur:
417 2368 718 2423 „congemiscit
737 2370 779 2425 ⁸)
815 2370 951 2411 omnis
983 2376 1210 2411 creatura.“
1267 2371 1323 2411 Et
1352 2383 1400 2412 ut
1428 2374 1481 2413 ad
1509 2390 1629 2429 prae-

331 2547 370 2602 ¹)
399 2547 527 2586 Deut.
557 2544 740 2593 XXXII,
772 2544 809 2586 1.
925 2543 969 2598 2)
999 2543 1121 2585 Jesai.
1153 2546 1186 2594 I,
1216 2545 1255 2587 2.

327 2615 370 2670 3)
404 2615 482 2655 Ed.
513 2613 668 2655 Ruaei:
701 2613 804 2654 odit.
923 2611 966 2667 ⁴²)
997 2613 1076 2669 Ep.
1106 2614 1202 2655 Jud.
1234 2631 1338 2657 vers.
1369 2616 1408 2659 6.

327 2685 370 2741 ⁵)
400 2685 510 2725 Edd.
540 2683 733 2725 Merlini:
767 2683 1000 2739 Quomodo
1033 2700 1130 2736 ergo
1164 2696 1241 2726 etc.

329 2755 372 2812 6)
404 2755 510 2796 Gen.
541 2755 624 2805 IV„
646 2753 712 2797 11.
831 2754 873 2810 ⁷)
903 2754 1009 2796 Gen.
1041 2754 1122 2805 III,
1152 2753 1217 2799 17.

330 2827 373 2882 ⁸)
403 2826 529 2867 Rom.
560 2825 678 2875 VIII,
706 2823 775 2868 22.

1746 414 1748 480 ὲ

1746 502 1749 542 l

1747 546 1749 571 π
