1759 3134
703 122 844 163 LIBER
875 123 929 163 II.
1448 125 1529 168 385

110 248 206 284 ergo
236 232 392 273 Paulus
432 234 701 288 pronuntiat,
748 235 863 290 quod
907 234 1066 284 omnis,
1114 234 1185 291 qui
1224 250 1301 290 per
1337 235 1466 276 fidem
1507 253 1528 277 a

111 308 278 350 Christo
312 311 582 367 consequitur
610 310 875 361 libertatem,
904 309 1016 351 filius
1046 311 1098 352 sit
1128 310 1305 354 liberae:
1353 324 1394 353 et
1423 313 1527 354 hanc

111 386 212 428 dicit
244 402 328 428 esse
359 403 520 429 sursum
550 387 839 438 Hierusalem,
885 403 989 443 quae
1027 387 1159 430 libera
1203 401 1284 440 est,
1331 406 1435 446 quae
1467 402 1528 432 est

108 475 241 505 mater
272 463 461 505 omnium
490 474 695 505 nostrum,
741 463 876 521 Hujus
903 480 1000 517 ergo
1026 466 1168 506 matris
1197 478 1237 506 et
1262 466 1352 522 ipsa
1368 467 1468 508 haec
1488 468 1526 523 ¹)

107 557 257 597 sponsa
294 540 381 582 filia
422 557 507 582 esse
546 540 796 594 intelligitur
833 542 875 582 in
916 541 999 592 his,
1045 542 1116 599 qui
1148 541 1453 585 dimicaverunt
1483 544 1525 585 in

109 634 178 669 ea,
218 629 258 659 et
289 617 594 659 constituerunt
625 634 716 660 eam
757 620 975 660 custodem
1013 618 1241 660 vinearum.
1302 620 1426 661 Unde
1466 621 1525 662 vi—

106 696 257 737 dentur
287 695 367 747 isti,
399 695 470 752 qui
499 707 655 737 tantam
682 707 936 753 potestatem
960 696 1195 747 habuerint,
1224 707 1272 737 ut
1296 708 1336 738 et
1361 698 1525 740 bellum

106 784 295 825 gererent
339 771 383 813 in
425 789 490 824 ea,
538 785 578 814 et
618 774 860 816 ordinarent
906 790 995 816 eam
1034 773 1252 815 vinearum
1292 777 1524 828 custodem,

102 866 190 891 non
231 849 513 909 cujuscunque
553 851 748 902 humilis,
794 865 864 893 aut
905 852 1203 894 contemnendi
1250 852 1334 894 loci
1382 854 1522 897 fuisse.

103 928 330 968 Possumus
362 943 459 980 ergo
493 939 533 968 et
560 930 794 984 Apostolos
827 929 981 971 Christi
1015 929 1207 985 accipere
1238 930 1351 972 filios
1380 933 1523 974 matris

104 1020 295 1061 sponsae,
325 1005 407 1046 hoc
439 1017 512 1056 est,
542 1006 808 1049 Hierusalem
837 1007 950 1049 filios
982 1007 1190 1059 coelestis,
1224 1008 1295 1065 qui
1312 1026 1523 1066 pugnave-

102 1094 198 1124 runt
228 1083 344 1140 prius
375 1083 419 1124 in
449 1084 546 1135 ista,
578 1102 682 1141 quae
715 1102 763 1126 ex
793 1086 985 1138 gentibus
1016 1099 1300 1140 congregatur.
1360 1089 1522 1142 Pugna-

103 1173 252 1202 verunt
281 1172 441 1212 autem,
472 1173 519 1202 ut
549 1162 765 1204 vincerent
792 1163 834 1203 in
867 1180 914 1204 ea
942 1163 1063 1214 illos,
1096 1181 1200 1220 quos
1231 1165 1347 1221 prius
1377 1167 1522 1208 habuit

102 1238 359 1281 infidelitatis
390 1252 430 1281 et
460 1240 772 1283 inobedientiae
811 1257 974 1291 sensus,
1022 1253 1063 1282 et
1094 1259 1264 1284 omnem
1295 1244 1521 1286 elationem

102 1318 375 1359 extollentem
423 1334 466 1359 se
506 1319 699 1360 adversus
745 1319 960 1360 scientiam
999 1319 1178 1371 Christi,
1222 1321 1330 1362 sicut
1366 1323 1522 1364 Paulus

103 1395 283 1452 dicit²):
317 1395 628 1447 „cogitationes
644 1396 686 1452 ’3)
719 1397 1001 1446 destruentes,
1043 1408 1084 1437 et
1124 1414 1295 1439 omnem
1335 1400 1522 1442 altitudi-

101 1489 198 1514 nem
229 1474 503 1514 extollentem
533 1490 576 1514 se
608 1473 803 1515 adversus
846 1473 1066 1514 scientiam
1097 1474 1264 1517 Christi.
1279 1483 1302 1501 “
1360 1478 1523 1532 Pugna-

101 1563 250 1591 verunt
282 1567 377 1603 ergo
408 1568 494 1593 non
525 1553 720 1593 adversus
752 1568 857 1602 eam,
887 1553 962 1593 sed
992 1551 1036 1592 in
1063 1568 1121 1603 ea,
1152 1552 1234 1594 hoc
1259 1566 1332 1604 est,
1363 1555 1406 1595 in
1430 1572 1522 1597 sen-

100 1628 212 1670 sibus
244 1640 286 1669 et
315 1629 441 1670 corde
474 1628 584 1688 ejus,
615 1641 664 1670 ut
694 1630 953 1670 destruerent
984 1641 1026 1670 et
1057 1630 1321 1686 depellerent
1351 1648 1521 1674 omnem

101 1705 416 1757 infidelitatem,
461 1722 587 1762 omne
617 1706 788 1757 vitium,
821 1723 1052 1763 omnesque
1083 1707 1315 1759 doctrinas,
1347 1726 1453 1766 quae
1483 1711 1522 1752 ei

101 1782 210 1824 inter
238 1795 379 1837 gentes
409 1785 571 1841 positae
602 1785 715 1827 falsis
748 1785 1030 1841 sophistarum
1059 1785 1355 1829 assertionibus
1386 1787 1522 1829 inole-

101 1863 313 1919 verant4).
381 1862 485 1903 Fuit
533 1879 629 1916 ergo
677 1863 897 1919 Apostolis
944 1861 1099 1904 Christi
1143 1864 1297 1914 grande
1343 1865 1520 1917 bellum,

101 1939 238 1980 donec
269 1955 414 1980 omnes
432 1938 472 1997 ⁵)
505 1957 552 1981 ex
584 1957 631 1982 ea
660 1940 868 1982 mendacii
896 1952 1030 1981 turres
1063 1951 1104 1980 et
1132 1956 1275 1981 muros
1298 1958 1519 1998 perversae

101 2017 318 2058 doctrinae
348 2018 609 2070 subruerent,
642 2020 777 2060 donec
807 2017 1036 2075 iniquitatis
1068 2031 1310 2070 argumenta
1334 2032 1521 2076 proster-

98 2107 268 2146 nerent,
314 2107 356 2136 et
386 2108 607 2152 operantes
637 2096 738 2138 haec
768 2108 893 2152 atque
923 2096 1223 2137 succendentes
1241 2096 1286 2152 ⁶)
1318 2096 1360 2137 in
1392 2098 1519 2139 corde

101 2172 186 2230 ejus
228 2174 454 2214 daemones
493 2174 766 2216 debellarent.
826 2174 913 2215 Ubi
952 2190 1049 2226 ergo
1093 2175 1383 2227 effugaverunt
1397 2174 1438 2232 7)
1468 2177 1520 2216 ab

102 2266 150 2291 ea
180 2266 324 2292 omnes
352 2267 494 2293 sensus
522 2251 782 2293 infidelitatis
812 2251 1020 2308 antiquae,
1049 2267 1136 2293 non
1162 2268 1253 2294 eam
1277 2253 1519 2309 relinquunt

102 2327 303 2380 otiosam,
341 2344 394 2369 ne
423 2330 534 2370 forte
563 2344 641 2385 per
671 2329 806 2371 otium
835 2345 976 2370 rursus
1007 2329 1177 2387 antiqua
1205 2342 1447 2386 surrepant,
1479 2341 1520 2370 et

221 2517 260 2572 ¹)
291 2517 424 2558 Deest
452 2516 625 2568 „haec“
655 2516 701 2559 in
732 2517 826 2559 edd.
857 2518 920 2562 M.

217 2587 260 2644 ²)
289 2587 398 2629 Edd.
429 2587 493 2629 M.
523 2586 713 2639 ,‚dixit.“
831 2591 874 2646 ³)
905 2590 948 2631 II
967 2590 1066 2633 Cor.
1095 2590 1148 2641 X,
1179 2588 1218 2631 4.
1250 2588 1289 2632 5.

215 2658 259 2715 ¹²)
289 2657 398 2699 Edd.
429 2656 624 2699 Merlini:
657 2658 1001 2709 ,‚invaluerant.“

217 2727 258 2784 ⁵)
289 2728 421 2768 Deest
451 2734 667 2778 „omnes“
700 2728 742 2770 in
773 2730 867 2771 edd.
898 2730 960 2773 Μ.

215 2798 257 2854 6)
288 2798 397 2840 Edd.
427 2799 622 2840 Merlini:
654 2802 1013 2850 „succedentes.“

218 2867 258 2923 ⁷)
289 2868 396 2910 Edd.
429 2869 622 2911 Merlini:
654 2871 979 2923 „effugerunt.“

103 2944 324 2988 Omoems
349 2945 522 2989 OPERA.
565 2947 603 2989 T
608 2959 686 2990 om.
701 2948 817 2989 XIV.
1097 2948 1153 2991 25
