1759 3134
223 122 307 168 188
667 125 732 166 Ex
763 125 972 167 ORIGENE
1005 124 1206 166 Sssmc‘m

222 233 445 279 κελεύεται
478 238 685 294 σιωπᾷν,
726 239 802 280 καὶ
831 235 894 293 μὴ
928 237 1151 293 ἐλέγχειν,
1191 234 1282 278 ἀλλ’
1317 235 1367 279 ἓν
1397 237 1538 293 καιρῷ
1567 239 1643 279 καὶ

221 315 354 357 τοῦτο
384 318 560 368 ποιεῖν,
602 312 678 356 διὰ
717 313 766 358 τὸ
804 317 1034 372 εἰρῆσθαι·
1079 314 1198 368 ,,καὶ
1224 312 1264 368 ¹)
1305 313 1354 356 ἐν
1393 315 1454 368 τῷ
1493 315 1645 356 λαλεῖν

221 405 282 448 με
311 388 426 448 πρὸς
456 390 528 445 σὲ,
568 389 731 440 ἀνοίξω
765 390 814 434 τὸ
845 389 991 450 στόμα
1024 404 1130 444 σου,
1164 392 1240 431 καὶ
1271 390 1384 447 ἐρεῖς
1413 388 1526 445 πρὸς
1558 388 1645 431 αὐ-

224 464 348 515 τούς·
393 463 501 512 τάδε
531 470 649 524 λέγει
692 465 868 527 κύριος·
912 466 934 512 ὁ
964 468 1006 523 ²)
1041 465 1223 510 ἀκούων
1253 466 1475 523 ἀκουέτω,
1515 469 1589 510 καὶ
1623 463 1646 509 ὁ

222 542 432 588 ἀπειθῶν
462 543 755 589 ιἰπειθείτω.“

667 835 936 895 Κεφάλαιον
965 838 1190 894 τέταρτον.

336 946 509 1005 ,,Λάβε
533 949 575 1006 ³)
615 952 787 1006 σεαυτῷ
817 950 1068 993 πλίνθον.“
1131 944 1267 1005 Οἶμαι
1300 946 1382 1002 τὴν
1410 950 1648 1003 λαμβανο-

225 1029 370 1081 μένην
399 1030 622 1082 πλίνθον,
670 1027 860 1071 ἕκαστον
899 1024 1015 1071 εἶναι
1055 1029 1144 1069 τῶν
1172 1024 1261 1084 πρὸ
1292 1028 1370 1069 τοῦ
1401 1041 1646 1070 πεπιστευ-

225 1106 351 1147 κέναι
381 1107 560 1159 πλίνθῳ
589 1103 671 1159 τὴν
701 1102 918 1148 διάνοιαν
947 1101 1174 1147 ἐοικότων.

340 1183 473 1235 ,,Τοῦ
515 1180 704 1223 αὐτοῦ.“
763 1182 974 1223 Πλίνθον
1004 1181 1205 1223 ἐνταῦθα
1236 1182 1402 1235 νομίζω
1433 1181 1648 1235 λέγεσθαι

223 1254 306 1311 τὴν
334 1259 414 1299 τοῦ
446 1254 724 1301 ἀπαιδεύτου
755 1259 831 1299 καὶ
860 1254 1059 1311 ἀνοήτου
1087 1254 1267 1312 ψυχὴν,
1309 1257 1358 1298 ἒν
1396 1247 1419 1315 ἧ
1450 1252 1647 1312 διαγρά-

225 1349 359 1391 ᾳεται
388 1332 478 1377 ὑπὸ
510 1336 587 1378 τοῦ
617 1333 874 1391 προφήτου,
907 1337 984 1376 καὶ
1013 1337 1091 1377 τοῦ
1125 1335 1388 1389 δυναμένου
1411 1330 1648 1377 διδάσκειν

223 1409 278 1453 τὰ
317 1409 603 1469 πνευματικὰ
635 1413 712 1453 καὶ
742 1409 796 1454 τὰ
828 1416 1061 1468 κρείττονα
1091 1409 1474 1467 παραδεικνύναι,
1517 1408 1648 1459 πόλις

222 1484 528 1545 Ἰερουσαλὴμ,
561 1490 636 1531 καὶ
667 1486 721 1531 τα
753 1490 804 1532 ἒν
835 1488 943 1548 αὐτῇ
973 1485 1212 1545 μυστήρια,
1246 1491 1323 1530 καὶ
1355 1486 1377 1530 ὁ
1408 1486 1544 1545 λόγος
1573 1490 1650 1542 τῆς

223 1562 398 1614 πόλεως
426 1568 507 1609 τοῦ
537 1569 649 1610 θεοῦ
682 1568 758 1608 καὶ
787 1568 877 1608 τῶν
900 1567 1361 1623 ἓμπολιτευσαμένων
1381 1565 1504 1625 αὐτῇ.
1549 1569 1647 1609 Πε-

226 1640 354 1699 ριοχὴ
396 1643 446 1685 δὲ
484 1645 560 1698 τῆς
594 1640 767 1691 πόλεως
806 1639 864 1685 ἂν
899 1646 966 1696 εἴη
1007 1641 1217 1699 δόγματα
1259 1641 1510 1700 ὀχυροῦντα
1545 1639 1650 1691 τούς

224 1717 389 1776 λόγους
418 1718 520 1768 τοὺς
548 1721 654 1778 περὶ
676 1717 839 1774 αὐτήν·
870 1721 1172 1778 προμαχῶνες
1195 1719 1261 1774 δὲ,
1294 1722 1340 1761 αἱ
1368 1733 1650 1763 κατασκευα-

227 1800 375 1841 στικαὶ
407 1796 673 1846 ἀποδείξεις.
741 1792 870 1852 Τάχα
902 1797 953 1840 δὲ
986 1800 1063 1839 καὶ
1102 1796 1204 1840 καθ’
1239 1795 1401 1852 ἑαυτὴν
1433 1795 1458 1852 ἡ
1490 1795 1649 1854 λογικὴ

225 1879 410 1934 θεωρία,
443 1867 494 1930 ἧς
524 1875 574 1917 ἐν
603 1871 769 1931 γνώσει
800 1874 874 1917 δεῖ
899 1869 1015 1917 εἶναι
1044 1872 1126 1917 τὸν
1156 1872 1531 1931 ἀκαταμάχητον,
1565 1888 1650 1929 ση-

224 1958 436 2010 μαίνεται
466 1953 515 1995 ἔκ
544 1955 650 1995 τοῦ·
682 1952 803 2009 ,,καὶ
825 1950 866 2006 ⁴)
899 1953 1153 2009 περιβαλεῖς
1181 1952 1230 1994 ἒν
1261 1951 1371 2011 αὐτῇ
1394 1949 1650 2007 χάρακα·“

226 2030 253 2085 ἡ
294 2032 343 2074 δὲ
376 2027 591 2086 ἄγγελικὴ
625 2026 804 2087 φρουρὰ
838 2027 887 2070 ἐκ
916 2030 1020 2070 τοῦ·
1051 2030 1171 2083 ,,καὶ
1195 2028 1237 2084 ⁵)
1269 2026 1429 2076 δώσεις
1459 2028 1508 2071 ἓν
1538 2027 1647 2088 αὐτῇ

552 2108 581 2129 “
612 2108 660 2148 αἱ
688 2106 736 2149 δὲ
765 2102 1049 2160 βελοστάσεις
1080 2107 1127 2147 αἱ
1155 2101 1302 2160 κύκλῳ
1332 2109 1406 2159 τῆς
1421 2104 1650 2159 Ἰερουσα-

225 2105 538 2165 παρεμβολάς·

225 2182 343 2243 λὴμ,
397 2186 441 2227 οἱ
485 2180 851 2239 ιῖποκρουόμενοι.
894 2179 1024 2238 λόγοι
1068 2181 1170 2230 τοὺς
1213 2183 1444 2232 ἐναντίους
1487 2180 1652 2239 λόγους

226 2265 328 2307 εἰσί.
370 2261 499 2305 Ἐπεὶ
529 2261 579 2304 δὲ
609 2263 685 2303 καὶ
717 2256 915 2303 δυνατόν
946 2260 1038 2302 ἔστι
1068 2262 1145 2302 καὶ
1176 2257 1396 2318 ἁμαρτεῖν
1423 2257 1538 2316 μετὰ
1568 2275 1650 2303 το-

229 2343 397 2394 σαῦτα,
441 2336 555 2396 τάχα
595 2341 638 2381 οἱ
677 2335 931 2396 ἁπτόμενοι
965 2339 1043 2380 τοῦ
1075 2334 1383 2396 ἡμαρτηκότος
1413 2334 1543 2393 λόγοι
1572 2339 1650 2379 καὶ

229 2416 490 2468 κολάζοντες
521 2414 674 2471 αὐτὸν,
705 2413 984 2473 σιδηροῦνδ)
1016 2417 1223 2470 λέγονται
1247 2412 1463 2471 τήγανον,
1496 2411 1650 2470 ὥσπερ

347 2577 386 2633 1)
416 2579 568 2621 Ezech.
599 2578 677 2627 III,
707 2576 773 2619 27.

345 2649 389 2704 ²)
418 2648 498 2689 Ed.
528 2648 683 2689 Ruaei:
717 2649 792 2689 καὶ
824 2645 1017 2690 ἀκούων.

345 2719 391 2774 ³)
420 2718 572 2759 Ezech.
604 2719 677 2768 IV,
709 2717 745 2759 1.
867 2716 909 2772 4)
941 2717 1027 2760 Cfr.
1058 2717 1209 2757 Ezech.
1241 2717 1314 2766 IV,
1344 2715 1382 2759 2.

348 2787 390 2844 5)
424 2788 513 2829 Cfr.
539 2788 689 2829 Ezech.
721 2789 794 2838 IV,
825 2788 862 2831 2.

347 2857 390 2912 ⁶)
420 2858 498 2900 Ed.
530 2857 684 2900 Ruaei:
717 2860 927 2914 σιδηρῶν.
962 2882 1011 2888 -—
1046 2858 1131 2901 Cfr.
1161 2858 1313 2899 Ezech.
1345 2857 1417 2908 IV,
1448 2855 1487 2899 3.
