1759 3134
284 148 363 192 152
685 151 905 194 OmGEms
934 163 980 192 m
1010 150 1305 193 Ezncmssmzm

287 276 398 311 non,
433 277 537 318 quae
565 262 700 318 prima
731 275 771 305 et
800 264 980 306 secunda
1011 262 1149 318 aquila
1177 272 1411 314 gesserunt,
1448 275 1557 300 nunc
1588 258 1702 314 quasi
1741 279 1749 291 ·

288 338 329 379 in
369 340 593 395 prophetia
631 341 789 382 scilicet
824 342 998 394 figurata
1028 340 1117 379 vult
1148 356 1194 379 ex
1225 350 1342 394 parte
1372 353 1508 378 sermo
1541 336 1702 376 divinus

290 430 520 470 exponere,
558 418 681 460 nobis
721 420 772 460 ad
810 418 1129 470 intelligendum
1171 415 1431 470 relinquens,
1472 431 1574 470 quae
1614 413 1701 468 ipse

289 491 448 532 dimisit
477 492 641 536 intacta.
686 498 749 537 Ac
779 495 962 551 primum
995 494 1165 549 quidem
1197 492 1297 532 licet
1326 508 1448 547 saepe
1478 491 1559 548 jam
1592 490 1699 530 dixe-

287 569 391 619 rim,
428 581 567 612 tamen
602 571 727 612 etiam
758 589 868 613 nunc
899 571 1059 627 aliquid
1091 587 1175 610 non
1205 586 1365 610 novum
1395 570 1548 610 inferre
1580 583 1701 607 cona-

288 645 392 695 bor,
431 648 546 702 quod
577 661 742 690 nostrae
775 650 935 690 animae
967 649 1123 689 tribuat
1163 648 1361 696 salutem,
1402 646 1445 687 in
1475 662 1548 694 eo,
1589 644 1702 699 quod

288 721 448 763 dictum
481 735 541 764 est
570 726 621 765 ad
653 726 924 781 prophetam:
964 725 1132 780 ,„dicl)
1173 726 1223 765 ad
1268 726 1442 765 domum
1481 720 1705 762 amarican-

286 806 418 850 tem,“
445 800 531 841 sive
562 804 948 851 „exacerbantem.“
994 803 1090 842 Non
1118 801 1229 841 enim
1260 800 1423 841 addidit
1452 800 1503 840 ad
1530 800 1704 838 domum

289 879 628 930 exacerbantem,
666 879 752 920 sive
791 891 1101 936 exasperantem
1142 885 1297 929 „me.“
1355 878 1410 918 Et
1449 876 1483 917 si
1513 876 1707 915 volumus

288 954 454 1004 videre,
505 955 742 1010 cujusmodi
789 958 841 998 sit
884 969 1105 1013 peccatum
1150 955 1429 1012 exasperatio,
1477 952 1706 1000 audiamus,
1758 992 1759 997 ¹

286 1047 411 1086 quam
444 1032 584 1073 dulcia
614 1033 674 1083 ei,
705 1034 776 1090 qui
807 1034 1022 1086 intelligit,
1055 1033 1224 1089 eloquia
1254 1032 1338 1073 Dei
1369 1044 1480 1081 sunt,
1526 1028 1704 1070 dicenti:

289 1125 451 1163 „quam
469 1109 512 1165 ²)
553 1110 693 1151 dulcia
731 1112 886 1163 gutturi
927 1127 1024 1151 meo
1059 1111 1229 1166 eloquia
1258 1110 1386 1150 tua!“
1445 1109 1560 1149 Haec
1589 1118 1707 1147 natu-

286 1184 431 1224 raliter
460 1186 600 1226 dulcia
631 1204 726 1227 cum
756 1189 1023 1228 assumserim
1055 1189 1283 1236 credentes,
1314 1198 1383 1225 aut
1410 1187 1517 1225 bene
1549 1185 1706 1232 vivum,

285 1271 357 1300 aut
386 1277 484 1301 vere
516 1262 772 1303 contrarium
803 1263 973 1305 faciunt.
1032 1264 1088 1304 Et
1117 1264 1150 1304 si
1182 1263 1353 1319 quidem
1382 1261 1494 1320 juxta
1524 1261 1709 1301 divinam

284 1337 474 1390 regulam
515 1338 828 1391 ingrediuntur,
868 1353 1081 1382 reservant
1123 1340 1291 1396 eloquia
1321 1339 1406 1380 Dei
1442 1339 1484 1379 in
1527 1354 1576 1379 eo
1617 1337 1709 1378 dul-

287 1430 409 1464 core,
453 1431 537 1471 quo
576 1428 671 1457 nata
708 1429 815 1458 sunt.
890 1419 1016 1459 Juxta
1059 1418 1144 1459 mei
1189 1430 1328 1459 autem
1367 1416 1495 1458 animi
1541 1427 1707 1456 motum

283 1502 415 1546 putO,
456 1491 554 1547 quia
585 1493 913 1535 conversationis
942 1495 1130 1535 bonitate
1164 1507 1205 1535 et
1233 1506 1408 1547 augeant
1440 1492 1709 1548 eloquiorum

284 1568 370 1608 Dei
399 1570 668 1621 suavitatem,
707 1571 928 1613 miscentes
968 1572 1238 1613 dulcedinem
1277 1572 1386 1612 vitae
1429 1569 1593 1610 dulcori
1624 1585 1709 1608 ser-

284 1645 437 1686 monis.
495 1647 571 1688 Sin
600 1663 702 1687 vero
737 1649 828 1704 quis
861 1660 1031 1704 peccet,
1071 1661 1111 1689 et
1137 1650 1179 1705 3)
1219 1661 1331 1689 extra
1370 1659 1595 1704 praecepta
1622 1646 1707 1686 Dei

283 1738 505 1777 perversus
536 1723 723 1775 incedat,
768 1725 844 1766 iste
883 1724 1091 1779 accipiens
1133 1725 1372 1765 dulcissima
1414 1723 1584 1779 eloquia
1610 1722 1709 1772 Dei,

284 1815 364 1854 per
378 1810 569 1841 naturam
585 1801 831 1842 amarissimi
847 1801 1030 1858 peccati:
1050 1827 1099 1834 —
1118 1819 1304 1856 amarum
1317 1802 1473 1858 quippe
1489 1811 1707 1857 peccatum

288 1887 362 1926 est,
389 1877 506 1932 quod
523 1878 791 1920 dulcedinem
805 1879 1009 1920 sermonis
1028 1880 1275 1920 exterminat
1301 1897 1377 1920 —2
1404 1879 1445 1920 in
1462 1878 1503 1934 4)
1521 1894 1708 1919 amarum

280 1969 478 2009 saporem
509 1971 680 1997 omnem
708 1956 862 2008 redigit
892 1956 1151 1997 suavitatem.
1213 1956 1346 2010 Quod
1376 1956 1576 2004 dicimus,
1617 1955 1709 2010 ple-

285 2029 379 2070 nius
411 2031 731 2083 animadvertes,
761 2033 970 2088 accipiens
1001 2034 1254 2089 exemplum.
1314 2033 1470 2082 Herba,
1503 2048 1606 2087 quae
1638 2033 1708 2071 ab-

282 2105 481 2147 sinthium
513 2109 775 2159 nominatur,
806 2110 1051 2150 naturaliter
1080 2126 1219 2150 amara
1249 2122 1330 2150 est:
1362 2110 1468 2150 hanc
1498 2109 1531 2149 si
1563 2125 1709 2149 secun-

282 2184 384 2224 dum
431 2185 675 2239 qualitatem
721 2197 762 2226 et
806 2187 1081 2242 quantitatem
1125 2188 1264 2228 mellis
1308 2188 1349 2228 in
1397 2188 1482 2227 mel
1535 2185 1707 2243 injicias,

283 2260 562 2302 amaritudine
600 2279 673 2303 sua
710 2261 840 2303 vincit
879 2263 965 2321 ejus
997 2264 1264 2314 suavitatem,
1306 2276 1346 2304 et
1379 2262 1489 2315 cogit
1521 2278 1706 2302 amarum

286 2353 388 2388 esse,
419 2339 535 2394 quod
567 2340 690 2380 dulce
721 2352 793 2380 est.
853 2339 989 2397 Hujus
1019 2340 1171 2381 herbae
1202 2341 1287 2380 vim
1318 2341 1441 2380 habet
1471 2351 1703 2395 peccatum.

285 2414 331 2456 Si
371 2415 493 2470 plur‘a
531 2433 785 2471 peccavero,
827 2417 922 2473 plus
962 2417 1248 2458 amaritudinis
1288 2416 1410 2457 mitto
1444 2417 1485 2457 in
1517 2415 1705 2457 dulcedi-

285 2509 380 2533 nem
421 2509 664 2535 sermonum
701 2493 797 2535 Dei.
859 2494 906 2536 Si
947 2495 1100 2547 grande
1143 2494 1293 2544 fuerit,
1335 2496 1449 2550 quod
1489 2493 1706 2549 delinquo,

402 2661 444 2716 ¹)
470 2662 621 2703 Ezech.
652 2665 791 2713 XVII,
823 2663 887 2706 12.
921 2665 1018 2705 coll.
1054 2681 1143 2719 pag.
1168 2663 1259 2706 151.
1291 2664 1434 2706 not-2.

399 2730 442 2786 2)
473 2731 626 2772 Psalm.
659 2733 813 2783 CXIX,
849 2733 940 2777 103.
973 2734 1213 2789 (CXVHI.)

398 2801 441 2855 ³)
475 2801 609 2843 Deest
636 2809 747 2852 „et“
779 2802 820 2843 in
852 2805 947 2845 edd.
977 2805 1038 2845 M.

401 2871 444 2926 4)
473 2871 582 2913 Edd.
615 2873 808 2914 Merlini:
846 2886 883 2914 et
917 2875 956 2916 in
990 2891 1176 2915 amarum
1209 2885 1286 2914 etc.
