1759 3134
202 138 284 182 148
604 138 825 180 Omenms
856 148 901 179 m
931 136 1227 178 EZEchm-:M

208 264 255 293 ut
285 268 406 292 ausus
437 250 563 290 fuerit
594 249 754 290 dicere:
796 249 988 299 „viribus
1015 248 1056 304 ¹)
1088 248 1261 298 faciam,
1292 259 1330 287 et
1355 249 1399 302 2)
1432 250 1629 304 sapientia

211 330 452 371 intellectus
483 328 670 368 auferam
700 328 802 368 fines
833 327 1042 379 gentium,
1084 337 1123 366 et
1156 325 1351 365 virtutem
1383 342 1530 367 eorum
1563 328 1632 367 de-

216 423 372 462 pascar,
404 417 445 446 et
477 405 757 445 commovebo
791 404 991 452 civitates,
1024 419 1127 457 quae
1162 403 1463 452 inhabitantur,
1496 416 1536 443 et
1568 420 1634 443 or-

211 485 309 523 bem
340 494 546 523 terrarum
575 482 816 522 universum
850 481 1207 536 comprehendam
1236 496 1360 520 manu
1393 492 1438 520 ut
1471 480 1633 531 nidum,

218 571 260 600 et
291 559 408 615 quasi
440 560 653 600 confracta
684 576 762 599 ova
794 560 1019 600 auferam.“
1080 558 1212 606 Ecce,
1253 557 1329 597 ista
1361 569 1421 597 est
1452 558 1635 598 extensio

217 638 378 678 alarum
417 636 516 694 ejus.
576 639 664 678 Nec
703 638 784 677 hoc
827 636 864 676 ei
906 635 1081 684 sufficit,
1123 651 1268 674 verum
1305 635 1510 687 unguibus
1548 636 1640 690 ple-

214 731 291 755 nus
320 715 362 769 ³)
396 726 478 763 est,
511 725 550 754 et
582 714 725 755 multis
755 713 925 769 plumis,
958 725 997 753 et
1028 714 1151 753 habet
1183 714 1355 752 ductum
1385 711 1565 752 intrandi
1597 711 1638 751 in

214 792 443 840 Libanum,
482 802 529 831 ut
570 791 684 830 cedri
724 789 810 846 ejus
851 806 1012 830 summa
1053 791 1264 844 decerpat.
1326 789 1540 843 Quamdiu
1581 788 1638 836 hi,

216 868 287 923 qui
318 869 688 908 commorabantur
726 867 768 907 in
800 867 983 917 Libano,
1024 883 1111 907 non
1150 878 1452 922 peccaverunt,
1491 866 1533 907 id
1565 876 1639 914 est,

217 945 416 1001 quamdiu
448 945 490 985 in
520 944 798 1002 Jerosolymis
829 944 978 1000 positi,
1020 956 1115 984 sunt
1153 944 1194 984 in
1233 944 1461 984 sceleribus
1492 945 1641 999 depre-

215 1023 356 1072 hensi,
398 1038 485 1062 non
527 1022 688 1077 accepit
726 1033 979 1077 potestatem
1019 1021 1095 1061 ista
1124 1037 1270 1073 magna
1301 1021 1463 1076 aquila,
1501 1032 1547 1060 ut
1577 1019 1638 1059 in-

216 1100 461 1151 grederetur
491 1099 534 1139 in
563 1099 769 1139 Libanum
788 1131 797 1147 ,
826 1115 963 1154 neque
996 1098 1186 1138 assumsit
1215 1098 1295 1138 sibi
1327 1098 1471 1146 electa,
1504 1109 1544 1137 et
1576 1113 1641 1137 ce-

218 1176 282 1216 dri
321 1192 464 1216 semen
504 1175 689 1227 regium,
737 1187 777 1215 et
815 1175 1057 1230 principum
1096 1175 1283 1230 stirpem.
1360 1177 1443 1215 Ista
1484 1174 1640 1229 quippe

218 1264 314 1293 sunt
352 1251 645 1292 teneritudinis
688 1250 796 1307 ejus,
844 1267 948 1305 quae
998 1251 1182 1306 quodam
1223 1263 1417 1307 tempore
1454 1267 1539 1291 non
1579 1251 1644 1289 fu-

218 1341 340 1371 erunt
382 1331 488 1370 duro
531 1329 677 1369 corde:
718 1339 899 1367 attamen
939 1328 1078 1383 rapuit
1115 1343 1184 1377 ea,
1232 1327 1328 1383 quia
1364 1340 1644 1382 peccaverunt

216 1408 261 1448 in
289 1406 540 1447 Dominum.
598 1404 755 1460 Aquila
793 1404 870 1445 ista
911 1404 1074 1457 grandis
1100 1405 1164 1461 ⁴),
1205 1404 1334 1444 totius
1372 1405 1531 1445 arboris
1578 1422 1642 1445 ca-

218 1484 384 1524 cumina
415 1483 458 1523 in
490 1483 682 1524 Chanaan
714 1481 949 1530 transtulit,
991 1481 1087 1536 quia
1126 1481 1356 1532 figuraliter
1383 1482 1642 1540 Babylonio-

217 1578 312 1602 rum
350 1574 461 1602 terra
497 1559 714 1600 maledicti
754 1559 947 1600 Chanaan
990 1558 1167 1609 dicitur3
1212 1559 1263 1598 de
1305 1575 1388 1614 quo
1432 1560 1488 1600 ait
1526 1562 1640 1601 Noe:

219 1638 495 1691 „maledictus
517 1638 559 1693 ⁵)
590 1652 698 1691 puer
728 1636 935 1685 Chanaan,
965 1636 1147 1676 famulus
1182 1636 1260 1676 erit
1288 1636 1485 1677 fratribus
1516 1638 1640 1678 suis.“

218 1718 269 1757 Ῐ11
311 1715 478 1756 civitate
517 1728 686 1769 quoque
724 1711 1058 1764 negotiatorum,
1096 1712 1182 1752 sivc
1220 1713 1519 1765 negotiatrice,
1555 1714 1641 1755 sive

218 1791 582 1840 transferentium,
622 1801 693 1830 aut
732 1800 843 1829 certe
882 1800 1068 1839 murata,
1108 1789 1252 1845 posuit
1288 1790 1391 1841 hoc,
1435 1792 1551 1847 quod
1592 1793 1644 1832 de

222 1871 349 1910 cedro
390 1868 642 1919 abstulerat,
686 1878 727 1907 et
767 1866 930 1922 accepit
968 1867 1048 1907 sibi
1087 1868 1138 1907 de
1177 1867 1335 1908 semine
1367 1880 1524 1919 terrae,
1559 1868 1643 1927 jam

220 1963 308 1987 non
342 1947 394 1986 de
424 1944 645 1986 altioribus
674 1944 837 1993 solum,
877 1944 951 1984 sed
985 1944 1111 1984 etiam
1142 1945 1193 1984 de
1223 1945 1480 1996 minoribus,
1521 1959 1560 1987 et
1591 1949 1643 1987 de

222 2024 386 2079 populo
418 2023 701 2071 Judaeorum,
740 2032 781 2061 et
823 2021 940 2061 dedit
980 2020 1089 2061 illud
1129 2020 1173 2060 in
1213 2037 1407 2077 campum
1437 2023 1643 2064 frondife-

222 2118 335 2149 rum,
374 2115 501 2155 super
541 2113 691 2152 aquam
719 2098 898 2138 multam
928 2097 1240 2153 respiciendum
1271 2100 1488 2142 constituit
1519 2101 1640 2153 illud,

224 2189 266 2218 et
295 2188 487 2217 exortum
520 2184 602 2223 est,
645 2185 685 2213 et
714 2174 872 2214 factum
905 2185 965 2214 est
994 2174 1037 2213 in
1068 2174 1196 2214 vitem
1225 2175 1433 2218 infirmam
1456 2178 1514 2233 ⁶).
1575 2181 1643 2219 In-

223 2254 409 2294 firmatus
441 2264 501 2293 est
532 2266 629 2291 vere
659 2251 846 2306 populus
876 2250 961 2291 Dei
1000 2251 1041 2291 in
1071 2251 1313 2310 Babylone,
1355 2266 1393 2295 et
1433 2255 1530 2296 ideo
1568 2273 1641 2297 ne-

341 2448 386 2504 1)
415 2424 538 2489 sesai.
569 2447 623 2497 X,
655 2447 721 2492 13.
753 2447 817 2490 14.

339 2518 383 2574 2)
412 2517 689 2558 Desideratur
718 2524 832 2568 „et“
864 2518 906 2558 in
938 2520 1000 2559 ed.
1033 2518 1178 2559 Ruaei.

339 2589 382 2644 3)
414 2588 500 2629 Cfr.
530 2588 681 2629 Ezech.
712 2588 852 2637 XVII,
882 2588 919 2631 3.
951 2588 989 2630 4.

337 2658 380 2714 ⁴)
409 2658 517 2698 Edd.
548 2658 738 2699 Merlini:
771 2658 933 2710 grandis
967 2671 1069 2709 etc.,
1101 2659 1230 2700 totius
1261 2661 1432 2701 arboris.
1466 2684 1516 2690 —
1548 2661 1633 2703 Cfr.

222 2715 372 2757 Ezech.
402 2715 540 2764 XVII,
571 2713 610 2757 3.
641 2715 680 2758 4.

337 2784 379 2838 ⁵)
413 2784 518 2825 Gen.
552 2785 628 2835 IX,
658 2784 725 2828 25.

332 2854 374 2910 ⁶)
403 2854 482 2895 Ed.
502 2854 635 2895 Ruaei
666 2855 775 2896 sola:
809 2856 984 2898 firmam.
1020 2880 1069 2886 -
1101 2856 1190 2900 Cfr.
1209 2856 1358 2897 Ezech.
1389 2856 1528 2906 XVII,
1562 2857 1604 2899 6.
