1759 3134
254 134 311 179 82
649 131 870 172 Omoems
900 142 944 172 m
977 129 1271 171 Ezncmefflm

260 249 367 289 sacta
397 257 469 286 est.
531 243 747 297 Quamdiu
787 259 873 284 non
911 242 1122 298 peccavit,
1161 243 1345 283 radicem
1376 244 1521 284 habuit
1550 247 1683 285 Abra-

261 326 371 373 ham,
402 334 443 363 et
472 322 599 372 IsaaC,
630 333 670 364 ct
693 322 849 362 Jacob:
884 321 1052 375 quando
1084 320 1288 374 peccavit,
1320 320 1434 361 ratlix
1467 321 1553 378 ejus
1576 323 1680 363 Cha-

260 417 418 443 nanaea
454 401 563 441 sacta
602 411 674 440 est.
744 400 880 454 Sat-pe
918 398 1089 437 miratus
1130 415 1221 437 sum
1262 397 1328 447 id,
1366 400 1483 453 quod
1523 398 1680 440 (fictum

261 491 324 520 est
351 496 375 520 a
403 477 583 519 Daniele
613 477 665 517 ad
694 478 988 533 presbyterum
1024 487 1316 530 peccatorem,
1361 476 1428 516 cui
1466 493 1544 531 pro
1587 494 1683 532 pec-

263 569 357 598 cato
394 571 550 596 nomen
592 554 831 609 imponens:
882 569 1056 601 „semen
1089 553 1150 606 ¹),
1191 552 1347 607 inquit,
1387 553 1600 603 Chanaan,
1645 567 1685 594 et

261 650 347 675 non
381 633 534 674 Juda.“
592 632 767 681 Magnus
809 630 980 685 quidem
1020 630 1174 670 Daniel
1220 630 1551 671 constantissime
1591 649 1684 686 pre-

259 713 473 769 sbyterum
513 719 781 764 peccatorem
820 723 962 748 semen
1004 708 1194 749 Clnanaan
1236 708 1474 762 appellans,
1521 720 1562 748 et
1597 726 1682 749 non

259 789 393 839 Juda3
429 785 565 843 major
604 802 703 826 vero
747 785 1063 840 comparatione
1104 785 1191 840 ejus
1229 784 1448 835 Ezechiel,
1487 802 1571 826 non
1611 787 1682 826 uni

261 867 523 922 presbyterO,
553 880 690 919 neque
721 864 886 903 duobus
917 847 1159 903 hominibus
1189 862 1448 903 nativitatem
1482 863 1683 920 objiciens

261 942 636 990 contumeliosam,
676 941 749 981 sed
785 940 933 990 „radix
958 941 1023 996 ²),
1054 940 1266 995 inquiens,
1298 952 1368 980 tua
1400 953 1439 981 et
1471 941 1682 992 generatio

258 1033 329 1062 tua
360 1021 414 1062 de
441 1032 553 1060 terra
584 1019 788 1060 Chanaan.
848 1017 974 1058 Pater
1002 1029 1098 1058 tuus
1129 1018 1435 1068 Amorrhacus,
1476 1030 1518 1060 et
1548 1030 1682 1059 mater

259 1109 331 1138 tua
369 1097 568 1139 Cethea.“
644 1094 756 1148 Quia
791 1095 1027 1135 Jerusalem
1068 1095 1201 1135 multa
1241 1106 1411 1149 peccata
1460 1095 1684 1143 commisit,

255 1174 355 1215 ideo
386 1173 605 1227 increpans
636 1171 754 1210 illam
782 1171 1015 1225 propheta,
1053 1187 1139 1210 non
1180 1187 1290 1220 uno,
1328 1188 1465 1226 neque
1506 1173 1683 1221 duobus,

257 1251 331 1291 sed
360 1250 495 1290 tribus
524 1247 766 1289 nominibus
797 1247 1021 1299 insignivit.
1082 1248 1257 1302 Septem
1286 1248 1328 1287 in
1359 1248 1515 1288 Genesi
1545 1261 1685 1300 gentes

262 1338 559 1369 enumerantur
603 1342 625 1366 a
668 1325 765 1365 Deo
812 1324 854 1363 in
898 1340 983 1364 uno
1031 1324 1151 1373 loco,
1198 1341 1325 1379 quem
1368 1324 1541 1366 tradidit
1584 1326 1684 1366 filiis

256 1406 398 1447 Israel.
468 1405 644 1459 Septem
683 1413 823 1442 autem
862 1401 940 1441 hae
980 1413 1087 1441 sunt.
1162 1402 1211 1441 In
1250 1413 1424 1452 terram,
1466 1402 1603 1457 inquit
1628 1403 1684 1458 3)‚

257 1483 617 1530 Cbananaeorum,
649 1490 689 1519 et
719 1478 1092 1527 Amorrhaeorum,
1125 1490 1165 1519 et
1180 1478 1222 1534 4)
1257 1478 1553 1530 Cethaeorum,
1586 1481 1682 1533 et⁵)

252 1560 612 1608 pheresaeorum,
643 1567 683 1597 et
713 1556 977 1605 Evaeorum,
1015 1567 1055 1595 et
1086 1555 1442 1607 Gergesaeorum,
1483 1569 1524 1597 et
1552 1558 1682 1598 Jebu·

254 1651 462 1676 saeorum.
521 1633 569 1675 Si
592 1633 636 1689 ⁶)
674 1633 877 1688 possibile
915 1632 1062 1673 fuisset
1103 1644 1145 1672 et
1183 1645 1344 1688 septem
1377 1633 1473 1674 istas
1506 1650 1679 1686 congre—

252 1728 369 1765 gare,
411 1722 453 1752 et
489 1727 567 1766 per
606 1727 672 1751 eas
710 1709 1023 1762 ignobilitatem
1060 1710 1305 1765 peccatricis
1336 1712 1573 1752 Jerusalem
1612 1729 1678 1752 ex-

249 1792 458 1847 probare,
488 1788 655 1829 fecisset
682 1787 828 1843 utique
857 1788 1079 1843 propheta.
1138 1789 1261 1828 Nunc
1290 1804 1390 1828 vero
1424 1787 1527 1843 quid
1553 1789 1684 1831 fecit?

256 1867 561 1908 Amorrhaeum
591 1864 717 1917 elegit
748 1881 796 1907 ex
825 1876 1011 1921 septem,
1043 1876 1084 1905 et
1115 1865 1422 1915 chananaeum,
1455 1877 1495 1905 et
1525 1866 1581 1907 ait
1610 1867 1682 1906 ha-

251 1946 352 1985 bere
397 1941 741 1985 communionem
793 1942 1074 1997 peccatricem
1118 1942 1376 1992 Jerusalem,
1422 1943 1580 1998 quippe
1626 1945 1679 1985 ad

251 2022 546 2063 Chananaeum
590 2019 703 2077 juxta
747 2019 934 2059 radicem
975 2030 1017 2059 et
1061 2017 1344 2069 nativitatem,
1396 2020 1571 2075 proprie
1626 2022 1677 2061 ad

254 2099 559 2139 Amorrhaeum
599 2098 833 2137 secundum
870 2108 1059 2152 patrem,
1100 2096 1276 2151 proprie
1318 2097 1370 2136 ad
1402 2097 1608 2138 Cetheum
1635 2099 1675 2153 7)

249 2177 481 2217 secundum
518 2186 708 2216 matrem.
770 2173 817 2215 Si
853 2173 897 2214 in
937 2174 1176 2214 Jerusalem
1212 2185 1328 2214 tanta
1362 2174 1585 2226 dicuntur,
1624 2176 1676 2216 de

366 2321 406 2376 ¹)
438 2321 545 2362 Hist.
578 2321 670 2362 Sus.
703 2337 805 2362 vers.
837 2320 903 2364 56.
937 2321 1067 2376 (Dan.
1098 2319 1244 2376 XIII.)

366 2392 409 2447 2)
439 2391 590 2431 E‘zech.
622 2392 736 2439 XVI,
768 2391 805 2434 3.

363 2464 406 2519 3)
438 2463 525 2505 Cfr.
558 2463 663 2504 Gen.
695 2463 788 2511 XV,
820 2461 885 2503 20.
917 2461 984 2504 21.

362 2534 404 2588 ⁴)
434 2535 599 2574 Desunt
631 2533 776 2572 verba:
810 2543 886 2581 „et
916 2532 1261 2581 Cethaeorum,“
1292 2532 1335 2571 in
1368 2533 1461 2572 edd.
1493 2533 1554 2572 M.

362 2604 401 2657 5)
432 2604 540 2644 Edd.
582 2601 775 2643 Merlini:
816 2613 856 2641 et
896 2601 1226 2651 Phereseorum,
1270 2614 1308 2641 et
1348 2602 1586 2651 Eveorum,
1628 2614 1666 2642 et

242 2661 574 2713 Gergeseorum,
605 2671 646 2699 et
676 2659 970 2699 Jebuseorum.

355 2732 398 2785 6)
426 2730 535 2771 Edd.
567 2728 761 2770 Merlini:
802 2729 1070 2783 Impossibile
1101 2730 1182 2770 fuit
1221 2754 1270 2760 —-
1305 2746 1576 2782 congregare,
1615 2742 1663 2769 ut

236 2805 314 2843 per
344 2804 409 2828 eas
446 2810 496 2815 —-
530 2786 820 2840 exprobraret,
852 2787 1019 2827 fecisset
1052 2799 1130 2827 etc.

351 2859 391 2913 ⁷)
420 2857 530 2898 Edd.
550 2856 757 2897 ffllerlini:
790 2855 1003 2897 Cetheam.
