1759 3134
229 179 312 223 356
522 178 742 220 Onici-:ms
772 190 817 218 m
850 177 1032 218 CANTm.
1065 175 1366 218 Cam-monum

234 293 353 342 dam,
393 291 435 331 in
476 288 590 346 quod
630 290 813 343 reginam
844 290 929 331 sive
960 305 1154 346 sponsam
1185 305 1302 330 suam
1333 289 1565 330 introducit
1592 290 1652 346 ¹):

233 371 290 411 ita
329 369 453 410 habet
492 380 533 409 et
575 385 725 425 sponsa
755 385 875 411 suum
910 366 1174 417 cubiculum,
1215 366 1258 407 in
1301 367 1416 423 quod
1458 379 1655 408 monetur

232 464 310 503 per
339 447 516 487 verbum
545 445 630 486 Dei
660 445 862 499 ingressa,
896 445 1090 486 claudere
1123 443 1291 495 ostium,
1324 456 1364 486 et
1395 443 1452 485 ita
1485 445 1656 486 conclu-

232 525 285 566 sis
330 524 414 565 illis
439 525 482 580 ²)
531 523 725 565 omnibus
772 522 930 564 divitiis
975 523 1056 564 suis
1102 522 1209 563 intra
1257 521 1364 562 illud
1413 521 1652 563 cubiculum

234 619 353 644 orare
386 618 496 653 eum,
529 602 600 659 qui
630 601 745 643 videt
776 601 817 641 in
852 599 1123 650 abscondito,
1158 611 1198 641 et
1228 599 1451 656 perspicit,
1484 612 1653 657 quantas

234 696 349 737 opeS,
380 679 508 722 animi
538 678 699 720 scilicet
731 678 918 729 virtutes,
950 677 1057 719 intra
1089 677 1330 718 cubiculum
1362 694 1484 719 suum
1505 695 1655 735 sponsa

233 756 493 809 condiderit,
523 768 571 798 ut
600 756 746 797 videns
778 755 864 814 ejus
897 755 1084 807 divitias,
1122 756 1193 796 det
1224 755 1261 796 ei
1292 754 1519 811 petitiones
1550 772 1654 797 suas.

231 834 398 887 „Omni
420 835 463 890 ³)
497 833 609 876 enim
638 833 809 874 habenti
839 834 1048 874 dabitur.“
1109 832 1240 888 Quod
1271 845 1411 875 autem
1441 833 1521 875 ait:
1553 850 1656 885 „ex—

230 913 434 954 sultemus
459 913 502 970 ⁴)
542 924 584 953 et
622 911 904 970 jocundemur
940 912 983 952 in
1027 917 1126 952 te:“
1173 910 1341 952 videtur
1385 928 1433 952 ex
1476 928 1656 967 persona

231 990 644 1032 adolescentularum
675 988 783 1040 dici,
822 988 889 1029 vel
924 988 1184 1045 optantium,
1227 999 1267 1029 et
1292 990 1333 1045 5)
1365 990 1600 1045 petentium
1633 1007 1655 1032 a

231 1085 411 1125 sponso,
451 1079 521 1119 ut,
567 1067 925 1124 quemadmodum
966 1083 1118 1123 sponsa
1158 1078 1380 1108 consecuta
1421 1079 1505 1118 est,
1551 1084 1655 1125 quae

231 1147 419 1202 perfecta
451 1155 568 1195 sunt,
600 1155 640 1185 et
673 1143 870 1194 exsultat,
910 1142 968 1184 ita
997 1143 1112 1199 ipsae
1142 1143 1226 1201 jam
1249 1145 1292 1200 ὃ)
1323 1161 1444 1186 suum
1473 1144 1654 1202 implere

234 1240 414 1274 cursum,
447 1234 489 1264 et
517 1221 739 1279 pervenire
769 1236 901 1277 usque
935 1221 988 1261 ad
1017 1221 1124 1274 regis
1145 1221 1387 1263 cubiculum
1404 1235 1656 1274 mereantur,

233 1313 280 1342 ut
309 1300 541 1358 perspectis
574 1311 614 1341 et
644 1299 805 1340 intuitis
838 1296 1033 1339 omnibus
1063 1298 1148 1350 bis,
1189 1299 1240 1340 de
1281 1298 1431 1355 quibus
1460 1300 1535 1341 illa
1566 1301 1655 1354 glo—

232 1379 384 1430 riatur,
424 1378 551 1419 etiam
579 1377 694 1434 ipsae
727 1377 934 1419 exsultent
963 1375 1071 1416 sicut
1101 1387 1141 1417 et
1170 1376 1265 1427 illa,
1306 1388 1345 1418 et
1375 1375 1657 1436 jocundentur

230 1457 275 1498 in
310 1472 373 1498 eo.
434 1456 515 1497 Vel
556 1456 680 1497 etiam
720 1456 771 1496 ad
813 1471 1009 1511 sponsam
1050 1465 1193 1510 potest
1233 1454 1393 1496 dictum
1430 1456 1564 1497 videri
1604 1457 1655 1497 ab

231 1533 556 1576 adolescentulis
587 1532 970 1586 congratulantibus
1003 1531 1054 1582 ei,
1088 1544 1128 1573 et
1145 1532 1491 1589 promittentibus
1509 1544 1656 1589 peten-

232 1612 452 1668 tibusque,
489 1623 537 1652 ut
575 1611 802 1668 participes
832 1611 934 1651 fiant
965 1609 1251 1651 exsultationis
1283 1608 1370 1667 ejus
1395 1610 1434 1665 ⁷)
1467 1622 1508 1652 et
1538 1610 1655 1652 laeti-

232 1690 327 1731 tiae.
401 1689 675 1742 „Diligemus
697 1690 740 1745 ⁸)
781 1690 912 1729 ubera
950 1699 1021 1728 tua
1058 1704 1186 1743 super
1225 1688 1418 1729 vinum.“
1492 1688 1656 1745 Sponsa

233 1768 426 1826 quidem,
469 1780 697 1824 postquam
728 1766 872 1807 oscula
899 1765 1056 1806 meruit
1086 1766 1136 1806 ab
1167 1765 1259 1821 ipso
1292 1765 1433 1822 sponsi
1467 1782 1540 1807 ore
1569 1782 1657 1808 sus-

232 1846 393 1903 cipere,
435 1857 476 1887 et
513 1845 714 1887 uberibus
754 1842 840 1902 ejus
878 1843 1060 1899 perfrui,
1100 1842 1157 1885 ait
1197 1844 1248 1884 ad
1286 1859 1402 1886 eum:
1443 1844 1589 1895 „bona
1612 1844 1654 1902 ⁹)

231 1935 327 1965 sunt
359 1924 489 1964 ubera
518 1934 591 1965 tua
621 1938 748 1979 super
777 1921 964 1963 vinum.“
1023 1921 1381 1964 Adolescentulae
1402 1937 1518 1974 vem,
1550 1938 1655 1980 quae

231 2003 421 2043 nondum
454 2002 506 2042 ad
536 2001 580 2042 id
612 1999 884 2040 beatitudinis
915 2011 1129 2051 venerant,
1157 2015 1294 2056 neque
1325 2017 1531 2041 summam
1560 2017 1656 2057 per-

231 2079 427 2121 fectionis
466 2089 736 2134 acceperant,
776 2093 915 2133 neque
954 2093 1033 2118 usu
1071 2087 1111 2117 et
1142 2077 1341 2133 operibus
1370 2079 1530 2119 fructus
1561 2094 1656 2134 per-

231 2157 367 2197 fectae
409 2155 588 2197 caritatis
629 2155 917 2211 expleverant,
957 2166 1004 2196 ut
1034 2154 1150 2211 quasi
1190 2167 1382 2212 expertae
1411 2156 1658 2213 pronuntia-

230 2246 324 2275 rent
353 2234 405 2275 de
423 2234 488 2289 ¹⁰)
518 2232 718 2274 uberibus
753 2232 853 2290 ejus,
885 2231 982 2288 quia
1011 2234 1122 2274 bona
1151 2244 1264 2285 sunt,
1292 2234 1479 2276 videntes
1499 2246 1653 2285 tamen,

350 2438 390 2494 ¹)
418 2436 527 2478 Edd.
557 2433 754 2478 Merlini:
785 2433 1031 2478 introduxit.

344 2508 387 2566 ²)
418 2507 527 2549 Edd.
557 2505 753 2548 ⁷Mer1ini:
785 2505 847 2547 his
880 2506 1074 2546 omnibus
1106 2517 1186 2547 etc.

342 2578 385 2634 3)
415 2578 516 2619 Luc.
547 2575 665 2626 XIX,
694 2574 762 2618 26.
882 2577 924 2632 ⁴)
957 2575 1115 2618 Cantic.
1147 2578 1181 2628 Ῐ,
1212 2577 1251 2620 4.

343 2648 388 2704 ⁵)
418 2647 527 2688 Edd.
557 2646 617 2688 Μ.
650 2645 747 2695 „vel
775 2645 1052 2701 petentium.“

343 2718 387 2773 ⁶)
417 2717 526 2758 Edd.
557 2715 620 2757 M.
652 2714 855 2765 „etiam.“

342 2787 386 2844 ¹⁷)
415 2786 548 2827 Deest
577 2817 603 2836 ‚,
619 2784 706 2844 ejus
720 2790 745 2810 ‘⁴
773 2785 818 2827 in
849 2787 943 2829 edd.
974 2787 1037 2829 M.

337 2856 382 2912 8)
414 2856 572 2898 Cantic.
606 2855 640 2906 I,
669 2855 708 2898 4.
829 2856 871 2913 9)
903 2857 1063 2900 Cantic.
1095 2859 1128 2910 I,
1156 2858 1199 2904 2.

313 2927 382 2983 ¹⁰)
410 2926 542 2968 Deest
570 2925 697 2978 ‚‚de“
728 2925 770 2966 in
802 2926 867 2968 ed.
898 2926 1043 2970 Ruaei.
