<?xml version="1.0" encoding="UTF-8"?>
<!DOCTYPE html PUBLIC "-//W3C//DTD XHTML 1.0 Transitional//EN"
    "http://www.w3.org/TR/xhtml1/DTD/xhtml1-transitional.dtd">
<html xmlns="http://www.w3.org/1999/xhtml" xml:lang="en" lang="en">
 <head>
  <title>
</title>
<meta http-equiv="Content-Type" content="text/html;charset=utf-8" />
  <meta name='ocr-system' content='tesseract 3.04.00' />
  <meta name='ocr-capabilities' content='ocr_page ocr_carea ocr_par ocr_line ocrx_word'/>
</head>
<body>
  <div class='ocr_page' id='page_1' title='image "./operaomniaquaegr14orig_0096.png"; bbox 0 0 1759 3134; ppageno 0'>
   <div class='ocr_carea' id='block_1_1' title="bbox 235 126 1252 172">
    <p class='ocr_par' dir='ltr' id='par_1_1' title="bbox 235 126 1252 172">
     <span class='ocr_line' id='line_1_1' title="bbox 235 126 1252 172; baseline -0.002 0"><span class='ocrx_word' id='word_1_1' title='bbox 235 126 292 172; x_wconf 79' lang='lat'>80</span> <span class='ocrx_word' id='word_1_2' title='bbox 635 128 852 172; x_wconf 71' lang='lat' dir='ltr'>Onmssms</span> <span class='ocrx_word' id='word_1_3' title='bbox 883 142 927 170; x_wconf 73' lang='lat' dir='ltr'>m</span> <span class='ocrx_word' id='word_1_4' title='bbox 957 128 1252 170; x_wconf 70' lang='lat' dir='ltr'>Ezncnmmzm</span> 
     </span>
    </p>
   </div>
   <div class='ocr_carea' id='block_1_2' title="bbox 238 240 1678 2065">
    <p class='ocr_par' dir='ltr' id='par_1_2' title="bbox 238 240 1676 1760">
     <span class='ocr_line' id='line_1_2' title="bbox 238 240 1657 296; baseline -0.002 -13"><span class='ocrx_word' id='word_1_5' title='bbox 238 243 334 283; x_wconf 86' lang='lat' dir='ltr'>dam</span> <span class='ocrx_word' id='word_1_6' title='bbox 375 240 658 296; x_wconf 85' lang='lat' dir='ltr'>suspicantur,</span> <span class='ocrx_word' id='word_1_7' title='bbox 695 253 834 281; x_wconf 83' lang='lat' dir='ltr'>mente</span> <span class='ocrx_word' id='word_1_8' title='bbox 876 241 1120 281; x_wconf 68' lang='lat' dir='ltr'>excidebant</span> <span class='ocrx_word' id='word_1_9' title='bbox 1147 240 1186 293; x_wconf 86' lang='lat'>¹)</span> <span class='ocrx_word' id='word_1_10' title='bbox 1226 241 1483 295; x_wconf 81' lang='lat' dir='ltr'>prophetae,</span> <span class='ocrx_word' id='word_1_11' title='bbox 1530 253 1569 281; x_wconf 89' lang='lat' dir='ltr'>et</span> <span class='ocrx_word' id='word_1_12' title='bbox 1611 257 1657 280; x_wconf 82' lang='lat' dir='ltr'>ex</span> 
     </span>
     <span class='ocr_line' id='line_1_3' title="bbox 238 316 1661 373; baseline -0.003 -13"><span class='ocrx_word' id='word_1_13' title='bbox 238 318 481 360; x_wconf 78' lang='lat' dir='ltr'>necessitate</span> <span class='ocrx_word' id='word_1_14' title='bbox 512 316 681 372; x_wconf 86' lang='lat' dir='ltr'>spiritus</span> <span class='ocrx_word' id='word_1_15' title='bbox 713 318 1005 372; x_wconf 78' lang='lat' dir='ltr'>loquebantur.</span> <span class='ocrx_word' id='word_1_16' title='bbox 1067 316 1149 365; x_wconf 84' lang='lat' dir='ltr'>„Si</span> <span class='ocrx_word' id='word_1_17' title='bbox 1174 317 1217 372; x_wconf 85' lang='lat'>²)</span> <span class='ocrx_word' id='word_1_18' title='bbox 1247 316 1341 366; x_wconf 82' lang='lat' dir='ltr'>alii,</span> <span class='ocrx_word' id='word_1_19' title='bbox 1380 317 1515 373; x_wconf 88' lang='lat' dir='ltr'>inquit</span> <span class='ocrx_word' id='word_1_20' title='bbox 1545 318 1661 372; x_wconf 80' lang='lat' dir='ltr'>Apo-</span> 
     </span>
     <span class='ocr_line' id='line_1_4' title="bbox 241 393 1659 449; baseline -0.003 -13"><span class='ocrx_word' id='word_1_21' title='bbox 241 396 395 443; x_wconf 78' lang='lat' dir='ltr'><strong>stolus,</strong></span> <span class='ocrx_word' id='word_1_22' title='bbox 435 394 667 435; x_wconf 80' lang='lat' dir='ltr'>revelatum</span> <span class='ocrx_word' id='word_1_23' title='bbox 710 395 835 435; x_wconf 78' lang='lat' dir='ltr'>suerit</span> <span class='ocrx_word' id='word_1_24' title='bbox 875 394 1058 444; x_wconf 76' lang='lat' dir='ltr'><strong>sedenti,</strong></span> <span class='ocrx_word' id='word_1_25' title='bbox 1102 393 1221 448; x_wconf 78' lang='lat' dir='ltr'>prior</span> <span class='ocrx_word' id='word_1_26' title='bbox 1251 399 1425 434; x_wconf 85' lang='lat' dir='ltr'>taceat.“</span> <span class='ocrx_word' id='word_1_27' title='bbox 1485 394 1546 433; x_wconf 82' lang='lat' dir='ltr'>Ex</span> <span class='ocrx_word' id='word_1_28' title='bbox 1576 411 1659 449; x_wconf 81' lang='lat' dir='ltr'>qno</span> 
     </span>
     <span class='ocr_line' id='line_1_5' title="bbox 243 470 1661 526; baseline -0.001 -15"><span class='ocrx_word' id='word_1_29' title='bbox 243 470 502 520; x_wconf 78' lang='lat' dir='ltr'>ostenditur,</span> <span class='ocrx_word' id='word_1_30' title='bbox 542 483 794 526; x_wconf 82' lang='lat' dir='ltr'>potestatem</span> <span class='ocrx_word' id='word_1_31' title='bbox 833 472 983 512; x_wconf 84' lang='lat' dir='ltr'>hahere</span> <span class='ocrx_word' id='word_1_32' title='bbox 1028 488 1147 521; x_wconf 83' lang='lat' dir='ltr'>eum,</span> <span class='ocrx_word' id='word_1_33' title='bbox 1189 470 1259 526; x_wconf 86' lang='lat' dir='ltr'>qui</span> <span class='ocrx_word' id='word_1_34' title='bbox 1300 471 1517 525; x_wconf 87' lang='lat' dir='ltr'>loquatur,</span> <span class='ocrx_word' id='word_1_35' title='bbox 1568 487 1661 510; x_wconf 87' lang='lat' dir='ltr'>cum</span> 
     </span>
     <span class='ocr_line' id='line_1_6' title="bbox 243 547 1665 599; baseline -0.002 -10"><span class='ocrx_word' id='word_1_36' title='bbox 243 549 365 599; x_wconf 71' lang='lat' dir='ltr'>velit,</span> <span class='ocrx_word' id='word_1_37' title='bbox 408 548 568 597; x_wconf 81' lang='lat' dir='ltr'>dicere,</span> <span class='ocrx_word' id='word_1_38' title='bbox 611 560 651 588; x_wconf 92' lang='lat' dir='ltr'>et</span> <span class='ocrx_word' id='word_1_39' title='bbox 690 566 785 589; x_wconf 88' lang='lat' dir='ltr'>cum</span> <span class='ocrx_word' id='word_1_40' title='bbox 817 549 940 598; x_wconf 69' lang='lat' dir='ltr'>velit,</span> <span class='ocrx_word' id='word_1_41' title='bbox 983 561 1132 588; x_wconf 81' lang='lat' dir='ltr'>tacere.</span> <span class='ocrx_word' id='word_1_42' title='bbox 1192 548 1247 588; x_wconf 81' lang='lat' dir='ltr'>Et</span> <span class='ocrx_word' id='word_1_43' title='bbox 1277 548 1329 587; x_wconf 83' lang='lat' dir='ltr'>ad</span> <span class='ocrx_word' id='word_1_44' title='bbox 1359 547 1532 588; x_wconf 78' lang='lat' dir='ltr'>Balaam</span> <span class='ocrx_word' id='word_1_45' title='bbox 1563 547 1665 587; x_wconf 87' lang='lat' dir='ltr'>dici-</span> 
     </span>
     <span class='ocr_line' id='line_1_7' title="bbox 244 624 1665 681; baseline -0.004 -14"><span class='ocrx_word' id='word_1_46' title='bbox 244 638 329 667; x_wconf 83' lang='lat' dir='ltr'>tur:</span> <span class='ocrx_word' id='word_1_47' title='bbox 363 637 677 675; x_wconf 75' lang='lat' dir='ltr'>„verumtamen</span> <span class='ocrx_word' id='word_1_48' title='bbox 702 624 742 681; x_wconf 74' lang='lat'>³)</span> <span class='ocrx_word' id='word_1_49' title='bbox 775 625 971 674; x_wconf 74' lang='lat' dir='ltr'>verbum,</span> <span class='ocrx_word' id='word_1_50' title='bbox 1012 626 1125 680; x_wconf 86' lang='lat' dir='ltr'>quod</span> <span class='ocrx_word' id='word_1_51' title='bbox 1166 624 1348 664; x_wconf 82' lang='lat' dir='ltr'>immitto</span> <span class='ocrx_word' id='word_1_52' title='bbox 1381 624 1423 664; x_wconf 86' lang='lat' dir='ltr'>in</span> <span class='ocrx_word' id='word_1_53' title='bbox 1455 641 1500 664; x_wconf 84' lang='lat' dir='ltr'>os</span> <span class='ocrx_word' id='word_1_54' title='bbox 1532 635 1665 673; x_wconf 86' lang='lat' dir='ltr'>tuum,</span> 
     </span>
     <span class='ocr_line' id='line_1_8' title="bbox 245 702 1665 758; baseline -0.002 -14"><span class='ocrx_word' id='word_1_55' title='bbox 245 704 325 744; x_wconf 86' lang='lat' dir='ltr'>hoc</span> <span class='ocrx_word' id='word_1_56' title='bbox 359 704 533 743; x_wconf 77' lang='lat' dir='ltr'>observa</span> <span class='ocrx_word' id='word_1_57' title='bbox 566 702 739 757; x_wconf 86' lang='lat' dir='ltr'>loqui:“</span> <span class='ocrx_word' id='word_1_58' title='bbox 782 702 896 757; x_wconf 80' lang='lat' dir='ltr'>quasi</span> <span class='ocrx_word' id='word_1_59' title='bbox 928 714 1180 758; x_wconf 83' lang='lat' dir='ltr'>potestatem</span> <span class='ocrx_word' id='word_1_60' title='bbox 1211 703 1387 742; x_wconf 84' lang='lat' dir='ltr'>habente</span> <span class='ocrx_word' id='word_1_61' title='bbox 1421 718 1494 751; x_wconf 91' lang='lat' dir='ltr'>eo,</span> <span class='ocrx_word' id='word_1_62' title='bbox 1525 713 1570 741; x_wconf 90' lang='lat' dir='ltr'>ut</span> <span class='ocrx_word' id='word_1_63' title='bbox 1600 717 1665 741; x_wconf 91' lang='lat' dir='ltr'>ac-</span> 
     </span>
     <span class='ocr_line' id='line_1_9' title="bbox 246 778 1664 835; baseline -0.003 -14"><span class='ocrx_word' id='word_1_64' title='bbox 246 793 369 835; x_wconf 85' lang='lat' dir='ltr'>cepto</span> <span class='ocrx_word' id='word_1_65' title='bbox 416 780 545 819; x_wconf 70' lang='lat' dir='ltr'>v&#39;crbo</span> <span class='ocrx_word' id='word_1_66' title='bbox 586 779 670 819; x_wconf 87' lang='lat' dir='ltr'>Dei</span> <span class='ocrx_word' id='word_1_67' title='bbox 708 778 887 828; x_wconf 84' lang='lat' dir='ltr'>diceret,</span> <span class='ocrx_word' id='word_1_68' title='bbox 931 796 1003 820; x_wconf 90' lang='lat' dir='ltr'>seu</span> <span class='ocrx_word' id='word_1_69' title='bbox 1046 791 1214 820; x_wconf 75' lang='lat' dir='ltr'>taceret.</span> <span class='ocrx_word' id='word_1_70' title='bbox 1294 778 1410 833; x_wconf 83' lang='lat' dir='ltr'>Quid</span> <span class='ocrx_word' id='word_1_71' title='bbox 1453 790 1514 819; x_wconf 86' lang='lat' dir='ltr'>est</span> <span class='ocrx_word' id='word_1_72' title='bbox 1554 795 1664 830; x_wconf 81' lang='lat' dir='ltr'>ergO‚</span> 
     </span>
     <span class='ocr_line' id='line_1_10' title="bbox 246 855 1667 914; baseline -0.002 -16"><span class='ocrx_word' id='word_1_73' title='bbox 246 858 360 914; x_wconf 87' lang='lat' dir='ltr'>quod</span> <span class='ocrx_word' id='word_1_74' title='bbox 401 857 440 896; x_wconf 86' lang='lat' dir='ltr'>in</span> <span class='ocrx_word' id='word_1_75' title='bbox 471 855 692 897; x_wconf 77' lang='lat' dir='ltr'>Ezechicle</span> <span class='ocrx_word' id='word_1_76' title='bbox 732 856 946 897; x_wconf 82' lang='lat' dir='ltr'>admiror?</span> <span class='ocrx_word' id='word_1_77' title='bbox 1007 856 1118 910; x_wconf 86' lang='lat' dir='ltr'>Quia</span> <span class='ocrx_word' id='word_1_78' title='bbox 1163 874 1258 896; x_wconf 86' lang='lat' dir='ltr'>cum</span> <span class='ocrx_word' id='word_1_79' title='bbox 1289 856 1327 896; x_wconf 90' lang='lat' dir='ltr'>ei</span> <span class='ocrx_word' id='word_1_80' title='bbox 1358 856 1503 896; x_wconf 87' lang='lat' dir='ltr'>suisset</span> <span class='ocrx_word' id='word_1_81' title='bbox 1536 855 1667 910; x_wconf 84' lang='lat' dir='ltr'>impe-</span> 
     </span>
     <span class='ocr_line' id='line_1_11' title="bbox 248 931 1669 988; baseline -0.004 -12"><span class='ocrx_word' id='word_1_82' title='bbox 248 948 406 985; x_wconf 83' lang='lat' dir='ltr'>ratum,</span> <span class='ocrx_word' id='word_1_83' title='bbox 447 946 491 974; x_wconf 90' lang='lat' dir='ltr'>ut</span> <span class='ocrx_word' id='word_1_84' title='bbox 523 945 764 982; x_wconf 81' lang='lat' dir='ltr'>testaretur,</span> <span class='ocrx_word' id='word_1_85' title='bbox 809 944 849 972; x_wconf 88' lang='lat' dir='ltr'>ct</span> <span class='ocrx_word' id='word_1_86' title='bbox 878 944 998 974; x_wconf 88' lang='lat' dir='ltr'>notas</span> <span class='ocrx_word' id='word_1_87' title='bbox 1029 935 1183 974; x_wconf 79' lang='lat' dir='ltr'>faceret</span> <span class='ocrx_word' id='word_1_88' title='bbox 1209 934 1442 974; x_wconf 75' lang='lat' dir='ltr'><strong>Jerusalem</strong></span> <span class='ocrx_word' id='word_1_89' title='bbox 1475 931 1669 988; x_wconf 82' lang='lat' dir='ltr'>iniquita-</span> 
     </span>
     <span class='ocr_line' id='line_1_12' title="bbox 248 1009 1667 1069; baseline -0.004 -15"><span class='ocrx_word' id='word_1_90' title='bbox 248 1026 309 1054; x_wconf 85' lang='lat' dir='ltr'>tes</span> <span class='ocrx_word' id='word_1_91' title='bbox 341 1011 441 1069; x_wconf 78' lang='lat' dir='ltr'>ejus,</span> <span class='ocrx_word' id='word_1_92' title='bbox 471 1027 557 1052; x_wconf 87' lang='lat' dir='ltr'>non</span> <span class='ocrx_word' id='word_1_93' title='bbox 589 1009 731 1066; x_wconf 86' lang='lat' dir='ltr'>posuit</span> <span class='ocrx_word' id='word_1_94' title='bbox 760 1021 853 1050; x_wconf 87' lang='lat' dir='ltr'>ante</span> <span class='ocrx_word' id='word_1_95' title='bbox 888 1010 1034 1050; x_wconf 89' lang='lat' dir='ltr'>oculos</span> <span class='ocrx_word' id='word_1_96' title='bbox 1066 1009 1151 1066; x_wconf 78' lang='lat' dir='ltr'>ejus</span> <span class='ocrx_word' id='word_1_97' title='bbox 1181 1010 1440 1066; x_wconf 85' lang='lat' dir='ltr'>periculum,</span> <span class='ocrx_word' id='word_1_98' title='bbox 1473 1011 1589 1066; x_wconf 87' lang='lat' dir='ltr'>quod</span> <span class='ocrx_word' id='word_1_99' title='bbox 1621 1026 1667 1049; x_wconf 82' lang='lat' dir='ltr'>ex</span> 
     </span>
     <span class='ocr_line' id='line_1_13' title="bbox 247 1087 1670 1146; baseline -0.004 -15"><span class='ocrx_word' id='word_1_100' title='bbox 247 1088 562 1146; x_wconf 84' lang='lat' dir='ltr'>praedicatione</span> <span class='ocrx_word' id='word_1_101' title='bbox 604 1099 690 1128; x_wconf 89' lang='lat' dir='ltr'>erat</span> <span class='ocrx_word' id='word_1_102' title='bbox 730 1098 992 1136; x_wconf 88' lang='lat' dir='ltr'>secuturum,</span> <span class='ocrx_word' id='word_1_103' title='bbox 1031 1087 1105 1126; x_wconf 89' lang='lat' dir='ltr'>sed</span> <span class='ocrx_word' id='word_1_104' title='bbox 1145 1098 1192 1127; x_wconf 87' lang='lat' dir='ltr'>ut</span> <span class='ocrx_word' id='word_1_105' title='bbox 1229 1087 1312 1128; x_wconf 83' lang='lat' dir='ltr'>Dei</span> <span class='ocrx_word' id='word_1_106' title='bbox 1351 1099 1512 1128; x_wconf 81' lang='lat' dir='ltr'>tantum</span> <span class='ocrx_word' id='word_1_107' title='bbox 1551 1102 1670 1142; x_wconf 82' lang='lat' dir='ltr'>prae-</span> 
     </span>
     <span class='ocr_line' id='line_1_14' title="bbox 250 1164 1670 1222; baseline -0.003 -15"><span class='ocrx_word' id='word_1_108' title='bbox 250 1178 370 1222; x_wconf 90' lang='lat' dir='ltr'>cepta</span> <span class='ocrx_word' id='word_1_109' title='bbox 407 1176 610 1213; x_wconf 78' lang='lat' dir='ltr'>servaret,</span> <span class='ocrx_word' id='word_1_110' title='bbox 649 1164 816 1203; x_wconf 76' lang='lat' dir='ltr'>locutus</span> <span class='ocrx_word' id='word_1_111' title='bbox 857 1175 917 1203; x_wconf 87' lang='lat' dir='ltr'>est</span> <span class='ocrx_word' id='word_1_112' title='bbox 957 1178 1231 1218; x_wconf 90' lang='lat' dir='ltr'>quaecunque</span> <span class='ocrx_word' id='word_1_113' title='bbox 1269 1164 1494 1205; x_wconf 76' lang='lat' dir='ltr'>mandavit.</span> <span class='ocrx_word' id='word_1_114' title='bbox 1552 1164 1670 1212; x_wconf 83' lang='lat' dir='ltr'>Esto,</span> 
     </span>
     <span class='ocr_line' id='line_1_15' title="bbox 250 1239 1673 1297; baseline -0.003 -13"><span class='ocrx_word' id='word_1_115' title='bbox 250 1244 303 1284; x_wconf 87' lang='lat' dir='ltr'>sit</span> <span class='ocrx_word' id='word_1_116' title='bbox 330 1241 598 1297; x_wconf 63' lang='lat' dir='ltr'>mysterium,</span> <span class='ocrx_word' id='word_1_117' title='bbox 637 1239 689 1279; x_wconf 90' lang='lat' dir='ltr'>sit</span> <span class='ocrx_word' id='word_1_118' title='bbox 725 1239 929 1279; x_wconf 80' lang='lat' dir='ltr'>revelatio</span> <span class='ocrx_word' id='word_1_119' title='bbox 968 1250 1148 1279; x_wconf 85' lang='lat' dir='ltr'>sacratae</span> <span class='ocrx_word' id='word_1_120' title='bbox 1187 1240 1488 1292; x_wconf 78' lang='lat' dir='ltr'><strong>intelligentiae</strong></span> <span class='ocrx_word' id='word_1_121' title='bbox 1520 1241 1572 1281; x_wconf 89' lang='lat' dir='ltr'>de</span> <span class='ocrx_word' id='word_1_122' title='bbox 1602 1241 1673 1281; x_wconf 88' lang='lat' dir='ltr'>Je-</span> 
     </span>
     <span class='ocr_line' id='line_1_16' title="bbox 250 1316 1673 1372; baseline -0.004 -9"><span class='ocrx_word' id='word_1_123' title='bbox 250 1321 446 1369; x_wconf 86' lang='lat' dir='ltr'>rusalem,</span> <span class='ocrx_word' id='word_1_124' title='bbox 479 1330 519 1358; x_wconf 86' lang='lat' dir='ltr'>et</span> <span class='ocrx_word' id='word_1_125' title='bbox 548 1317 632 1367; x_wconf 82' lang='lat' dir='ltr'>his,</span> <span class='ocrx_word' id='word_1_126' title='bbox 662 1331 935 1372; x_wconf 85' lang='lat' dir='ltr'>quaecunque</span> <span class='ocrx_word' id='word_1_127' title='bbox 966 1332 1092 1371; x_wconf 87' lang='lat' dir='ltr'>super</span> <span class='ocrx_word' id='word_1_128' title='bbox 1124 1332 1214 1356; x_wconf 90' lang='lat' dir='ltr'>eam</span> <span class='ocrx_word' id='word_1_129' title='bbox 1247 1316 1461 1358; x_wconf 86' lang='lat' dir='ltr'>dicuntur:</span> <span class='ocrx_word' id='word_1_130' title='bbox 1493 1330 1673 1359; x_wconf 80' lang='lat' dir='ltr'>attamen</span> 
     </span>
     <span class='ocr_line' id='line_1_17' title="bbox 250 1393 1675 1454; baseline -0.002 -16"><span class='ocrx_word' id='word_1_131' title='bbox 250 1398 508 1454; x_wconf 82' lang='lat' dir='ltr'>prophetans</span> <span class='ocrx_word' id='word_1_132' title='bbox 539 1405 579 1434; x_wconf 88' lang='lat' dir='ltr'>et</span> <span class='ocrx_word' id='word_1_133' title='bbox 608 1393 897 1434; x_wconf 68' lang='lat' dir='ltr'>fornicationis</span> <span class='ocrx_word' id='word_1_134' title='bbox 928 1393 1046 1433; x_wconf 86' lang='lat' dir='ltr'>illam</span> <span class='ocrx_word' id='word_1_135' title='bbox 1074 1393 1228 1446; x_wconf 85' lang='lat' dir='ltr'>arguit,</span> <span class='ocrx_word' id='word_1_136' title='bbox 1259 1394 1355 1450; x_wconf 87' lang='lat' dir='ltr'>quia</span> <span class='ocrx_word' id='word_1_137' title='bbox 1385 1394 1675 1435; x_wconf 71' lang='lat' dir='ltr'>divaricaverit</span> 
     </span>
     <span class='ocr_line' id='line_1_18' title="bbox 251 1469 1674 1532; baseline -0.003 -16"><span class='ocrx_word' id='word_1_138' title='bbox 251 1476 380 1532; x_wconf 83' lang='lat' dir='ltr'>pedes</span> <span class='ocrx_word' id='word_1_139' title='bbox 418 1489 514 1514; x_wconf 88' lang='lat' dir='ltr'>suos</span> <span class='ocrx_word' id='word_1_140' title='bbox 557 1470 673 1510; x_wconf 89' lang='lat' dir='ltr'>omni</span> <span class='ocrx_word' id='word_1_141' title='bbox 714 1469 966 1520; x_wconf 84' lang='lat' dir='ltr'>transeunti,</span> <span class='ocrx_word' id='word_1_142' title='bbox 1006 1471 1214 1511; x_wconf 86' lang='lat' dir='ltr'>maledica</span> <span class='ocrx_word' id='word_1_143' title='bbox 1244 1487 1348 1511; x_wconf 82' lang='lat' dir='ltr'>voce</span> <span class='ocrx_word' id='word_1_144' title='bbox 1379 1483 1573 1522; x_wconf 86' lang='lat' dir='ltr'>testatur,</span> <span class='ocrx_word' id='word_1_145' title='bbox 1612 1471 1674 1511; x_wconf 92' lang='lat' dir='ltr'>in-</span> 
     </span>
     <span class='ocr_line' id='line_1_19' title="bbox 253 1547 1674 1608; baseline -0.004 -14"><span class='ocrx_word' id='word_1_146' title='bbox 253 1563 395 1608; x_wconf 87' lang='lat' dir='ltr'>crepat</span> <span class='ocrx_word' id='word_1_147' title='bbox 431 1550 637 1591; x_wconf 78' lang='lat' dir='ltr'>scelerum</span> <span class='ocrx_word' id='word_1_148' title='bbox 679 1547 902 1588; x_wconf 84' lang='lat' dir='ltr'>civitatem.</span> <span class='ocrx_word' id='word_1_149' title='bbox 971 1548 1056 1590; x_wconf 89' lang='lat' dir='ltr'>Sed</span> <span class='ocrx_word' id='word_1_150' title='bbox 1098 1547 1194 1604; x_wconf 80' lang='lat' dir='ltr'>quia</span> <span class='ocrx_word' id='word_1_151' title='bbox 1233 1549 1471 1589; x_wconf 84' lang='lat' dir='ltr'>confidebat</span> <span class='ocrx_word' id='word_1_152' title='bbox 1509 1547 1594 1588; x_wconf 88' lang='lat' dir='ltr'>Dei</span> <span class='ocrx_word' id='word_1_153' title='bbox 1631 1564 1674 1588; x_wconf 86' lang='lat' dir='ltr'>se</span> 
     </span>
     <span class='ocr_line' id='line_1_20' title="bbox 253 1624 1676 1681; baseline -0.004 -11"><span class='ocrx_word' id='word_1_154' title='bbox 253 1632 389 1670; x_wconf 85' lang='lat' dir='ltr'>faeere</span> <span class='ocrx_word' id='word_1_155' title='bbox 420 1629 703 1677; x_wconf 72' lang='lat' dir='ltr'>voluntatem,</span> <span class='ocrx_word' id='word_1_156' title='bbox 743 1638 910 1681; x_wconf 82' lang='lat' dir='ltr'>paratus</span> <span class='ocrx_word' id='word_1_157' title='bbox 942 1637 983 1666; x_wconf 93' lang='lat' dir='ltr'>et</span> <span class='ocrx_word' id='word_1_158' title='bbox 1011 1625 1121 1665; x_wconf 90' lang='lat' dir='ltr'>mori</span> <span class='ocrx_word' id='word_1_159' title='bbox 1153 1636 1194 1665; x_wconf 90' lang='lat' dir='ltr'>et</span> <span class='ocrx_word' id='word_1_160' title='bbox 1223 1624 1385 1676; x_wconf 75' lang='lat' dir='ltr'>vivere,</span> <span class='ocrx_word' id='word_1_161' title='bbox 1422 1626 1676 1680; x_wconf 86' lang='lat' dir='ltr'>loquebatur</span> 
     </span>
     <span class='ocr_line' id='line_1_21' title="bbox 252 1704 500 1760; baseline -0.008 -14"><span class='ocrx_word' id='word_1_162' title='bbox 252 1704 500 1760; x_wconf 87' lang='lat' dir='ltr'>intrepidus.</span> 
     </span>
    </p>

    <p class='ocr_par' dir='ltr' id='par_1_3' title="bbox 256 1778 1678 2065">
     <span class='ocr_line' id='line_1_22' title="bbox 365 1778 1677 1836; baseline -0.002 -14"><span class='ocrx_word' id='word_1_163' title='bbox 365 1781 405 1826; x_wconf 82' lang='lat'>2.</span> <span class='ocrx_word' id='word_1_164' title='bbox 450 1779 679 1821; x_wconf 83' lang='lat' dir='ltr'>Videamus</span> <span class='ocrx_word' id='word_1_165' title='bbox 711 1796 807 1833; x_wconf 84' lang='lat' dir='ltr'>ergo</span> <span class='ocrx_word' id='word_1_166' title='bbox 838 1780 972 1836; x_wconf 85' lang='lat' dir='ltr'>ipsam</span> <span class='ocrx_word' id='word_1_167' title='bbox 1003 1778 1293 1835; x_wconf 86' lang='lat' dir='ltr'>prophetiam,</span> <span class='ocrx_word' id='word_1_168' title='bbox 1333 1790 1374 1820; x_wconf 85' lang='lat' dir='ltr'>et</span> <span class='ocrx_word' id='word_1_169' title='bbox 1413 1779 1552 1835; x_wconf 89' lang='lat' dir='ltr'>primo</span> <span class='ocrx_word' id='word_1_170' title='bbox 1586 1779 1677 1835; x_wconf 89' lang='lat' dir='ltr'>qui-</span> 
     </span>
     <span class='ocr_line' id='line_1_23' title="bbox 256 1855 1678 1913; baseline -0.004 -12"><span class='ocrx_word' id='word_1_171' title='bbox 256 1861 366 1909; x_wconf 87' lang='lat' dir='ltr'>dem,</span> <span class='ocrx_word' id='word_1_172' title='bbox 398 1858 616 1913; x_wconf 90' lang='lat' dir='ltr'>quomodo</span> <span class='ocrx_word' id='word_1_173' title='bbox 648 1857 690 1897; x_wconf 88' lang='lat' dir='ltr'>in</span> <span class='ocrx_word' id='word_1_174' title='bbox 721 1869 929 1913; x_wconf 87' lang='lat' dir='ltr'>potestate</span> <span class='ocrx_word' id='word_1_175' title='bbox 961 1855 1014 1897; x_wconf 88' lang='lat' dir='ltr'>sit</span> <span class='ocrx_word' id='word_1_176' title='bbox 1043 1855 1230 1912; x_wconf 87' lang='lat' dir='ltr'>positum</span> <span class='ocrx_word' id='word_1_177' title='bbox 1256 1856 1505 1912; x_wconf 85' lang='lat' dir='ltr'>prophetae,</span> <span class='ocrx_word' id='word_1_178' title='bbox 1535 1868 1678 1897; x_wconf 75' lang='lat' dir='ltr'>utrum</span> 
     </span>
     <span class='ocr_line' id='line_1_24' title="bbox 256 1933 1678 1986; baseline -0.003 -8"><span class='ocrx_word' id='word_1_179' title='bbox 256 1937 390 1986; x_wconf 85' lang='lat' dir='ltr'>dicat,</span> <span class='ocrx_word' id='word_1_180' title='bbox 430 1951 481 1975; x_wconf 86' lang='lat' dir='ltr'>an</span> <span class='ocrx_word' id='word_1_181' title='bbox 519 1950 627 1982; x_wconf 88' lang='lat' dir='ltr'>non,</span> <span class='ocrx_word' id='word_1_182' title='bbox 669 1933 994 1974; x_wconf 87' lang='lat' dir='ltr'>consideremus.</span> <span class='ocrx_word' id='word_1_183' title='bbox 1053 1933 1207 1973; x_wconf 78' lang='lat' dir='ltr'>Factus</span> <span class='ocrx_word' id='word_1_184' title='bbox 1239 1944 1299 1973; x_wconf 88' lang='lat' dir='ltr'>est</span> <span class='ocrx_word' id='word_1_185' title='bbox 1329 1950 1467 1974; x_wconf 89' lang='lat' dir='ltr'>sermo</span> <span class='ocrx_word' id='word_1_186' title='bbox 1498 1934 1678 1974; x_wconf 89' lang='lat' dir='ltr'>Domini</span> 
     </span>
     <span class='ocr_line' id='line_1_25' title="bbox 256 2009 1678 2065; baseline -0.004 -10"><span class='ocrx_word' id='word_1_187' title='bbox 256 2016 309 2056; x_wconf 86' lang='lat' dir='ltr'>ad</span> <span class='ocrx_word' id='word_1_188' title='bbox 350 2030 470 2062; x_wconf 85' lang='lat' dir='ltr'>eum,</span> <span class='ocrx_word' id='word_1_189' title='bbox 519 2010 679 2051; x_wconf 88' lang='lat' dir='ltr'>dicens:</span> <span class='ocrx_word' id='word_1_190' title='bbox 727 2010 827 2060; x_wconf 84' lang='lat' dir='ltr'>„fili</span> <span class='ocrx_word' id='word_1_191' title='bbox 850 2010 892 2065; x_wconf 63' lang='lat'>⁴)</span> <span class='ocrx_word' id='word_1_192' title='bbox 931 2009 1135 2059; x_wconf 86' lang='lat' dir='ltr'>hominis,</span> <span class='ocrx_word' id='word_1_193' title='bbox 1183 2009 1406 2050; x_wconf 82' lang='lat' dir='ltr'>testificare</span> <span class='ocrx_word' id='word_1_194' title='bbox 1444 2011 1678 2051; x_wconf 87' lang='lat' dir='ltr'>Jerusalem</span> 
     </span>
    </p>
   </div>
   <div class='ocr_carea' id='block_1_3' title="bbox 255 2086 1677 2147">
    <p class='ocr_par' dir='ltr' id='par_1_4' title="bbox 255 2086 1677 2147">
     <span class='ocr_line' id='line_1_26' title="bbox 255 2086 1677 2147; baseline -0.004 -15"><span class='ocrx_word' id='word_1_195' title='bbox 255 2090 495 2147; x_wconf 86' lang='lat' dir='ltr'>iniquitates</span> <span class='ocrx_word' id='word_1_196' title='bbox 535 2087 645 2145; x_wconf 71' lang='lat' dir='ltr'>ejus,</span> <span class='ocrx_word' id='word_1_197' title='bbox 687 2098 727 2128; x_wconf 90' lang='lat' dir='ltr'>et</span> <span class='ocrx_word' id='word_1_198' title='bbox 758 2087 890 2128; x_wconf 85' lang='lat' dir='ltr'>dices:</span> <span class='ocrx_word' id='word_1_199' title='bbox 931 2089 1031 2128; x_wconf 87' lang='lat' dir='ltr'>haec</span> <span class='ocrx_word' id='word_1_200' title='bbox 1063 2086 1165 2127; x_wconf 85' lang='lat' dir='ltr'>dicit</span> <span class='ocrx_word' id='word_1_201' title='bbox 1195 2087 1448 2127; x_wconf 88' lang='lat' dir='ltr'>Dominus.“</span> <span class='ocrx_word' id='word_1_202' title='bbox 1507 2088 1603 2128; x_wconf 74' lang='lat' dir='ltr'>Non</span> <span class='ocrx_word' id='word_1_203' title='bbox 1634 2088 1677 2127; x_wconf 89' lang='lat' dir='ltr'>in</span> 
     </span>
    </p>
   </div>
   <div class='ocr_carea' id='block_1_4' title="bbox 258 2230 1684 2786">
    <p class='ocr_par' dir='ltr' id='par_1_5' title="bbox 258 2230 1682 2640">
     <span class='ocr_line' id='line_1_27' title="bbox 260 2230 1680 2295; baseline -0.003 -14"><span class='ocrx_word' id='word_1_204' title='bbox 260 2236 403 2295; x_wconf 74' lang='grc' dir='ltr'><em>λόγῳ·</em></span> <span class='ocrx_word' id='word_1_205' title='bbox 438 2233 556 2283; x_wconf 84' lang='grc' dir='ltr'><em>ὅστις</em></span> <span class='ocrx_word' id='word_1_206' title='bbox 586 2233 721 2292; x_wconf 69' lang='grc' dir='ltr'><em>λόγος</em></span> <span class='ocrx_word' id='word_1_207' title='bbox 753 2234 804 2278; x_wconf 83' lang='grc' dir='ltr'>οὐ</span> <span class='ocrx_word' id='word_1_208' title='bbox 840 2231 953 2277; x_wconf 68' lang='grc' dir='ltr'>κατὰ</span> <span class='ocrx_word' id='word_1_209' title='bbox 983 2230 1200 2288; x_wconf 73' lang='grc' dir='ltr'>βούλησιν</span> <span class='ocrx_word' id='word_1_210' title='bbox 1231 2232 1481 2291; x_wconf 73' lang='grc' dir='ltr'>ἀνθρώπου</span> <span class='ocrx_word' id='word_1_211' title='bbox 1510 2234 1680 2291; x_wconf 76' lang='grc' dir='ltr'><em>ἠνέχθη</em></span> 
     </span>
     <span class='ocr_line' id='line_1_28' title="bbox 258 2301 1682 2363; baseline -0.004 -10"><span class='ocrx_word' id='word_1_212' title='bbox 258 2308 392 2362; x_wconf 75' lang='grc' dir='ltr'><em>ποτὲ,</em></span> <span class='ocrx_word' id='word_1_213' title='bbox 422 2303 516 2349; x_wconf 72' lang='grc' dir='ltr'>ἀλλ’</span> <span class='ocrx_word' id='word_1_214' title='bbox 547 2305 596 2347; x_wconf 71' lang='grc' dir='ltr'>ἐκ</span> <span class='ocrx_word' id='word_1_215' title='bbox 627 2308 739 2350; x_wconf 68' lang='grc' dir='ltr'>θεοῦ</span> <span class='ocrx_word' id='word_1_216' title='bbox 772 2309 954 2363; x_wconf 75' lang='grc' dir='ltr'><em>ᾳέρεται</em></span> <span class='ocrx_word' id='word_1_217' title='bbox 986 2307 1046 2353; x_wconf 80' lang='grc' dir='ltr'>εἰς</span> <span class='ocrx_word' id='word_1_218' title='bbox 1078 2301 1372 2362; x_wconf 75' lang='grc' dir='ltr'><em>ἀνθρώπους·</em></span> <span class='ocrx_word' id='word_1_219' title='bbox 1405 2307 1563 2354; x_wconf 80' lang='grc' dir='ltr'><em>οἵτινες</em></span> <span class='ocrx_word' id='word_1_220' title='bbox 1596 2301 1682 2348; x_wconf 72' lang='grc' dir='ltr'>ἰέν-</span> 
     </span>
     <span class='ocr_line' id='line_1_29' title="bbox 262 2372 1679 2437; baseline -0.004 -14"><span class='ocrx_word' id='word_1_221' title='bbox 262 2386 438 2437; x_wconf 76' lang='grc' dir='ltr'><em>θρωποι</em></span> <span class='ocrx_word' id='word_1_222' title='bbox 485 2374 662 2424; x_wconf 76' lang='grc' dir='ltr'><em>ἑκόντες</em></span> <span class='ocrx_word' id='word_1_223' title='bbox 700 2374 1016 2432; x_wconf 79' lang='grc' dir='ltr'>ὑπουργοῦσιν</span> <span class='ocrx_word' id='word_1_224' title='bbox 1047 2375 1182 2431; x_wconf 79' lang='grc' dir='ltr'><em>αὐτῷ.</em></span> <span class='ocrx_word' id='word_1_225' title='bbox 1241 2372 1330 2416; x_wconf 80' lang='grc' dir='ltr'>Διά</span> <span class='ocrx_word' id='word_1_226' title='bbox 1370 2377 1501 2418; x_wconf 76' lang='grc' dir='ltr'><em>τοῦτο</em></span> <span class='ocrx_word' id='word_1_227' title='bbox 1541 2378 1617 2418; x_wconf 83' lang='grc' dir='ltr'>καὶ</span> <span class='ocrx_word' id='word_1_228' title='bbox 1656 2372 1679 2418; x_wconf 82' lang='grc' dir='ltr'>ὁ</span> 
     </span>
     <span class='ocr_line' id='line_1_30' title="bbox 262 2443 1681 2504; baseline -0.006 -10"><span class='ocrx_word' id='word_1_229' title='bbox 262 2446 460 2504; x_wconf 74' lang='grc' dir='ltr'><em>Βαλαὰμ</em></span> <span class='ocrx_word' id='word_1_230' title='bbox 498 2448 860 2503; x_wconf 72' lang='grc' dir='ltr'><em>παραγγέλλεται</em></span> <span class='ocrx_word' id='word_1_231' title='bbox 897 2448 1049 2489; x_wconf 77' lang='grc' dir='ltr'><em>λαλεῖν</em></span> <span class='ocrx_word' id='word_1_232' title='bbox 1080 2443 1133 2488; x_wconf 69' lang='grc' dir='ltr'>τὰ</span> <span class='ocrx_word' id='word_1_233' title='bbox 1164 2443 1515 2502; x_wconf 73' lang='grc' dir='ltr'>ὑποβαλλόμενα</span> <span class='ocrx_word' id='word_1_234' title='bbox 1544 2444 1681 2500; x_wconf 77' lang='grc' dir='ltr'><em>αὐτῷ,</em></span> 
     </span>
     <span class='ocr_line' id='line_1_31' title="bbox 265 2512 1681 2573; baseline -0.006 -9"><span class='ocrx_word' id='word_1_235' title='bbox 265 2520 325 2570; x_wconf 82' lang='grc' dir='ltr'>ὠς</span> <span class='ocrx_word' id='word_1_236' title='bbox 362 2516 421 2562; x_wconf 70' lang='grc' dir='ltr'>ἂν</span> <span class='ocrx_word' id='word_1_237' title='bbox 459 2518 670 2567; x_wconf 68' lang='grc' dir='ltr'>ἐξουσίαν</span> <span class='ocrx_word' id='word_1_238' title='bbox 709 2517 827 2572; x_wconf 76' lang='grc' dir='ltr'>ἔχων</span> <span class='ocrx_word' id='word_1_239' title='bbox 867 2519 942 2558; x_wconf 77' lang='grc' dir='ltr'>καὶ</span> <span class='ocrx_word' id='word_1_240' title='bbox 974 2517 1053 2558; x_wconf 78' lang='grc' dir='ltr'>τοῦ</span> <span class='ocrx_word' id='word_1_241' title='bbox 1086 2512 1148 2573; x_wconf 74' lang='grc' dir='ltr'>μὴ</span> <span class='ocrx_word' id='word_1_242' title='bbox 1182 2516 1369 2569; x_wconf 74' lang='grc' dir='ltr'><em>λαλῆσαι</em></span> <span class='ocrx_word' id='word_1_243' title='bbox 1403 2513 1531 2558; x_wconf 70' lang='grc' dir='ltr'><em>αὐτά.</em></span> <span class='ocrx_word' id='word_1_244' title='bbox 1590 2516 1681 2558; x_wconf 77' lang='grc' dir='ltr'>Καὶ</span> 
     </span>
     <span class='ocr_line' id='line_1_32' title="bbox 262 2585 1007 2640; baseline -0.011 -6"><span class='ocrx_word' id='word_1_245' title='bbox 262 2593 391 2635; x_wconf 74' lang='grc' dir='ltr'>τοῦτο</span> <span class='ocrx_word' id='word_1_246' title='bbox 424 2590 471 2633; x_wconf 74' lang='grc' dir='ltr'>δὲ</span> <span class='ocrx_word' id='word_1_247' title='bbox 505 2587 613 2631; x_wconf 80' lang='grc' dir='ltr'>α’ὗτό</span> <span class='ocrx_word' id='word_1_248' title='bbox 642 2591 821 2640; x_wconf 66' lang='grc' dir='ltr'>βεβαιοῖ</span> <span class='ocrx_word' id='word_1_249' title='bbox 842 2585 1007 2634; x_wconf 74' lang='grc' dir='ltr'><em>Ἰωνᾶς.</em></span> 
     </span>
    </p>

    <p class='ocr_par' dir='ltr' id='par_1_6' title="bbox 382 2652 1655 2716">
     <span class='ocr_line' id='line_1_33' title="bbox 382 2652 1655 2716; baseline -0.004 -16"><span class='ocrx_word' id='word_1_250' title='bbox 382 2660 422 2716; x_wconf 82' lang='lat'>¹)</span> <span class='ocrx_word' id='word_1_251' title='bbox 453 2660 560 2699; x_wconf 86' lang='lat' dir='ltr'>Edd.</span> <span class='ocrx_word' id='word_1_252' title='bbox 593 2656 788 2698; x_wconf 82' lang='lat' dir='ltr'>Merlini:</span> <span class='ocrx_word' id='word_1_253' title='bbox 823 2657 1088 2698; x_wconf 82' lang='lat' dir='ltr'>excedebant.</span> <span class='ocrx_word' id='word_1_254' title='bbox 1197 2656 1241 2711; x_wconf 86' lang='grc'>2)</span> <span class='ocrx_word' id='word_1_255' title='bbox 1272 2657 1291 2696; x_wconf 95' lang='grc' dir='ltr'>Ι</span> <span class='ocrx_word' id='word_1_256' title='bbox 1311 2655 1410 2697; x_wconf 89' lang='lat' dir='ltr'>Cor.</span> <span class='ocrx_word' id='word_1_257' title='bbox 1440 2654 1556 2705; x_wconf 84' lang='lat' dir='ltr'>XIV,</span> <span class='ocrx_word' id='word_1_258' title='bbox 1585 2652 1655 2698; x_wconf 83' lang='lat'>30.</span> 
     </span>
    </p>

    <p class='ocr_par' dir='ltr' id='par_1_7' title="bbox 381 2724 1684 2786">
     <span class='ocr_line' id='line_1_34' title="bbox 381 2724 1684 2786; baseline -0.004 -16"><span class='ocrx_word' id='word_1_259' title='bbox 381 2731 424 2786; x_wconf 85' lang='lat'>³)</span> <span class='ocrx_word' id='word_1_260' title='bbox 457 2729 541 2771; x_wconf 87' lang='lat' dir='ltr'>Csr.</span> <span class='ocrx_word' id='word_1_261' title='bbox 574 2729 701 2767; x_wconf 87' lang='lat' dir='ltr'>Deut.</span> <span class='ocrx_word' id='word_1_262' title='bbox 731 2726 839 2775; x_wconf 89' lang='lat' dir='ltr'>XII,</span> <span class='ocrx_word' id='word_1_263' title='bbox 870 2726 937 2769; x_wconf 78' lang='grc'>32.</span> <span class='ocrx_word' id='word_1_264' title='bbox 980 2752 1028 2757; x_wconf 95' lang='lat'>—-</span> <span class='ocrx_word' id='word_1_265' title='bbox 1068 2728 1175 2768; x_wconf 84' lang='lat' dir='ltr'>Edd.</span> <span class='ocrx_word' id='word_1_266' title='bbox 1207 2724 1402 2767; x_wconf 76' lang='lat' dir='ltr'>Mcrlini:</span> <span class='ocrx_word' id='word_1_267' title='bbox 1438 2740 1584 2766; x_wconf 84' lang='lat' dir='ltr'>verum</span> <span class='ocrx_word' id='word_1_268' title='bbox 1622 2734 1684 2765; x_wconf 81' lang='lat' dir='ltr'>ta-</span> 
     </span>
    </p>
   </div>
   <div class='ocr_carea' id='block_1_5' title="bbox 266 2783 934 2838">
    <p class='ocr_par' dir='ltr' id='par_1_8' title="bbox 266 2783 934 2838">
     <span class='ocr_line' id='line_1_35' title="bbox 266 2783 934 2838; baseline -0.01 -7"><span class='ocrx_word' id='word_1_269' title='bbox 266 2805 362 2830; x_wconf 89' lang='lat' dir='ltr'>men</span> <span class='ocrx_word' id='word_1_270' title='bbox 394 2798 454 2828; x_wconf 87' lang='lat' dir='ltr'>est</span> <span class='ocrx_word' id='word_1_271' title='bbox 484 2786 682 2833; x_wconf 75' lang='lat' dir='ltr'>verbum,</span> <span class='ocrx_word' id='word_1_272' title='bbox 711 2783 826 2838; x_wconf 87' lang='lat' dir='ltr'>quod</span> <span class='ocrx_word' id='word_1_273' title='bbox 858 2795 934 2824; x_wconf 87' lang='lat' dir='ltr'>etc.</span> 
     </span>
    </p>
   </div>
   <div class='ocr_carea' id='block_1_6' title="bbox 382 2852 889 2912">
    <p class='ocr_par' dir='ltr' id='par_1_9' title="bbox 382 2852 889 2912">
     <span class='ocr_line' id='line_1_36' title="bbox 382 2852 889 2912; baseline -0.004 -16"><span class='ocrx_word' id='word_1_274' title='bbox 382 2857 425 2912; x_wconf 62' lang='grc'>4)</span> <span class='ocrx_word' id='word_1_275' title='bbox 455 2854 603 2896; x_wconf 80' lang='lat' dir='ltr'>Ezech.</span> <span class='ocrx_word' id='word_1_276' title='bbox 635 2854 748 2903; x_wconf 84' lang='lat' dir='ltr'>XVI,</span> <span class='ocrx_word' id='word_1_277' title='bbox 781 2852 818 2896; x_wconf 82' lang='lat'>2.</span> <span class='ocrx_word' id='word_1_278' title='bbox 851 2853 889 2896; x_wconf 83' lang='lat'>3.</span> 
     </span>
    </p>
   </div>
   <div class='ocr_carea' id='block_1_7' title="bbox 1754 182 1759 290">
    <p class='ocr_par' dir='ltr' id='par_1_10' title="bbox 1754 182 1759 290">
     <span class='ocr_line' id='line_1_37' title="bbox 1754 182 1759 267; baseline 0 0"><span class='ocrx_word' id='word_1_279' title='bbox 1754 182 1759 267; x_wconf 61' lang='grc' dir='ltr'>ἰ</span> 
     </span>
     <span class='ocr_line' id='line_1_38' title="bbox 1757 276 1759 290; baseline 0 0"><span class='ocrx_word' id='word_1_280' title='bbox 1757 276 1759 290; x_wconf 62' lang='grc'>1</span> 
     </span>
    </p>
   </div>
  </div>
 </body>
</html>
