1759 3134
646 156 844 198 HommA
878 157 932 196 Il'.
1429 159 1513 206 277

87 270 160 309 serl
200 285 310 324 „par
346 280 579 320 turturum,
621 281 660 310 et
700 269 806 309 duos
845 267 989 323 pullos
1031 269 1365 312 columbarum.“
1426 272 1509 313 Co-

89 347 228 387 lumba
246 346 426 401 Spiritus
451 358 612 387 sanctus
636 356 706 386 est.
751 343 932 400 Spiritus
962 355 1102 384 autem
1125 358 1302 397 sanctus,
1335 351 1503 404 quando

87 425 138 463 de
168 422 324 475 magnis
356 433 396 461 et
428 422 731 463 occultioribus
759 420 1039 470 sacramentis,
1070 432 1111 461 et
1143 439 1246 477 quae
1278 425 1401 466 multi
1437 443 1502 467 ca-

82 517 184 556 pere
214 517 298 540 non
330 511 517 553 possunt,
547 500 747 555 loquitur,
779 497 822 537 in
852 497 1024 537 turturis
1055 499 1344 553 appellatione
1369 502 1501 555 signa-

83 590 170 626 tur,
202 577 245 616 id
287 588 366 625 est,
410 575 495 632 ejus
521 577 564 632 ¹)
594 576 701 625 avis,
742 590 845 630 quae
886 590 1055 629 semper
1083 574 1125 614 in
1155 576 1367 617 montium
1396 578 1501 636 jugis

86 665 125 693 et
156 654 355 693 arborum
388 653 614 693 verticibus
645 663 944 695 commoratur.
1002 652 1050 690 In
1082 651 1262 692 vallibus
1291 664 1431 694 autem
1463 668 1502 696 et

82 730 157 779 his,
190 746 294 784 quae
325 731 377 770 ad
408 729 601 770 homines
628 745 760 785 usque
789 727 1066 783 perveniunt,
1098 730 1297 771 columba
1329 732 1501 772 assumi-

79 818 159 847 tur.
218 807 415 862 Denique
446 807 648 854 salvator,
688 804 783 860 quia
824 805 1041 845 hominem
1078 818 1138 847 est
1170 808 1360 860 dignatus
1390 826 1503 849 assu—

76 899 214 932 mere,
254 894 294 923 et
325 881 440 923 venit
479 883 532 923 ad
571 894 721 931 terrm,
760 881 971 937 multique
1001 894 1101 923 tunc
1132 883 1241 924 circa
1267 886 1500 927 ,Iordanem

76 971 319 1015 peccatores
350 970 478 1008 erant,
509 959 668 999 idcirco
695 960 878 1015 Spiritus
908 971 1072 1000 sanctus
1101 977 1187 1001 non
1217 961 1260 1001 in
1290 973 1498 1004 turturem

76 1036 263 1086 vertitur,
293 1037 366 1077 sed
392 1036 589 1076 columba
618 1036 678 1086 fit,
709 1037 818 1078 inter
839 1054 916 1077 nos
944 1049 1122 1092 propter
1143 1037 1364 1078 hominum
1388 1040 1497 1079 mul-

75 1113 299 1154 titudinem
330 1113 415 1153 avis
444 1114 704 1155 mansuetior
735 1125 1016 1155 conversatur.
1077 1114 1237 1155 Turtur
1265 1127 1405 1155 autem
1437 1116 1499 1156 vi—

77 1193 219 1240 detur,
254 1190 373 1230 verbi
403 1191 544 1243 gratia,
575 1191 690 1231 Mosi
722 1203 763 1231 et
790 1191 864 1231 uni
897 1191 1070 1231 cuilibet
1099 1192 1403 1247 prophetarum
1433 1209 1500 1233 rc-

75 1267 315 1308 cedentium
345 1267 388 1307 in
416 1278 583 1307 montes
614 1279 655 1308 et
686 1269 869 1318 deserta,
910 1280 951 1308 et
990 1268 1049 1309 ibi
1085 1268 1382 1324 accipientium
1412 1286 1496 1310 ser-

72 1361 219 1385 mones
258 1344 354 1385 Dei.
431 1345 558 1394 „Vox
582 1345 624 1400 2)
673 1361 770 1396 ergo
812 1345 986 1385 turturis
1025 1345 1166 1385 audita
1204 1356 1264 1385 est
1302 1345 1345 1385 in
1384 1358 1494 1386 terra

71 1434 222 1462 nostra.
283 1422 409 1462 Ficus
446 1420 647 1476 produxit
675 1437 840 1473 grossos
870 1427 1008 1462 suOS.“
1067 1421 1200 1475 ‚,A3)
1230 1422 1314 1462 ficu
1346 1423 1493 1475 digno-

69 1497 170 1537 scite
210 1498 476 1552 parabolam:
520 1514 615 1537 cum
652 1514 791 1539 ramus
833 1497 920 1555 ejus
949 1510 1069 1538 tener
1099 1499 1231 1538 factus
1264 1499 1411 1549 fuerit,
1454 1512 1495 1540 et

70 1574 172 1614 folia
203 1574 380 1624 miserit,
419 1574 593 1624 scitote,
636 1575 734 1630 quia
770 1574 885 1631 juxta
916 1588 976 1616 est
1005 1580 1176 1616 aestas.“
1235 1576 1339 1616 Vult
1367 1576 1492 1617 nobis

69 1651 153 1691 Dei
184 1651 402 1707 eloquium
431 1652 643 1700 nuntiare,
673 1664 772 1707 post
801 1653 1005 1702 hiemem,
1036 1664 1135 1708 post
1161 1653 1374 1706 procellas
1405 1654 1494 1694 ani-

69 1744 232 1768 marum
262 1728 618 1783 appropinquasse
648 1744 840 1778 messem,
871 1741 912 1769 et
942 1729 1022 1771 ait:
1052 1732 1194 1780 „ficus
1216 1731 1262 1781 ⁴²)
1291 1730 1492 1785 produxit

69 1820 232 1856 grossos
256 1821 366 1854 suos,
393 1805 496 1846 vites
516 1806 754 1856 florescunt,
788 1807 995 1847 dederunt
1020 1809 1257 1848 odorem:“
1287 1807 1320 1847 si
1337 1807 1381 1863 5)
1403 1807 1487 1865 jam

68 1882 321 1936 rumpuntur
348 1882 390 1922 in
420 1883 593 1930 florem.
624 1895 790 1939 tempus
821 1884 1035 1935 adveniet,
1067 1897 1108 1926 et
1138 1895 1260 1926 erunt
1289 1900 1408 1925 uvae.

181 1958 246 2002 13.
304 1960 465 2012 „Surge
484 1959 542 2013 εἷ),
575 1960 671 2000 veni
701 1961 892 2016 proxima
921 1979 1028 2012 mea,
1058 1962 1247 2018 speciosa
1276 1977 1381 2011 mea,
1416 1979 1487 2002 co·-

71 2038 213 2077 lumba
241 2035 391 2077 mea!“
451 2037 590 2086 Haec,
630 2054 734 2093 quae
763 2039 954 2094 superius
986 2038 1276 2094 exposuimus,
1309 2056 1486 2094 sponsus

70 2131 156 2154 non
196 2113 461 2155 audientibus
491 2114 839 2166 adolescentulis,
877 2118 951 2156 sed
990 2116 1079 2156 sola
1109 2132 1262 2171 sponsa
1291 2116 1486 2157 audiente

69 2191 269 2247 loquitur.
313 2191 521 2231 Volumus
551 2203 691 2232 autem
723 2204 764 2232 et
793 2193 922 2248 ipsius
952 2193 1035 2250 jam
1064 2193 1209 2234 audire
1233 2209 1486 2245 sermonem,

70 2268 281 2323 loquentis
311 2269 363 2309 ad
393 2285 609 2324 sponsam:
641 2284 796 2321 „surge
825 2270 880 2325 ⁷),
910 2271 1002 2311 veni
1035 2270 1226 2327 proxima
1257 2289 1363 2322 mea,
1394 2289 1488 2328 spe-

189 2429 227 2484 ¹)
257 2428 366 2469 Edd.
397 2429 588 2470 Merlini:
630 2430 673 2470 in
714 2428 802 2487 ejus
840 2430 946 2481 avis,
985 2448 1089 2488 quae
1137 2457 1186 2465 --
1225 2432 1332 2489 jugis
1371 2432 1482 2473 etin

68 2488 268 2526 arborum
300 2496 377 2526 etc.

186 2556 231 2609 2)
265 2554 422 2596 Cantic.
452 2555 509 2604 ΙΙ,
541 2554 607 2598 12.
640 2555 704 2600 13.
824 2557 871 2613 ³)
902 2559 1052 2601 Matth.
1081 2559 1239 2609 XXIV,
1268 2558 1335 2601 32.

186 2626 229 2681 ⁴)
261 2625 421 2667 Cantic.
448 2625 504 2674 ΙΙ,
537 2624 601 2669 13.

187 2695 232 2750 ⁵)
260 2695 372 2735 Edd.
402 2694 597 2735 Merlini:
630 2708 671 2736 et
697 2695 779 2751 jam
811 2710 888 2740 etc.

185 2766 228 2819 6)
262 2765 421 2806 Cantic.
453 2766 508 2814 Il,
543 2764 609 2809 13.
643 2768 743 2812 coll.
775 2767 840 2810 10.

188 2835 232 2889 7)
264 2833 422 2876 Cantlc.
464 2836 520 2886 Π,
560 2835 623 2880 13.
664 2836 727 2880 14.
771 2861 820 2868 --
866 2839 1031 2883 Desunt
1068 2842 1215 2882 verba:
1260 2839 1484 2895 „speciosa

72 2898 212 2943 mea“,
241 2892 284 2933 in
315 2892 409 2933 edd.
440 2892 500 2934 M.
