1759 3134
724 132 863 172 Lnffia
895 132 947 171 ΙΙ.
1459 131 1543 175 377

125 249 214 296 bus,
246 246 361 302 quasi
381 262 484 302 quac
504 261 586 285 non
604 255 746 284 natura
765 243 871 291 talis,
893 259 968 282 nec
989 242 1042 283 ita
1066 259 1086 283 a
1108 243 1328 284 conditore
1347 255 1482 284 creata
1502 245 1542 300 ¹)

126 324 197 373 sit,
236 325 309 364 sed
343 340 389 363 ex
419 320 701 362 accidentibus
737 320 817 360 hoc
847 335 963 375 passa
1002 318 1066 360 sit.
1125 320 1186 359 Ex
1218 335 1291 368 eo,
1330 318 1543 376 inquit2),

127 401 221 457 quia
252 401 315 441 sol
347 398 532 454 despexit
560 413 641 438 me.
702 398 748 437 In
781 414 864 454 quo
898 395 1095 446 ostendit,
1125 412 1212 436 non
1243 397 1294 437 de
1323 395 1543 449 nigredine

127 477 315 534 corporis
355 475 446 517 fieri
483 491 742 523 sermonem,
789 476 906 530 quod
945 474 1091 530 utique
1132 473 1197 513 sol
1240 474 1463 515 obscurare
1502 485 1544 515 et

128 554 340 606 denigrare
372 552 502 601 solet,
547 569 642 592 cum
678 551 848 608 respicit
878 551 1026 604 magis,
1067 567 1191 606 quam
1222 567 1317 591 cum
1349 551 1540 607 despicit.

128 633 189 674 Ita
229 629 408 686 denique
461 642 502 671 et
547 631 659 685 apud
707 615 824 670 illam
867 645 1035 669 ornnem
1076 639 1242 680 gentem
1283 628 1544 685 Aethiopum

127 710 288 757 ferunt,
336 707 401 748 cui
442 706 640 747 naturalis
682 707 885 762 quaedam
924 706 1032 747 inest
1072 722 1119 747 ex
1159 706 1327 747 seminis
1366 706 1541 748 carnalis

124 784 384 827 successione
414 783 611 837 nigredo,
650 785 764 840 quod
794 783 835 824 in
868 783 951 824 illis
982 782 1088 824 locis
1118 784 1183 824 sol
1214 783 1341 825 radiis
1372 783 1544 826 acriori-

123 865 199 903 bus
230 863 410 912 ferveat,
455 873 495 902 et
525 862 669 903 adusta
698 860 782 919 jam
812 861 942 902 semel
974 871 1096 916 atque
1130 860 1332 903 infuscata
1363 878 1544 919 corpora

122 939 289 992 genuini
318 939 408 980 vitii
438 939 700 980 successione
735 949 1020 995 permaneant.
1083 938 1296 980 Contrarii
1331 956 1433 980 vero
1475 957 1543 982 or-

124 1016 229 1058 dinis
260 1027 320 1057 est
350 1016 509 1058 animae
538 1016 727 1069 nigredo.
786 1017 892 1057 Nam
922 1032 1060 1072 neque
1101 1017 1326 1073 adspectu,
1366 1018 1440 1059 sed
1473 1018 1545 1059 de-

122 1106 268 1150 spectu
298 1094 398 1136 solis
426 1094 619 1143 inuritur,
649 1110 785 1151 neque
815 1094 1038 1143 nascendo,
1069 1095 1142 1136 sed
1170 1094 1421 1147 negligendo
1446 1111 1547 1137 con-

126 1171 324 1228 quiritur:
372 1184 411 1213 et
441 1172 539 1213 ideo
572 1173 679 1214 sicut
708 1171 869 1225 ignavia
900 1171 1142 1222 assumitur,
1179 1171 1237 1213 ita
1270 1183 1311 1214 et
1340 1172 1545 1216 industria

124 1248 347 1304 repellitur
377 1260 417 1290 et
445 1250 694 1306 repulsatur.
752 1249 974 1306 Denique,
1004 1261 1052 1291 ut
1082 1249 1273 1306 superius
1306 1249 1412 1301 dixi,
1442 1251 1547 1293 haec

124 1325 224 1381 ipsa,
257 1342 362 1382 quae
391 1343 502 1368 nunc
529 1326 645 1380 nigra
676 1327 830 1368 dicitur
869 1343 980 1377 esse,
1022 1327 1065 1368 in
1105 1327 1188 1367 fine
1221 1327 1382 1369 Cantici
1422 1328 1546 1385 hujus

124 1403 314 1444 dealbata
342 1416 602 1446 memoratur
631 1404 907 1455 adscendere,
952 1404 1198 1446 incumbens
1244 1420 1370 1460 super
1398 1406 1547 1446 frater-

123 1482 284 1536 num3)
317 1499 451 1524 suum.
510 1482 677 1523 Effecta
708 1493 769 1523 est
801 1499 898 1536 ergo
930 1482 1066 1535 nigra,
1100 1481 1197 1538 quia
1228 1482 1468 1524 descendit:
1511 1483 1547 1525 si

122 1570 261 1600 autem
293 1560 481 1618 coeperit
510 1560 764 1602 adscendere
782 1559 846 1615 4),
895 1571 935 1601 et
963 1560 1208 1601 incumbere
1239 1575 1368 1615 super
1396 1560 1546 1601 frater-

121 1654 221 1679 num
250 1654 394 1688 suum,
434 1649 474 1680 et
505 1638 730 1678 adhaerere
762 1636 824 1687 ei,
864 1654 942 1679 nec
974 1637 1149 1679 omnino
1180 1636 1364 1694 separari
1396 1638 1446 1678 ab
1479 1654 1546 1688 eo,

123 1715 201 1756 erit
231 1716 419 1757 dealbata
453 1727 492 1756 et
524 1714 717 1756 candida:
763 1713 1007 1771 abjectaque
1040 1714 1156 1756 omni
1186 1714 1424 1768 nigredine,
1455 1714 1544 1757 veri

124 1792 292 1833 luminis
330 1793 423 1834 luce
463 1792 713 1834 circumfusa
760 1792 950 1834 radiabit.
1018 1792 1138 1833 Dicit
1178 1809 1275 1846 ergo
1326 1809 1439 1834 nunc
1490 1794 1543 1835 ad

119 1871 226 1912 filias
256 1871 519 1912 Hierusalem
550 1887 628 1927 pro
659 1869 877 1923 nigredine
916 1886 988 1911 sua
1018 1869 1298 1912 satisfaciens:
1346 1887 1433 1912 non
1463 1887 1543 1927 pu-

121 1947 228 1997 tetis,
261 1965 286 1988 o
318 1948 430 1990 filiae
460 1948 744 1998 Hierusalem,
777 1949 892 2005 quod
923 1948 1123 1990 naturalis
1155 1959 1215 1990 est
1244 1948 1321 1990 ista
1350 1948 1541 2002 nigredo,

121 2043 244 2083 quam
275 2025 424 2067 videtis
454 2025 498 2067 in
528 2026 649 2066 vultu
677 2041 796 2066 meo:
828 2027 902 2068 sed
921 2026 1085 2077 scitote,
1117 2026 1317 2083 quoniam
1339 2027 1540 2084 despectu

120 2103 220 2145 solis
252 2115 312 2144 est
341 2104 461 2145 facta.
522 2103 600 2145 Sol
633 2103 744 2144 enim
774 2103 978 2161 justitiae,
1022 2103 1118 2161 quia
1147 2120 1216 2146 me
1253 2121 1340 2146 non
1380 2103 1542 2146 invenit

120 2194 232 2224 recte
259 2194 459 2233 stantem,
496 2197 574 2222 nec
603 2181 693 2238 ipse
739 2181 781 2222 in
821 2198 890 2222 me
928 2193 1066 2223 rectos
1108 2181 1258 2224 direxit
1300 2182 1404 2224 lucis
1442 2199 1542 2224 suae

120 2259 270 2301 radios.
330 2259 421 2314 Ego
454 2259 566 2302 enim
596 2276 687 2301 sum
727 2260 913 2317 populus
944 2259 1154 2314 gentium,
1196 2259 1270 2317 qui
1307 2260 1423 2317 prius
1452 2278 1539 2304 non

96 2337 289 2394 ,adspexi
318 2339 370 2378 ad
400 2339 536 2379 solem
563 2336 767 2396 justitiae,
806 2354 884 2379 nec
922 2338 1018 2380 steti
1062 2350 1156 2380 ante
1184 2337 1447 2380 Dominum:
1497 2350 1540 2381 et

121 2415 218 2456 ideo
250 2432 327 2456 nec
364 2415 438 2456 ille
477 2431 546 2455 me
583 2415 791 2471 adspexit,
830 2417 904 2458 sed
945 2416 1157 2474 despexit3
1201 2432 1337 2473 neque
1376 2417 1538 2459 adstitit

242 2628 278 2685 ¹)
312 2628 442 2669 Deest
470 2631 676 2678 „creata“
707 2626 749 2667 in
781 2627 875 2668 edd.
906 2627 967 2668 M.

237 2699 278 2751 ²)
313 2698 400 2740 Cfr.
433 2697 588 2741 Cantic.
618 2699 653 2748 I,
684 2697 722 2741 6.
842 2697 886 2754 ³)
915 2697 1024 2739 Edd.
1055 2697 1115 2740 M.
1149 2699 1408 2749 „fratrem.“

236 2767 278 2824 ⁴²)
310 2768 421 2810 Edd.
456 2769 518 2810 Μ.
566 2768 852 2818 „adscendere
896 2767 1142 2810 incumbens
1194 2786 1320 2827 super
1364 2771 1539 2813 fratrem

119 2841 270 2867 suum:
294 2837 335 2866 et
364 2824 606 2866 adhaerebit
635 2824 692 2866 ei:
723 2835 764 2865 et
793 2840 879 2865 non
910 2825 1082 2867 omnino
1104 2826 1376 2882 separabitur.
1420 2827 1540 2870 Dicit

123 2898 219 2935 ergo
249 2887 396 2923 nunc“
428 2891 504 2923 etc.
