1759 3134
261 145 345 192 132
666 145 885 187 Omen-is
916 157 961 186 m
995 143 1288 187 Eztcmimzm

263 260 467 302 delictum
496 274 618 298 suum
649 260 862 300 consessus
894 257 1017 299 suerit
1052 256 1174 309 digne
1204 273 1247 298 se
1278 257 1541 308 sustinuisse,
1571 262 1685 314 quod

263 354 406 394 passus
438 347 511 378 est.
557 336 682 377 Dabo
714 348 755 378 et
787 336 901 377 aliud
934 334 1174 390 exemplum
1207 335 1258 374 de
1280 335 1559 376 ecclesiastica
1589 352 1687 376 con-

263 414 497 455 suetudine.
568 414 743 456 Infamia
786 427 845 456 est
884 430 906 454 a
946 413 1111 468 populo
1151 411 1234 451 Dei
1278 423 1318 451 et
1357 413 1408 451 ab
1433 412 1472 466 ¹)
1514 412 1686 452 ecclesia

264 492 458 547 separari.
530 492 728 532 Dedecus
775 503 835 531 est
880 492 922 531 in
970 490 1144 530 ecclesia
1190 505 1356 541 surgere
1396 490 1447 528 de
1493 506 1685 529 consessu

264 569 536 627 presbyterii,
579 569 732 625 projici
773 570 823 608 de
856 569 1098 609 diaconatus
1127 567 1268 618 gradu.
1328 566 1384 606 Et
1414 567 1585 622 quidem
1616 583 1686 607 eo-

265 665 372 697 nun,
403 646 474 702 qui
504 645 778 703 abjiciuntur,
811 645 881 686 alii
911 645 1139 686 seditiones
1171 656 1454 694 commovent,
1485 644 1555 684 alii
1587 661 1688 684 vero

265 724 469 782 judicium
512 723 556 763 in
594 739 636 763 se
675 724 833 764 sactum
878 739 972 763 cum
1017 722 1133 762 omni
1173 722 1408 762 humilitate
1444 721 1688 776 suscipiunt.

268 801 522 857 Quicunque
565 801 691 853 igitur
732 800 971 852 exiguntur,
1010 812 1047 840 et
1093 801 1243 840 dolore
1285 799 1562 854 depositionis
1593 813 1689 838 suae

268 891 517 932 congregant
556 878 742 934 populos
781 879 833 918 ad
873 877 1050 919 schisma
1090 878 1352 927 faciendum,
1392 889 1432 917 et
1461 876 1688 918 sollicitant

263 957 582 998 multitudinem
612 955 918 1008 malignorum,
954 972 1039 996 non
1076 955 1289 1010 accipiunt
1319 954 1690 995 inhonorationem

263 1051 381 1076 suam
409 1034 453 1075 in
483 1032 713 1089 praesenti,
758 1033 832 1073 sed
862 1032 1139 1074 thesaurizant
1167 1032 1247 1075 sibi
1277 1033 1517 1072 thesaurum
1546 1032 1589 1072 in
1621 1031 1690 1071 die

264 1113 364 1154 irae.
424 1107 512 1165 Qui
542 1122 682 1151 autem
714 1126 810 1149 cum
843 1109 957 1150 omni
988 1110 1248 1159 humilitate,
1288 1110 1374 1150 sive
1416 1109 1561 1161 digne,
1601 1107 1689 1148 sive

263 1188 434 1240 indigne
465 1186 649 1242 depositi
678 1195 793 1235 sunt,
823 1186 921 1226 Deo
953 1186 1158 1242 judicium
1190 1187 1510 1241 derelinquunt,
1549 1197 1590 1226 et
1618 1202 1691 1240 pa—

265 1265 420 1306 tienter
448 1263 665 1313 sustinent,
698 1264 813 1318 quod
845 1264 896 1303 de
927 1279 970 1303 se
1000 1262 1238 1321 judicatum
1270 1274 1344 1312 est,
1375 1262 1443 1302 isti
1475 1274 1515 1302 et
1546 1279 1569 1302 a
1591 1263 1690 1302 Deo

265 1341 598 1383 misericordiam
630 1352 963 1396 consequentur,
1004 1352 1044 1381 et
1080 1341 1323 1396 frequenter
1362 1339 1487 1380 etiam
1523 1340 1574 1380 ab
1615 1340 1690 1379 ho—

264 1418 447 1460 minibus
482 1430 736 1460 revocantur
775 1417 817 1457 in
855 1417 1079 1473 pristinum
1120 1417 1314 1470 gradum,
1356 1428 1395 1457 et
1426 1417 1468 1457 in
1497 1416 1690 1469 gloriam,

265 1513 390 1553 quam
429 1495 662 1537 amiserant.
735 1494 944 1536 Doctrina
993 1510 1090 1547 ergo
1137 1494 1298 1549 optima
1344 1506 1425 1543 est,
1471 1496 1690 1550 quomodo

266 1575 368 1624 hoc,
408 1574 524 1628 quod
555 1573 730 1614 dicitur:
770 1584 847 1622 „et
871 1572 914 1626 2)
957 1583 1003 1611 tu
1043 1572 1363 1612 confundere:“
1402 1570 1461 1611 sic
1497 1583 1538 1611 et
1567 1571 1690 1619 illud,

266 1651 382 1706 quod
411 1649 622 1705 sequitur:
656 1660 726 1699 „et
748 1649 790 1704 3)
821 1648 965 1703 accipe
994 1648 1268 1700 ignominiam
1296 1654 1453 1690 tuam.“
1503 1647 1559 1688 Et
1588 1648 1690 1688 haec

267 1728 379 1777 dico,
411 1739 459 1767 ut
487 1724 815 1782 profundiorem
845 1724 1031 1779 aliquem
1061 1742 1228 1766 sensum
1260 1726 1310 1765 de
1341 1726 1483 1765 futura
1511 1725 1692 1765 inhono-

265 1805 429 1847 ratione
458 1804 739 1857 interponam.
798 1801 854 1842 Et
890 1801 951 1842 ibi
994 1802 1152 1859 quippe
1185 1803 1263 1844 erit
1293 1803 1434 1858 aliqua
1463 1802 1691 1855 ignominia

265 1883 352 1933 his,
392 1881 462 1938 qui
500 1881 671 1933 dignum
713 1895 820 1935 opus
849 1878 1081 1931 ignominia
1109 1881 1324 1931 fecerunt,
1363 1880 1396 1921 si
1426 1881 1598 1937 quidem
1625 1896 1693 1920 re-

267 1966 435 2012 surgent
458 1957 501 2014 ἰ)
532 1957 605 1998 alii
637 1957 681 1997 in
710 1956 841 1997 vitam
873 1968 1108 2007 aeternam,
1151 1968 1192 1997 et
1222 1956 1293 1997 alii
1324 1956 1367 1997 in
1398 1958 1692 2013 opprobrium,

267 2049 309 2078 et
353 2035 646 2078 confusionem
690 2042 927 2075 aeternam,
992 2033 1111 2087 Quid
1154 2045 1295 2075 autem
1339 2046 1399 2075 est
1440 2035 1521 2075 hoc
1561 2035 1692 2084 aliud,

265 2113 344 2156 nisi
383 2125 567 2168 poenam
606 2110 802 2151 infamiae
840 2110 1073 2152 sustinere?
1128 2110 1247 2151 Dum
1286 2127 1384 2163 ergo
1425 2111 1561 2152 adhuc
1592 2111 1692 2152 licet

264 2190 401 2243 nobis,
433 2190 633 2230 debemus
661 2188 990 2229 minorationem
1019 2198 1206 2228 nostram
1237 2188 1445 2243 patienter
1474 2189 1598 2238 ferre,
1627 2199 1688 2239 ut,

269 2284 364 2308 cum
401 2266 471 2306 hic
507 2265 719 2306 tristitiam
758 2265 926 2306 fortiter
964 2264 1304 2316 sustinuerimus,
1343 2266 1386 2306 in
1424 2267 1568 2306 futuro
1599 2282 1687 2306 sae-

269 2346 367 2386 culo
396 2358 667 2392 moveamus,
696 2354 743 2382 ut
772 2342 829 2382 ita
860 2342 1017 2393 dicam,
1057 2343 1215 2384 viscera
1244 2343 1557 2384 misericordiae
1587 2342 1686 2393 Dei,

269 2434 310 2464 et
337 2421 637 2474 benignitatem
668 2419 775 2477 ejus,
815 2431 862 2460 ut
892 2436 968 2461 nos
999 2432 1171 2461 revocet
1199 2420 1243 2461 in
1273 2421 1498 2477 pristinum
1532 2431 1684 2461 statum
1745 2431 1749 2432 ⁷

268 2502 320 2541 de
349 2498 577 2552 ignominia
607 2509 648 2538 et
678 2496 947 2538 confusione:
979 2500 1197 2553 quomodo
1232 2515 1254 2539 e
1285 2497 1494 2540 contrario
1525 2496 1683 2552 impos-

267 2577 387 2619 sibile
430 2587 490 2617 est
529 2573 686 2630 lapidei
728 2573 866 2614 cordis
906 2574 1091 2631 aliquem
1121 2587 1160 2616 et
1191 2575 1357 2632 penitus
1387 2592 1471 2616 non
1504 2573 1682 2615 sentien-

382 2746 421 2801 ¹)
450 2745 583 2785 Deest
613 2745 734 2793 „ab“
765 2742 805 2783 in
839 2744 902 2784 ed.
934 2743 1079 2784 Ruaei.

378 2816 421 2870 2)
450 2813 600 2855 Ezech.
631 2813 747 2862 XVI,
778 2812 844 2855 52.
964 2813 1006 2868 ³)
1037 2813 1188 2855 Ezech.
1218 2813 1334 2862 XVI,
1364 2812 1430 2855 52.

380 2884 423 2941 ²)
453 2884 539 2926 Cfr.
569 2884 678 2925 Dan.
709 2882 813 2933 XII,
840 2882 879 2926 2.
