1759 3134
229 108 309 152 134
629 108 849 151 Omonms
879 118 924 151 m
954 107 1245 149 Ezecumfflm

232 220 464 263 Sodomam
498 219 722 272 minorem,
753 233 793 262 et
823 222 1054 264 Samariam
1084 221 1308 271 seniorem,
1339 231 1385 260 ut
1416 221 1457 261 in
1487 236 1648 278 praete-

233 298 323 338 ritis
366 297 556 339 diximus.
618 300 849 349 „Avertam
877 300 916 356 ¹)
955 297 1216 339 aversionem
1256 305 1459 339 eorum:“
1498 300 1540 340 id
1579 315 1653 353 est,

236 375 387 423 trium,
426 392 602 431 quarum
633 389 837 418 averterat
867 377 1151 425 aversionem,
1190 376 1241 416 ad
1269 376 1448 417 meliora
1481 394 1654 420 conver-

235 464 295 492 tet
320 453 386 508 ²):
423 453 563 509 primo
594 455 909 504 Sodomorum,
949 455 1098 494 deinde
1131 452 1366 503 Samariae,
1396 454 1520 495 tertio
1553 472 1655 496 vero

234 530 484 572 Jerusalem.
545 532 653 574 Cum
684 544 846 581 autem,
878 532 958 582 ait,
999 543 1190 572 avertero
1224 530 1485 572 aversionem
1517 533 1656 574 Sodo-

235 624 426 659 morum,
459 621 499 650 et
529 610 764 660 Samariae,
793 621 833 649 et
865 610 1112 657 Jerusalem,
1142 620 1240 647 tunc
1273 608 1314 648 in
1345 609 1563 664 antiquum
1593 627 1657 651 re-

236 684 484 736 stituentur,
531 688 718 743 primum
766 687 975 737 Sodoma,
1027 686 1141 743 cujus
1185 685 1349 741 priores
1394 687 1591 728 averterit
1613 687 1656 743 ³)

238 763 496 806 aversiones:
539 766 725 807 secundo
758 764 964 814 Samaria,
1004 780 1128 819 quam
1166 764 1351 803 secundo
1385 764 1658 805 converterit:

237 839 362 880 tertio
381 841 628 893 Jerusalem,
660 843 727 884 cui
758 842 906 883 tertiae
937 841 1171 882 aversiones
1194 840 1235 897 ⁴)
1266 840 1521 882 tribuuntur.
1565 841 1661 881 Tri-

238 916 426 957 buuntur
451 917 578 970 igitur
605 920 799 961 sanitates
827 919 1097 976 peccantibus
1129 918 1170 958 in
1200 918 1419 958 aversione
1446 919 1661 959 Sodomo-

239 1010 333 1034 rum
372 1007 412 1036 et
448 996 631 1038 {iliarum
675 997 785 1056 ejus,
826 998 866 1038 in
907 996 1122 1038 aversione
1161 995 1290 1051 ipsius
1320 996 1578 1046 Jerusalem,
1620 1008 1661 1036 et

238 1071 482 1113 tribuuntur
511 1074 596 1124 his,
637 1074 708 1130 qui
746 1074 874 1127 magis
914 1085 1104 1114 amantur
1142 1089 1163 1113 a
1192 1073 1312 1122 Deo,
1350 1073 1521 1114 tardius.
1582 1074 1661 1114 So-

239 1148 365 1189 doma
405 1149 562 1206 quippe
593 1151 814 1207 justificata
844 1152 895 1190 ab
926 1151 1183 1199 Jerusalem,
1226 1150 1361 1205 prima
1393 1151 1664 1206 consequitur

240 1225 594 1277 misericordiam,
634 1227 677 1267 id
718 1239 801 1277 est,
840 1227 1028 1280 gentiles.
1088 1225 1275 1267 Samaria
1313 1243 1436 1277 vero,
1474 1227 1555 1268 hoc
1587 1240 1663 1278 est,

239 1303 463 1354 haeretici,
507 1304 549 1345 in
594 1305 780 1345 secundo
826 1305 925 1346 loco
966 1302 1178 1359 accipiunt
1216 1303 1446 1344 sanitatem.
1515 1304 1663 1345 Tertio

240 1397 366 1430 vero,
405 1381 522 1437 quasi
553 1381 710 1434 indigni
741 1381 968 1422 velocioris
998 1381 1210 1431 medelae,
1250 1380 1293 1421 in
1331 1380 1557 1436 pristinum
1585 1393 1665 1422 sta-

239 1469 331 1498 tum
371 1457 669 1508 restituuntur,
708 1458 780 1514 qui
818 1459 990 1499 fuerunt
1029 1459 1079 1498 de
1110 1458 1358 1499 Jerusalem.
1417 1460 1527 1499 Ante
1568 1474 1665 1511 ergo

241 1534 436 1588 gmtiles,
481 1547 575 1576 ante
615 1536 814 1576 haeretici
853 1535 1120 1576 clementiam
1167 1547 1496 1591 consequentur,
1541 1553 1664 1591 quam

240 1629 343 1661 nos,
375 1612 407 1652 si
437 1624 576 1652 tamen
607 1612 811 1653 fuerimus
841 1613 977 1668 impii,
1006 1613 1041 1653 si
1073 1624 1113 1653 et
1142 1630 1219 1653 nos
1249 1625 1421 1669 peccata
1451 1614 1665 1669 depresse-

242 1688 338 1729 rint.
400 1688 571 1743 Quanto
611 1689 722 1729 enim
760 1690 985 1746 propiores
1021 1689 1225 1730 fuerimus
1254 1691 1374 1740 Deo,
1418 1701 1459 1729 et
1488 1691 1540 1730 ad
1569 1691 1668 1730 hea-

239 1766 465 1807 titudinem
505 1766 751 1817 viciniores,
798 1778 941 1817 tanto,
989 1783 1084 1807 cum
1124 1766 1459 1822 peccaverimus,
1504 1766 1669 1820 longius

242 1844 391 1884 fiemus
420 1845 473 1885 ab
504 1860 571 1894 ea,
610 1844 796 1899 proximi
837 1844 1094 1885 terribilium
1123 1844 1483 1900 maximarumque
1512 1860 1670 1900 poena-

242 1939 350 1963 rum.
410 1923 580 1963 Justum
612 1933 673 1962 est
703 1920 860 1977 quippe
890 1919 1097 1978 judicium
1125 1920 1232 1970 Dei,
1265 1932 1327 1962 et:
1370 1932 1601 1977 „potentes
1627 1923 1668 1978 ⁵)

243 2011 442 2055 potenter
479 2010 691 2040 tormenta
729 1997 987 2054 patiuntur.“
1060 1996 1147 2050 Qui
1185 2009 1324 2038 autern
1361 1997 1559 2038 minimus
1597 2011 1670 2049 est,

243 2088 432 2117 meretur
471 2075 592 2117 citius
632 2074 978 2116 misericordiam.
1052 2073 1231 2115 Minima
1271 2086 1331 2115 est
1372 2076 1583 2125 Sodoma,
1631 2088 1671 2116 et

244 2165 341 2209 post
372 2169 461 2194 eam
494 2152 535 2193 in
569 2152 884 2209 comparatione
915 2152 1152 2193 Jerusalem
1182 2151 1383 2193 minima:
1415 2169 1500 2193 non
1532 2164 1671 2193 tamen

244 2230 353 2271 sicut
396 2231 607 2280 Sodoma,
663 2229 849 2271 Samaria
906 2241 985 2270 est:
1043 2240 1085 2269 et
1127 2229 1224 2269 ideo
1271 2229 1458 2285 primum
1502 2229 1672 2270 illarum

248 2307 398 2348 avertit
432 2307 689 2356 aversiones,
741 2319 781 2346 et
819 2318 965 2362 postea
1007 2307 1263 2356 Jerusalem,
1311 2307 1474 2347 dicens:
1523 2323 1672 2358 „aver-

363 2512 404 2567 1)
437 2511 523 2552 Cfr.
553 2509 703 2550 Ezech.
734 2511 849 2560 XVI,
880 2511 945 2554 53.

364 2582 407 2637 ²)
437 2582 517 2622 Ed.
547 2579 680 2620 Buaei
711 2581 822 2621 sola:
858 2582 1075 2622 convertit.

363 2651 408 2707 3)
438 2651 515 2691 Ed.
546 2650 679 2691 Ruaei
708 2651 822 2691 sola:
854 2652 1015 2693 avertit.

367 2721 408 2776 ⁴)
439 2719 760 2761 Edd.Me1-lini:
794 2721 1068 2770 „aversiones
1116 2722 1379 2763 Tribuuntur
1409 2721 1561 2774 igitur“
1592 2731 1670 2761 etc.

253 2778 330 2819 Ed.
361 2776 515 2819 Ruaei}
547 2777 820 2827 „aversiones
851 2778 1110 2820 tribuuntur.
1170 2779 1338 2831 Igitur“
1372 2790 1448 2819 etc.

373 2849 414 2905 ⁵)
449 2848 536 2891 Cfr.
572 2848 669 2903 Sap.
701 2848 860 2890 Salom.
891 2849 964 2898 VI,
995 2848 1034 2891 S.
