<?xml version="1.0" encoding="UTF-8"?>
<!DOCTYPE html PUBLIC "-//W3C//DTD XHTML 1.0 Transitional//EN"
    "http://www.w3.org/TR/xhtml1/DTD/xhtml1-transitional.dtd">
<html xmlns="http://www.w3.org/1999/xhtml" xml:lang="en" lang="en">
 <head>
  <title>
</title>
<meta http-equiv="Content-Type" content="text/html;charset=utf-8" />
  <meta name='ocr-system' content='tesseract 3.04.00' />
  <meta name='ocr-capabilities' content='ocr_page ocr_carea ocr_par ocr_line ocrx_word'/>
</head>
<body>
  <div class='ocr_page' id='page_1' title='image "./operaomniaquaegr14orig/operaomniaquaegr14orig_0310.png"; bbox 0 0 1759 3134; ppageno 0'>
   <div class='ocr_carea' id='block_1_1' title="bbox 220 132 1369 185">
    <p class='ocr_par' dir='ltr' id='par_1_1' title="bbox 220 132 1369 185">
     <span class='ocr_line' id='line_1_1' title="bbox 220 132 1369 185; baseline -0.003 -5"><span class='ocrx_word' id='word_1_1' title='bbox 220 138 306 185; x_wconf 69' lang='lat'>294</span> <span class='ocrx_word' id='word_1_2' title='bbox 517 135 742 177; x_wconf 74' lang='lat' dir='ltr'><strong>OMGENJS</strong></span> <span class='ocrx_word' id='word_1_3' title='bbox 770 146 817 175; x_wconf 74' lang='lat' dir='ltr'>m</span> <span class='ocrx_word' id='word_1_4' title='bbox 848 132 1031 176; x_wconf 70' lang='lat' dir='ltr'>CAs’nc.</span> <span class='ocrx_word' id='word_1_5' title='bbox 1066 132 1369 176; x_wconf 67' lang='lat' dir='ltr'>CAN‘riconUM</span> 
     </span>
    </p>
   </div>
   <div class='ocr_carea' id='block_1_2' title="bbox 225 246 1668 2190">
    <p class='ocr_par' dir='ltr' id='par_1_2' title="bbox 225 246 1668 2190">
     <span class='ocr_line' id='line_1_2' title="bbox 226 246 1654 305; baseline -0.001 -12"><span class='ocrx_word' id='word_1_6' title='bbox 226 252 353 301; x_wconf 87' lang='lat' dir='ltr'>dunt,</span> <span class='ocrx_word' id='word_1_7' title='bbox 393 250 435 291; x_wconf 85' lang='lat' dir='ltr'>in</span> <span class='ocrx_word' id='word_1_8' title='bbox 466 249 601 289; x_wconf 62' lang='lat' dir='ltr'>virum</span> <span class='ocrx_word' id='word_1_9' title='bbox 633 249 892 304; x_wconf 78' lang='lat' dir='ltr'>perfectum,</span> <span class='ocrx_word' id='word_1_10' title='bbox 934 260 974 289; x_wconf 81' lang='lat' dir='ltr'>ct</span> <span class='ocrx_word' id='word_1_11' title='bbox 1007 246 1048 288; x_wconf 87' lang='lat' dir='ltr'>iu</span> <span class='ocrx_word' id='word_1_12' title='bbox 1078 264 1317 289; x_wconf 83' lang='lat' dir='ltr'>mensuram</span> <span class='ocrx_word' id='word_1_13' title='bbox 1348 248 1491 290; x_wconf 80' lang='lat' dir='ltr'>aetatis</span> <span class='ocrx_word' id='word_1_14' title='bbox 1521 249 1654 305; x_wconf 83' lang='lat' dir='ltr'>pleni-</span> 
     </span>
     <span class='ocr_line' id='line_1_3' title="bbox 225 325 1658 383; baseline 0 -13"><span class='ocrx_word' id='word_1_15' title='bbox 225 328 384 370; x_wconf 78' lang='lat' dir='ltr'>tudinis</span> <span class='ocrx_word' id='word_1_16' title='bbox 423 325 590 370; x_wconf 82' lang='lat' dir='ltr'>Clu-isti.</span> <span class='ocrx_word' id='word_1_17' title='bbox 662 326 796 380; x_wconf 79' lang='lat' dir='ltr'>Igitur</span> <span class='ocrx_word' id='word_1_18' title='bbox 847 326 953 367; x_wconf 85' lang='lat' dir='ltr'>sicut</span> <span class='ocrx_word' id='word_1_19' title='bbox 999 326 1120 376; x_wconf 75' lang='lat' dir='ltr'>haec,</span> <span class='ocrx_word' id='word_1_20' title='bbox 1167 342 1273 383; x_wconf 85' lang='lat' dir='ltr'>quae</span> <span class='ocrx_word' id='word_1_21' title='bbox 1316 327 1658 380; x_wconf 79' lang='lat' dir='ltr'>memoravimus,</span> 
     </span>
     <span class='ocr_line' id='line_1_4' title="bbox 226 393 1659 449; baseline -0.002 0"><span class='ocrx_word' id='word_1_22' title='bbox 226 393 411 449; x_wconf 86' lang='lat' dir='ltr'>aetatum</span> <span class='ocrx_word' id='word_1_23' title='bbox 446 403 621 448; x_wconf 80' lang='lat' dir='ltr'>nomina</span> <span class='ocrx_word' id='word_1_24' title='bbox 663 403 812 446; x_wconf 90' lang='lat' dir='ltr'>iisdem</span> <span class='ocrx_word' id='word_1_25' title='bbox 846 403 1061 446; x_wconf 83' lang='lat' dir='ltr'>vocabulis</span> <span class='ocrx_word' id='word_1_26' title='bbox 1094 416 1134 446; x_wconf 81' lang='lat' dir='ltr'>ct</span> <span class='ocrx_word' id='word_1_27' title='bbox 1166 404 1364 446; x_wconf 82' lang='lat' dir='ltr'><strong>exteriori</strong></span> <span class='ocrx_word' id='word_1_28' title='bbox 1393 405 1558 447; x_wconf 88' lang='lat' dir='ltr'>homini</span> <span class='ocrx_word' id='word_1_29' title='bbox 1587 407 1659 447; x_wconf 87' lang='lat' dir='ltr'>ad-</span> 
     </span>
     <span class='ocr_line' id='line_1_5' title="bbox 225 482 1657 534; baseline -0.001 -7"><span class='ocrx_word' id='word_1_30' title='bbox 225 486 468 528; x_wconf 87' lang='lat' dir='ltr'>scribuntur</span> <span class='ocrx_word' id='word_1_31' title='bbox 508 495 549 525; x_wconf 84' lang='lat' dir='ltr'>et</span> <span class='ocrx_word' id='word_1_32' title='bbox 587 482 803 525; x_wconf 83' lang='lat' dir='ltr'>interiori:</span> <span class='ocrx_word' id='word_1_33' title='bbox 850 483 906 525; x_wconf 83' lang='lat' dir='ltr'>ita</span> <span class='ocrx_word' id='word_1_34' title='bbox 945 483 1133 524; x_wconf 77' lang='lat' dir='ltr'>invenies</span> <span class='ocrx_word' id='word_1_35' title='bbox 1171 482 1320 534; x_wconf 82' lang='lat' dir='ltr'>etiam,</span> <span class='ocrx_word' id='word_1_36' title='bbox 1367 486 1657 526; x_wconf 89' lang='lat' dir='ltr'>membrorum</span> 
     </span>
     <span class='ocr_line' id='line_1_6' title="bbox 226 560 1660 619; baseline -0.001 -14"><span class='ocrx_word' id='word_1_37' title='bbox 226 563 402 605; x_wconf 86' lang='lat' dir='ltr'>nomina</span> <span class='ocrx_word' id='word_1_38' title='bbox 441 561 731 619; x_wconf 83' lang='lat' dir='ltr'>corporalium</span> <span class='ocrx_word' id='word_1_39' title='bbox 774 560 991 603; x_wconf 82' lang='lat' dir='ltr'>transferri</span> <span class='ocrx_word' id='word_1_40' title='bbox 1030 562 1082 602; x_wconf 88' lang='lat' dir='ltr'>ad</span> <span class='ocrx_word' id='word_1_41' title='bbox 1123 561 1284 602; x_wconf 85' lang='lat' dir='ltr'>animae</span> <span class='ocrx_word' id='word_1_42' title='bbox 1323 563 1537 614; x_wconf 88' lang='lat' dir='ltr'>membra,</span> <span class='ocrx_word' id='word_1_43' title='bbox 1586 579 1660 604; x_wconf 89' lang='lat' dir='ltr'>seu</span> 
     </span>
     <span class='ocr_line' id='line_1_7' title="bbox 225 640 1659 700; baseline -0.001 -17"><span class='ocrx_word' id='word_1_44' title='bbox 225 641 371 700; x_wconf 87' lang='lat' dir='ltr'>potius</span> <span class='ocrx_word' id='word_1_45' title='bbox 402 640 652 682; x_wconf 80' lang='lat' dir='ltr'>efficientiae</span> <span class='ocrx_word' id='word_1_46' title='bbox 681 640 784 681; x_wconf 87' lang='lat' dir='ltr'>haec</span> <span class='ocrx_word' id='word_1_47' title='bbox 804 640 842 697; x_wconf 83' lang='lat'>¹)</span> <span class='ocrx_word' id='word_1_48' title='bbox 873 640 1035 682; x_wconf 77' lang='lat' dir='ltr'>animae</span> <span class='ocrx_word' id='word_1_49' title='bbox 1066 640 1327 696; x_wconf 82' lang='lat' dir='ltr'>affectusque</span> <span class='ocrx_word' id='word_1_50' title='bbox 1353 640 1522 683; x_wconf 83' lang='lat' dir='ltr'>dicendi</span> <span class='ocrx_word' id='word_1_51' title='bbox 1552 653 1659 682; x_wconf 86' lang='lat' dir='ltr'>sunt.</span> 
     </span>
     <span class='ocr_line' id='line_1_8' title="bbox 228 717 1661 775; baseline -0.001 -13"><span class='ocrx_word' id='word_1_52' title='bbox 228 720 401 763; x_wconf 83' lang='lat' dir='ltr'>Dicitur</span> <span class='ocrx_word' id='word_1_53' title='bbox 432 735 531 773; x_wconf 84' lang='lat' dir='ltr'>ergo</span> <span class='ocrx_word' id='word_1_54' title='bbox 563 718 605 760; x_wconf 87' lang='lat' dir='ltr'>in</span> <span class='ocrx_word' id='word_1_55' title='bbox 635 717 911 760; x_wconf 85' lang='lat' dir='ltr'>Ecclesiaste:</span> <span class='ocrx_word' id='word_1_56' title='bbox 952 718 1190 774; x_wconf 81' lang='lat' dir='ltr'>„sapientis</span> <span class='ocrx_word' id='word_1_57' title='bbox 1210 719 1252 774; x_wconf 84' lang='lat'>2)</span> <span class='ocrx_word' id='word_1_58' title='bbox 1293 718 1408 760; x_wconf 90' lang='lat' dir='ltr'>oculi</span> <span class='ocrx_word' id='word_1_59' title='bbox 1451 718 1494 760; x_wconf 90' lang='lat' dir='ltr'>in</span> <span class='ocrx_word' id='word_1_60' title='bbox 1524 718 1661 775; x_wconf 81' lang='lat' dir='ltr'>capite</span> 
     </span>
     <span class='ocr_line' id='line_1_9' title="bbox 233 796 1662 858; baseline -0.001 -18"><span class='ocrx_word' id='word_1_61' title='bbox 233 798 365 858; x_wconf 86' lang='lat' dir='ltr'>ejus.“</span> <span class='ocrx_word' id='word_1_62' title='bbox 424 799 535 840; x_wconf 86' lang='lat' dir='ltr'>Item</span> <span class='ocrx_word' id='word_1_63' title='bbox 563 797 607 838; x_wconf 88' lang='lat' dir='ltr'>in</span> <span class='ocrx_word' id='word_1_64' title='bbox 639 797 882 851; x_wconf 82' lang='lat' dir='ltr'>evangelio:</span> <span class='ocrx_word' id='word_1_65' title='bbox 924 796 1034 853; x_wconf 86' lang='lat' dir='ltr'>„qui</span> <span class='ocrx_word' id='word_1_66' title='bbox 1057 796 1098 852; x_wconf 86' lang='lat'>³)</span> <span class='ocrx_word' id='word_1_67' title='bbox 1139 797 1265 838; x_wconf 79' lang='lat' dir='ltr'>habet</span> <span class='ocrx_word' id='word_1_68' title='bbox 1298 813 1416 838; x_wconf 83' lang='lat' dir='ltr'>aures</span> <span class='ocrx_word' id='word_1_69' title='bbox 1447 796 1662 848; x_wconf 85' lang='lat' dir='ltr'>audiendi,</span> 
     </span>
     <span class='ocr_line' id='line_1_10' title="bbox 232 873 1663 932; baseline -0.003 -13"><span class='ocrx_word' id='word_1_70' title='bbox 232 876 431 919; x_wconf 78' lang='lat' dir='ltr'>audiat!“</span> <span class='ocrx_word' id='word_1_71' title='bbox 491 877 542 917; x_wconf 83' lang='lat' dir='ltr'>ln</span> <span class='ocrx_word' id='word_1_72' title='bbox 579 875 801 932; x_wconf 86' lang='lat' dir='ltr'>prophetis</span> <span class='ocrx_word' id='word_1_73' title='bbox 841 891 1033 932; x_wconf 88' lang='lat' dir='ltr'>quoque:</span> <span class='ocrx_word' id='word_1_74' title='bbox 1079 891 1252 925; x_wconf 87' lang='lat' dir='ltr'>„sermo</span> <span class='ocrx_word' id='word_1_75' title='bbox 1270 873 1312 930; x_wconf 79' lang='lat'>⁴²)</span> <span class='ocrx_word' id='word_1_76' title='bbox 1348 875 1550 925; x_wconf 86' lang='lat' dir='ltr'>Domini,</span> <span class='ocrx_word' id='word_1_77' title='bbox 1591 875 1663 932; x_wconf 84' lang='lat' dir='ltr'>qui</span> 
     </span>
     <span class='ocr_line' id='line_1_11' title="bbox 231 952 1664 1010; baseline -0.001 -13"><span class='ocrx_word' id='word_1_78' title='bbox 231 955 366 997; x_wconf 85' lang='lat' dir='ltr'>factus</span> <span class='ocrx_word' id='word_1_79' title='bbox 406 967 467 997; x_wconf 88' lang='lat' dir='ltr'>est</span> <span class='ocrx_word' id='word_1_80' title='bbox 503 953 548 995; x_wconf 90' lang='lat' dir='ltr'>in</span> <span class='ocrx_word' id='word_1_81' title='bbox 585 970 712 995; x_wconf 89' lang='lat' dir='ltr'>manu</span> <span class='ocrx_word' id='word_1_82' title='bbox 749 953 985 1010; x_wconf 85' lang='lat' dir='ltr'>prophetae</span> <span class='ocrx_word' id='word_1_83' title='bbox 1016 952 1319 1004; x_wconf 84' lang='lat' dir='ltr'>Hieremiae,“</span> <span class='ocrx_word' id='word_1_84' title='bbox 1365 953 1452 995; x_wconf 80' lang='lat' dir='ltr'>sive</span> <span class='ocrx_word' id='word_1_85' title='bbox 1491 953 1664 995; x_wconf 88' lang='lat' dir='ltr'>alterius</span> 
     </span>
     <span class='ocr_line' id='line_1_12' title="bbox 234 1018 1662 1090; baseline -0.001 -16"><span class='ocrx_word' id='word_1_86' title='bbox 234 1018 471 1090; x_wconf 82' lang='lat' dir='ltr'>cujuslibet.</span> <span class='ocrx_word' id='word_1_87' title='bbox 518 1031 668 1074; x_wconf 87' lang='lat' dir='ltr'>Simile</span> <span class='ocrx_word' id='word_1_88' title='bbox 700 1043 762 1072; x_wconf 89' lang='lat' dir='ltr'>est</span> <span class='ocrx_word' id='word_1_89' title='bbox 793 1031 920 1072; x_wconf 85' lang='lat' dir='ltr'>etiam</span> <span class='ocrx_word' id='word_1_90' title='bbox 950 1030 1072 1081; x_wconf 83' lang='lat' dir='ltr'>illud,</span> <span class='ocrx_word' id='word_1_91' title='bbox 1104 1032 1220 1088; x_wconf 91' lang='lat' dir='ltr'>quod</span> <span class='ocrx_word' id='word_1_92' title='bbox 1239 1031 1296 1073; x_wconf 82' lang='lat' dir='ltr'>ait</span> <span class='ocrx_word' id='word_1_93' title='bbox 1314 1031 1388 1073; x_wconf 88' lang='lat' dir='ltr'>ille</span> <span class='ocrx_word' id='word_1_94' title='bbox 1406 1032 1470 1090; x_wconf 85' lang='lat'>⁵):</span> <span class='ocrx_word' id='word_1_95' title='bbox 1500 1048 1602 1089; x_wconf 87' lang='lat' dir='ltr'><strong>„pes</strong></span> <span class='ocrx_word' id='word_1_96' title='bbox 1618 1032 1662 1089; x_wconf 77' lang='lat'>⁶)</span> 
     </span>
     <span class='ocr_line' id='line_1_13' title="bbox 234 1109 1662 1166; baseline 0 -13"><span class='ocrx_word' id='word_1_97' title='bbox 234 1123 377 1153; x_wconf 85' lang='lat' dir='ltr'>autem</span> <span class='ocrx_word' id='word_1_98' title='bbox 416 1122 513 1152; x_wconf 88' lang='lat' dir='ltr'>tuus</span> <span class='ocrx_word' id='word_1_99' title='bbox 554 1126 642 1151; x_wconf 90' lang='lat' dir='ltr'>non</span> <span class='ocrx_word' id='word_1_100' title='bbox 683 1109 908 1150; x_wconf 85' lang='lat' dir='ltr'>offendit.“</span> <span class='ocrx_word' id='word_1_101' title='bbox 980 1109 1035 1149; x_wconf 89' lang='lat' dir='ltr'>Et</span> <span class='ocrx_word' id='word_1_102' title='bbox 1073 1109 1249 1150; x_wconf 83' lang='lat' dir='ltr'>iterum:</span> <span class='ocrx_word' id='word_1_103' title='bbox 1293 1109 1415 1160; x_wconf 86' lang='lat' dir='ltr'>„mei</span> <span class='ocrx_word' id='word_1_104' title='bbox 1441 1110 1481 1166; x_wconf 93' lang='lat'>⁷)</span> <span class='ocrx_word' id='word_1_105' title='bbox 1523 1123 1662 1153; x_wconf 85' lang='lat' dir='ltr'>autem</span> 
     </span>
     <span class='ocr_line' id='line_1_14' title="bbox 232 1185 1666 1246; baseline -0.001 -16"><span class='ocrx_word' id='word_1_106' title='bbox 232 1189 365 1246; x_wconf 88' lang='lat' dir='ltr'>paulo</span> <span class='ocrx_word' id='word_1_107' title='bbox 396 1187 534 1230; x_wconf 87' lang='lat' dir='ltr'>minus</span> <span class='ocrx_word' id='word_1_108' title='bbox 563 1187 671 1230; x_wconf 90' lang='lat' dir='ltr'>moti</span> <span class='ocrx_word' id='word_1_109' title='bbox 701 1198 798 1227; x_wconf 85' lang='lat' dir='ltr'>sunt</span> <span class='ocrx_word' id='word_1_110' title='bbox 826 1187 1000 1242; x_wconf 84' lang='lat' dir='ltr'>pedes.“</span> <span class='ocrx_word' id='word_1_111' title='bbox 1043 1185 1277 1228; x_wconf 86' lang='lat' dir='ltr'>Evidenter</span> <span class='ocrx_word' id='word_1_112' title='bbox 1304 1202 1474 1244; x_wconf 90' lang='lat' dir='ltr'>quoque</span> <span class='ocrx_word' id='word_1_113' title='bbox 1505 1199 1547 1229; x_wconf 84' lang='lat' dir='ltr'>et</span> <span class='ocrx_word' id='word_1_114' title='bbox 1566 1204 1666 1229; x_wconf 80' lang='lat' dir='ltr'>ven-</span> 
     </span>
     <span class='ocr_line' id='line_1_15' title="bbox 232 1264 1666 1319; baseline 0 -10"><span class='ocrx_word' id='word_1_115' title='bbox 232 1279 300 1309; x_wconf 86' lang='lat' dir='ltr'>ter</span> <span class='ocrx_word' id='word_1_116' title='bbox 329 1266 493 1309; x_wconf 75' lang='lat' dir='ltr'>animae</span> <span class='ocrx_word' id='word_1_117' title='bbox 524 1264 776 1318; x_wconf 86' lang='lat' dir='ltr'>designatur,</span> <span class='ocrx_word' id='word_1_118' title='bbox 805 1265 882 1305; x_wconf 85' lang='lat' dir='ltr'>uhi</span> <span class='ocrx_word' id='word_1_119' title='bbox 914 1264 1086 1306; x_wconf 80' lang='lat' dir='ltr'>dicitur:</span> <span class='ocrx_word' id='word_1_120' title='bbox 1117 1264 1340 1315; x_wconf 85' lang='lat' dir='ltr'>„Domine</span> <span class='ocrx_word' id='word_1_121' title='bbox 1361 1266 1430 1319; x_wconf 79' lang='lat'>8),</span> <span class='ocrx_word' id='word_1_122' title='bbox 1460 1264 1666 1309; x_wconf 78' lang='lat' dir='ltr'>atimore</span> 
     </span>
     <span class='ocr_line' id='line_1_16' title="bbox 231 1343 1665 1401; baseline 0.001 -14"><span class='ocrx_word' id='word_1_123' title='bbox 231 1357 308 1387; x_wconf 87' lang='lat' dir='ltr'>tuo</span> <span class='ocrx_word' id='word_1_124' title='bbox 341 1345 385 1387; x_wconf 87' lang='lat' dir='ltr'>in</span> <span class='ocrx_word' id='word_1_125' title='bbox 413 1356 536 1386; x_wconf 88' lang='lat' dir='ltr'>utero</span> <span class='ocrx_word' id='word_1_126' title='bbox 570 1343 884 1401; x_wconf 88' lang='lat' dir='ltr'>concepimus.“</span> <span class='ocrx_word' id='word_1_127' title='bbox 942 1344 1052 1384; x_wconf 82' lang='lat' dir='ltr'>Nam</span> <span class='ocrx_word' id='word_1_128' title='bbox 1082 1343 1180 1385; x_wconf 89' lang='lat' dir='ltr'>inde</span> <span class='ocrx_word' id='word_1_129' title='bbox 1213 1343 1304 1400; x_wconf 89' lang='lat' dir='ltr'>quis</span> <span class='ocrx_word' id='word_1_130' title='bbox 1335 1344 1524 1396; x_wconf 81' lang='lat' dir='ltr'>dubitet,</span> <span class='ocrx_word' id='word_1_131' title='bbox 1568 1363 1665 1388; x_wconf 88' lang='lat' dir='ltr'>cum</span> 
     </span>
     <span class='ocr_line' id='line_1_17' title="bbox 235 1422 1665 1479; baseline 0.001 -13"><span class='ocrx_word' id='word_1_132' title='bbox 235 1423 414 1466; x_wconf 85' lang='lat' dir='ltr'>dicitur:</span> <span class='ocrx_word' id='word_1_133' title='bbox 464 1422 744 1478; x_wconf 85' lang='lat' dir='ltr'>„sepulcrum</span> <span class='ocrx_word' id='word_1_134' title='bbox 765 1423 808 1479; x_wconf 82' lang='lat'>⁹)</span> <span class='ocrx_word' id='word_1_135' title='bbox 851 1434 998 1478; x_wconf 86' lang='lat' dir='ltr'>patens</span> <span class='ocrx_word' id='word_1_136' title='bbox 1045 1433 1106 1464; x_wconf 83' lang='lat' dir='ltr'>cst</span> <span class='ocrx_word' id='word_1_137' title='bbox 1143 1434 1285 1475; x_wconf 84' lang='lat' dir='ltr'>guttur</span> <span class='ocrx_word' id='word_1_138' title='bbox 1325 1423 1539 1467; x_wconf 79' lang='lat' dir='ltr'>eorum?“</span> <span class='ocrx_word' id='word_1_139' title='bbox 1607 1425 1665 1467; x_wconf 84' lang='lat' dir='ltr'>Et</span> 
     </span>
     <span class='ocr_line' id='line_1_18' title="bbox 233 1499 1665 1559; baseline 0.001 -14"><span class='ocrx_word' id='word_1_140' title='bbox 233 1503 411 1545; x_wconf 81' lang='lat' dir='ltr'>iterum:</span> <span class='ocrx_word' id='word_1_141' title='bbox 443 1500 702 1559; x_wconf 82' lang='lat' dir='ltr'>„praecipita</span> <span class='ocrx_word' id='word_1_142' title='bbox 720 1501 802 1555; x_wconf 87' lang='lat'>¹⁰),</span> <span class='ocrx_word' id='word_1_143' title='bbox 832 1499 1035 1552; x_wconf 84' lang='lat' dir='ltr'>Domine,</span> <span class='ocrx_word' id='word_1_144' title='bbox 1067 1512 1108 1541; x_wconf 86' lang='lat' dir='ltr'>et</span> <span class='ocrx_word' id='word_1_145' title='bbox 1128 1500 1270 1542; x_wconf 87' lang='lat' dir='ltr'>divide</span> <span class='ocrx_word' id='word_1_146' title='bbox 1294 1502 1454 1556; x_wconf 81' lang='lat' dir='ltr'>linguas</span> <span class='ocrx_word' id='word_1_147' title='bbox 1473 1510 1665 1546; x_wconf 87' lang='lat' dir='ltr'>eorum.“</span> 
     </span>
     <span class='ocr_line' id='line_1_19' title="bbox 234 1578 1663 1638; baseline 0.001 -14"><span class='ocrx_word' id='word_1_148' title='bbox 234 1582 323 1624; x_wconf 88' lang='lat' dir='ltr'>Sed</span> <span class='ocrx_word' id='word_1_149' title='bbox 361 1593 403 1622; x_wconf 86' lang='lat' dir='ltr'>et</span> <span class='ocrx_word' id='word_1_150' title='bbox 439 1580 508 1631; x_wconf 85' lang='lat' dir='ltr'>id,</span> <span class='ocrx_word' id='word_1_151' title='bbox 548 1581 666 1636; x_wconf 86' lang='lat' dir='ltr'>quod</span> <span class='ocrx_word' id='word_1_152' title='bbox 705 1578 910 1635; x_wconf 87' lang='lat' dir='ltr'>scriptum</span> <span class='ocrx_word' id='word_1_153' title='bbox 953 1590 1032 1620; x_wconf 89' lang='lat' dir='ltr'>est:</span> <span class='ocrx_word' id='word_1_154' title='bbox 1077 1581 1258 1630; x_wconf 84' lang='lat' dir='ltr'>„dentes</span> <span class='ocrx_word' id='word_1_155' title='bbox 1282 1580 1350 1637; x_wconf 90' lang='lat'>¹¹)</span> <span class='ocrx_word' id='word_1_156' title='bbox 1389 1593 1663 1638; x_wconf 81' lang='lat' dir='ltr'>peccatorum</span> 
     </span>
     <span class='ocr_line' id='line_1_20' title="bbox 237 1645 1668 1716; baseline 0.002 -14"><span class='ocrx_word' id='word_1_157' title='bbox 237 1645 516 1702; x_wconf 83' lang='lat' dir='ltr'>contrivisti.“</span> <span class='ocrx_word' id='word_1_158' title='bbox 574 1657 630 1698; x_wconf 81' lang='lat' dir='ltr'>Et</span> <span class='ocrx_word' id='word_1_159' title='bbox 660 1656 835 1697; x_wconf 85' lang='lat' dir='ltr'>iterum:</span> <span class='ocrx_word' id='word_1_160' title='bbox 871 1669 1079 1708; x_wconf 79' lang='lat' dir='ltr'>„contere</span> <span class='ocrx_word' id='word_1_161' title='bbox 1109 1658 1329 1699; x_wconf 79' lang='lat' dir='ltr'>brachium</span> <span class='ocrx_word' id='word_1_162' title='bbox 1358 1661 1595 1716; x_wconf 86' lang='lat' dir='ltr'>peccatoris</span> <span class='ocrx_word' id='word_1_163' title='bbox 1626 1676 1668 1705; x_wconf 85' lang='lat' dir='ltr'>et</span> 
     </span>
     <span class='ocr_line' id='line_1_21' title="bbox 235 1735 1667 1794; baseline 0.001 -13"><span class='ocrx_word' id='word_1_164' title='bbox 235 1736 452 1791; x_wconf 80' lang='lat' dir='ltr'>maligni.“</span> <span class='ocrx_word' id='word_1_165' title='bbox 510 1736 566 1778; x_wconf 89' lang='lat' dir='ltr'>Et</span> <span class='ocrx_word' id='word_1_166' title='bbox 607 1735 708 1793; x_wconf 87' lang='lat' dir='ltr'>quid</span> <span class='ocrx_word' id='word_1_167' title='bbox 749 1751 856 1792; x_wconf 91' lang='lat' dir='ltr'>opus</span> <span class='ocrx_word' id='word_1_168' title='bbox 897 1747 979 1786; x_wconf 84' lang='lat' dir='ltr'>est,</span> <span class='ocrx_word' id='word_1_169' title='bbox 1021 1751 1090 1776; x_wconf 89' lang='lat' dir='ltr'>me</span> <span class='ocrx_word' id='word_1_170' title='bbox 1123 1736 1175 1776; x_wconf 85' lang='lat' dir='ltr'>dc</span> <span class='ocrx_word' id='word_1_171' title='bbox 1205 1735 1268 1776; x_wconf 83' lang='lat' dir='ltr'>his</span> <span class='ocrx_word' id='word_1_172' title='bbox 1297 1737 1422 1793; x_wconf 86' lang='lat' dir='ltr'>plura</span> <span class='ocrx_word' id='word_1_173' title='bbox 1452 1740 1667 1794; x_wconf 84' lang='lat' dir='ltr'>colligere,</span> 
     </span>
     <span class='ocr_line' id='line_1_22' title="bbox 240 1813 1667 1875; baseline 0.001 -16"><span class='ocrx_word' id='word_1_174' title='bbox 240 1835 336 1859; x_wconf 87' lang='lat' dir='ltr'>cum</span> <span class='ocrx_word' id='word_1_175' title='bbox 366 1814 733 1857; x_wconf 78' lang='lat' dir='ltr'>abundantissimis</span> <span class='ocrx_word' id='word_1_176' title='bbox 761 1813 1015 1856; x_wconf 78' lang='lat' dir='ltr'>testimoniis</span> <span class='ocrx_word' id='word_1_177' title='bbox 1038 1814 1270 1870; x_wconf 81' lang='lat' dir='ltr'>scripturae</span> <span class='ocrx_word' id='word_1_178' title='bbox 1293 1814 1459 1857; x_wconf 82' lang='lat' dir='ltr'>divinae</span> <span class='ocrx_word' id='word_1_179' title='bbox 1478 1818 1667 1875; x_wconf 80' lang='lat' dir='ltr'>repletae</span> 
     </span>
     <span class='ocr_line' id='line_1_23' title="bbox 236 1878 1667 1952; baseline 0.003 -17"><span class='ocrx_word' id='word_1_180' title='bbox 236 1896 317 1939; x_wconf 81' lang='lat' dir='ltr'>sint</span> <span class='ocrx_word' id='word_1_181' title='bbox 342 1895 441 1952; x_wconf 80' lang='lat'>¹²)?</span> <span class='ocrx_word' id='word_1_182' title='bbox 512 1895 574 1935; x_wconf 85' lang='lat' dir='ltr'>Ex</span> <span class='ocrx_word' id='word_1_183' title='bbox 620 1893 772 1950; x_wconf 85' lang='lat' dir='ltr'>quibus</span> <span class='ocrx_word' id='word_1_184' title='bbox 811 1892 1028 1934; x_wconf 81' lang='lat' dir='ltr'>evidenter</span> <span class='ocrx_word' id='word_1_185' title='bbox 1075 1893 1331 1944; x_wconf 81' lang='lat' dir='ltr'>ostenditur,</span> <span class='ocrx_word' id='word_1_186' title='bbox 1375 1878 1667 1939; x_wconf 73' lang='lat' dir='ltr'>membrorum</span> 
     </span>
     <span class='ocr_line' id='line_1_24' title="bbox 236 1970 1663 2030; baseline -0.005 -11"><span class='ocrx_word' id='word_1_187' title='bbox 236 1978 339 2018; x_wconf 80' lang='lat' dir='ltr'>haec</span> <span class='ocrx_word' id='word_1_188' title='bbox 368 1973 543 2022; x_wconf 87' lang='lat' dir='ltr'>nomina</span> <span class='ocrx_word' id='word_1_189' title='bbox 569 1981 835 2030; x_wconf 83' lang='lat' dir='ltr'>nequaquam</span> <span class='ocrx_word' id='word_1_190' title='bbox 866 1971 1038 2028; x_wconf 87' lang='lat' dir='ltr'>corpori</span> <span class='ocrx_word' id='word_1_191' title='bbox 1068 1970 1227 2011; x_wconf 77' lang='lat' dir='ltr'>visibili</span> <span class='ocrx_word' id='word_1_192' title='bbox 1257 1971 1390 2028; x_wconf 84' lang='lat' dir='ltr'>aptari</span> <span class='ocrx_word' id='word_1_193' title='bbox 1420 1991 1559 2029; x_wconf 76' lang='lat' dir='ltr'>posse,</span> <span class='ocrx_word' id='word_1_194' title='bbox 1589 1978 1663 2018; x_wconf 71' lang='lat' dir='ltr'>sed</span> 
     </span>
     <span class='ocr_line' id='line_1_25' title="bbox 236 2049 1666 2108; baseline -0.001 -11"><span class='ocrx_word' id='word_1_195' title='bbox 236 2057 291 2097; x_wconf 79' lang='lat' dir='ltr'>ad</span> <span class='ocrx_word' id='word_1_196' title='bbox 327 2052 550 2097; x_wconf 81' lang='lat' dir='ltr'>invisibilis</span> <span class='ocrx_word' id='word_1_197' title='bbox 587 2051 750 2093; x_wconf 82' lang='lat' dir='ltr'>animae</span> <span class='ocrx_word' id='word_1_198' title='bbox 783 2062 950 2108; x_wconf 88' lang='lat' dir='ltr'>partem</span> <span class='ocrx_word' id='word_1_199' title='bbox 979 2049 1239 2106; x_wconf 81' lang='lat' dir='ltr'>virtutesque</span> <span class='ocrx_word' id='word_1_200' title='bbox 1270 2050 1424 2092; x_wconf 81' lang='lat' dir='ltr'>debere</span> <span class='ocrx_word' id='word_1_201' title='bbox 1452 2054 1666 2096; x_wconf 82' lang='lat' dir='ltr'>revocari:</span> 
     </span>
     <span class='ocr_line' id='line_1_26' title="bbox 237 2127 1665 2190; baseline 0.001 -16"><span class='ocrx_word' id='word_1_202' title='bbox 237 2132 440 2190; x_wconf 86' lang='lat' dir='ltr'>quoniam</span> <span class='ocrx_word' id='word_1_203' title='bbox 471 2143 512 2172; x_wconf 81' lang='lat' dir='ltr'>ct</span> <span class='ocrx_word' id='word_1_204' title='bbox 529 2129 737 2172; x_wconf 70' lang='lat' dir='ltr'>vocabula</span> <span class='ocrx_word' id='word_1_205' title='bbox 765 2129 936 2186; x_wconf 83' lang='lat' dir='ltr'>quidem</span> <span class='ocrx_word' id='word_1_206' title='bbox 967 2129 1123 2169; x_wconf 85' lang='lat' dir='ltr'>habent</span> <span class='ocrx_word' id='word_1_207' title='bbox 1153 2127 1319 2178; x_wconf 87' lang='lat' dir='ltr'>similia,</span> <span class='ocrx_word' id='word_1_208' title='bbox 1351 2142 1495 2186; x_wconf 80' lang='lat' dir='ltr'>aperte</span> <span class='ocrx_word' id='word_1_209' title='bbox 1525 2145 1665 2176; x_wconf 86' lang='lat' dir='ltr'>autem</span> 
     </span>
    </p>
   </div>
   <div class='ocr_carea' id='block_1_3' title="bbox 225 2204 1665 2263">
    <p class='ocr_par' dir='ltr' id='par_1_3' title="bbox 225 2204 1665 2263">
     <span class='ocr_line' id='line_1_27' title="bbox 225 2204 1665 2263; baseline -0.004 -9"><span class='ocrx_word' id='word_1_210' title='bbox 225 2204 280 2254; x_wconf 45' lang='lat' dir='ltr'>&#39;et</span> <span class='ocrx_word' id='word_1_211' title='bbox 308 2212 396 2254; x_wconf 88' lang='lat' dir='ltr'>sine</span> <span class='ocrx_word' id='word_1_212' title='bbox 426 2211 513 2252; x_wconf 91' lang='lat' dir='ltr'>ulla</span> <span class='ocrx_word' id='word_1_213' title='bbox 542 2209 812 2263; x_wconf 84' lang='lat' dir='ltr'>ambiguitate</span> <span class='ocrx_word' id='word_1_214' title='bbox 841 2224 927 2249; x_wconf 87' lang='lat' dir='ltr'>non</span> <span class='ocrx_word' id='word_1_215' title='bbox 955 2208 1024 2263; x_wconf 66' lang='grc'>13)</span> <span class='ocrx_word' id='word_1_216' title='bbox 1069 2205 1308 2256; x_wconf 77' lang='lat' dir='ltr'>exterioris,</span> <span class='ocrx_word' id='word_1_217' title='bbox 1348 2209 1421 2249; x_wconf 85' lang='lat' dir='ltr'>sed</span> <span class='ocrx_word' id='word_1_218' title='bbox 1452 2210 1665 2254; x_wconf 75' lang='lat' dir='ltr'>interioris</span> 
     </span>
    </p>
   </div>
   <div class='ocr_carea' id='block_1_4' title="bbox 324 2348 1523 2836">
    <p class='ocr_par' dir='ltr' id='par_1_4' title="bbox 351 2348 1523 2553">
     <span class='ocr_line' id='line_1_28' title="bbox 352 2348 1506 2408; baseline -0.005 -12"><span class='ocrx_word' id='word_1_219' title='bbox 352 2355 395 2408; x_wconf 87' lang='lat'>¹)</span> <span class='ocrx_word' id='word_1_220' title='bbox 425 2354 535 2396; x_wconf 86' lang='lat' dir='ltr'>Edd.</span> <span class='ocrx_word' id='word_1_221' title='bbox 566 2351 763 2394; x_wconf 86' lang='lat' dir='ltr'>Merlini:</span> <span class='ocrx_word' id='word_1_222' title='bbox 793 2351 883 2391; x_wconf 70' lang='lat' dir='ltr'>hae,</span> <span class='ocrx_word' id='word_1_223' title='bbox 1005 2350 1046 2406; x_wconf 64' lang='grc'>2)</span> <span class='ocrx_word' id='word_1_224' title='bbox 1077 2348 1320 2391; x_wconf 81' lang='lat' dir='ltr'>Ecclesiast.</span> <span class='ocrx_word' id='word_1_225' title='bbox 1350 2350 1406 2401; x_wconf 88' lang='lat' dir='ltr'>II,</span> <span class='ocrx_word' id='word_1_226' title='bbox 1439 2350 1506 2395; x_wconf 71' lang='grc'>14.</span> 
     </span>
     <span class='ocr_line' id='line_1_29' title="bbox 351 2419 1523 2483; baseline -0.003 -16"><span class='ocrx_word' id='word_1_227' title='bbox 351 2426 395 2483; x_wconf 80' lang='lat'>³)</span> <span class='ocrx_word' id='word_1_228' title='bbox 424 2424 576 2467; x_wconf 80' lang='lat' dir='ltr'>Matth.</span> <span class='ocrx_word' id='word_1_229' title='bbox 607 2424 731 2475; x_wconf 87' lang='lat' dir='ltr'>XIII,</span> <span class='ocrx_word' id='word_1_230' title='bbox 761 2421 827 2467; x_wconf 77' lang='grc'>43.</span> <span class='ocrx_word' id='word_1_231' title='bbox 950 2419 993 2476; x_wconf 75' lang='lat'>⁴)</span> <span class='ocrx_word' id='word_1_232' title='bbox 1026 2420 1111 2463; x_wconf 86' lang='lat' dir='ltr'>Cfr.</span> <span class='ocrx_word' id='word_1_233' title='bbox 1144 2421 1303 2462; x_wconf 88' lang='lat' dir='ltr'>Jerem.</span> <span class='ocrx_word' id='word_1_234' title='bbox 1334 2422 1454 2475; x_wconf 85' lang='lat' dir='ltr'>XXI,</span> <span class='ocrx_word' id='word_1_235' title='bbox 1486 2423 1523 2468; x_wconf 90' lang='lat'>1.</span> 
     </span>
     <span class='ocr_line' id='line_1_30' title="bbox 354 2493 1031 2553; baseline -0.004 -15"><span class='ocrx_word' id='word_1_236' title='bbox 354 2495 397 2553; x_wconf 84' lang='lat'>⁵)</span> <span class='ocrx_word' id='word_1_237' title='bbox 429 2496 563 2538; x_wconf 87' lang='lat' dir='ltr'>Deest</span> <span class='ocrx_word' id='word_1_238' title='bbox 592 2494 740 2546; x_wconf 80' lang='lat' dir='ltr'>‚,ille⁴‘</span> <span class='ocrx_word' id='word_1_239' title='bbox 768 2493 814 2536; x_wconf 86' lang='lat' dir='ltr'>in</span> <span class='ocrx_word' id='word_1_240' title='bbox 845 2494 939 2536; x_wconf 83' lang='lat' dir='ltr'>cdd.</span> <span class='ocrx_word' id='word_1_241' title='bbox 969 2493 1031 2535; x_wconf 80' lang='grc' dir='ltr'>Μ.</span> 
     </span>
    </p>

    <p class='ocr_par' dir='ltr' id='par_1_5' title="bbox 351 2563 1410 2623">
     <span class='ocr_line' id='line_1_31' title="bbox 351 2563 1410 2623; baseline -0.001 -15"><span class='ocrx_word' id='word_1_242' title='bbox 351 2567 396 2623; x_wconf 74' lang='lat'>⁶)</span> <span class='ocrx_word' id='word_1_243' title='bbox 425 2567 552 2608; x_wconf 80' lang='lat' dir='ltr'>Prov.</span> <span class='ocrx_word' id='word_1_244' title='bbox 583 2566 663 2615; x_wconf 86' lang='lat' dir='ltr'>III,</span> <span class='ocrx_word' id='word_1_245' title='bbox 692 2564 760 2609; x_wconf 83' lang='lat'>23.</span> <span class='ocrx_word' id='word_1_246' title='bbox 881 2564 923 2622; x_wconf 91' lang='lat'>⁷)</span> <span class='ocrx_word' id='word_1_247' title='bbox 955 2564 1110 2606; x_wconf 85' lang='lat' dir='ltr'>Psalm.</span> <span class='ocrx_word' id='word_1_248' title='bbox 1143 2563 1341 2615; x_wconf 88' lang='lat' dir='ltr'>LXXIII,</span> <span class='ocrx_word' id='word_1_249' title='bbox 1371 2565 1410 2609; x_wconf 79' lang='grc'>2.</span> 
     </span>
    </p>

    <p class='ocr_par' dir='ltr' id='par_1_6' title="bbox 350 2633 1341 2695">
     <span class='ocr_line' id='line_1_32' title="bbox 350 2633 1341 2695; baseline -0.001 -15"><span class='ocrx_word' id='word_1_250' title='bbox 350 2639 396 2695; x_wconf 70' lang='grc'>’3)</span> <span class='ocrx_word' id='word_1_251' title='bbox 424 2633 550 2680; x_wconf 85' lang='lat' dir='ltr'>Jesai.</span> <span class='ocrx_word' id='word_1_252' title='bbox 582 2637 742 2686; x_wconf 83' lang='lat' dir='ltr'>XXVI,</span> <span class='ocrx_word' id='word_1_253' title='bbox 773 2635 838 2679; x_wconf 74' lang='grc'>18.</span> <span class='ocrx_word' id='word_1_254' title='bbox 959 2638 1002 2691; x_wconf 80' lang='lat'>9)</span> <span class='ocrx_word' id='word_1_255' title='bbox 1034 2636 1188 2677; x_wconf 87' lang='lat' dir='ltr'>Psalm.</span> <span class='ocrx_word' id='word_1_256' title='bbox 1219 2637 1270 2686; x_wconf 88' lang='lat' dir='ltr'>V,</span> <span class='ocrx_word' id='word_1_257' title='bbox 1303 2636 1341 2679; x_wconf 85' lang='lat'>9.</span> 
     </span>
    </p>

    <p class='ocr_par' dir='ltr' id='par_1_7' title="bbox 324 2706 1327 2836">
     <span class='ocr_line' id='line_1_33' title="bbox 326 2706 1327 2765; baseline -0.004 -14"><span class='ocrx_word' id='word_1_258' title='bbox 326 2709 397 2765; x_wconf 87' lang='lat'>¹⁰)</span> <span class='ocrx_word' id='word_1_259' title='bbox 427 2709 581 2751; x_wconf 87' lang='lat' dir='ltr'>Psalm.</span> <span class='ocrx_word' id='word_1_260' title='bbox 612 2708 698 2757; x_wconf 90' lang='lat' dir='ltr'>LV,</span> <span class='ocrx_word' id='word_1_261' title='bbox 729 2706 767 2750; x_wconf 82' lang='grc'>9.</span> <span class='ocrx_word' id='word_1_262' title='bbox 892 2707 959 2765; x_wconf 90' lang='lat'>¹¹)</span> <span class='ocrx_word' id='word_1_263' title='bbox 992 2707 1146 2749; x_wconf 82' lang='lat' dir='ltr'>Psalm.</span> <span class='ocrx_word' id='word_1_264' title='bbox 1178 2707 1257 2756; x_wconf 90' lang='lat' dir='ltr'>III,</span> <span class='ocrx_word' id='word_1_265' title='bbox 1290 2707 1327 2749; x_wconf 80' lang='lat'>7.</span> 
     </span>
     <span class='ocr_line' id='line_1_34' title="bbox 324 2777 1264 2836; baseline -0.002 -14"><span class='ocrx_word' id='word_1_266' title='bbox 324 2781 396 2836; x_wconf 85' lang='lat'>¹²)</span> <span class='ocrx_word' id='word_1_267' title='bbox 428 2782 507 2822; x_wconf 85' lang='lat' dir='ltr'>Ed.</span> <span class='ocrx_word' id='word_1_268' title='bbox 537 2778 694 2821; x_wconf 76' lang='lat' dir='ltr'>Ruaei:</span> <span class='ocrx_word' id='word_1_269' title='bbox 725 2777 851 2820; x_wconf 84' lang='lat' dir='ltr'>sunt?</span> <span class='ocrx_word' id='word_1_270' title='bbox 908 2778 971 2820; x_wconf 86' lang='lat' dir='ltr'>Ex</span> <span class='ocrx_word' id='word_1_271' title='bbox 1003 2778 1154 2836; x_wconf 88' lang='lat' dir='ltr'>quibus</span> <span class='ocrx_word' id='word_1_272' title='bbox 1186 2790 1264 2820; x_wconf 90' lang='lat' dir='ltr'>etc.</span> 
     </span>
    </p>
   </div>
   <div class='ocr_carea' id='block_1_5' title="bbox 230 2849 1658 2955">
    <p class='ocr_par' dir='ltr' id='par_1_8' title="bbox 230 2849 1658 2955">
     <span class='ocr_line' id='line_1_35' title="bbox 230 2849 1658 2952; baseline 0.001 -58"><span class='ocrx_word' id='word_1_273' title='bbox 230 2910 258 2952; x_wconf 72' lang='lat' dir='ltr'><strong>h</strong></span> <span class='ocrx_word' id='word_1_274' title='bbox 324 2852 394 2918; x_wconf 52' lang='grc'>’.3)</span> <span class='ocrx_word' id='word_1_275' title='bbox 423 2852 535 2894; x_wconf 85' lang='lat' dir='ltr'>Edd.</span> <span class='ocrx_word' id='word_1_276' title='bbox 569 2849 630 2892; x_wconf 77' lang='lat' dir='ltr'>M,</span> <span class='ocrx_word' id='word_1_277' title='bbox 661 2865 906 2908; x_wconf 81' lang='lat' dir='ltr'>perperam:</span> <span class='ocrx_word' id='word_1_278' title='bbox 947 2867 1033 2894; x_wconf 89' lang='lat' dir='ltr'>non</span> <span class='ocrx_word' id='word_1_279' title='bbox 1062 2849 1298 2903; x_wconf 85' lang='lat' dir='ltr'>interioris,</span> <span class='ocrx_word' id='word_1_280' title='bbox 1336 2851 1410 2895; x_wconf 87' lang='lat' dir='ltr'>sed</span> <span class='ocrx_word' id='word_1_281' title='bbox 1441 2849 1658 2896; x_wconf 77' lang='lat' dir='ltr'>exterioris</span> 
     </span>
     <span class='ocr_line' id='line_1_36' title="bbox 263 2920 523 2955; baseline -0.008 -2"><span class='ocrx_word' id='word_1_282' title='bbox 263 2925 414 2955; x_wconf 80' lang='lat' dir='ltr'>ominis</span> <span class='ocrx_word' id='word_1_283' title='bbox 446 2920 523 2952; x_wconf 86' lang='lat' dir='ltr'>etc.</span> 
     </span>
    </p>
   </div>
  </div>
 </body>
</html>
