1759 3134
626 138 826 180 Homua
857 135 932 176 IX.
1404 133 1484 176 129

68 267 166 302 nae,
204 262 250 292 ut
289 267 383 292 eum
425 250 727 307 colaphizaret,
773 247 826 289 ne
863 248 1098 288 elevaretur
1136 244 1351 286 multumz'
1387 245 1483 301 quia

68 345 190 369 orans
230 340 271 369 et
311 329 538 384 deprecans
576 327 717 368 Deum
762 323 1005 380 impetravit
1048 339 1126 378 pro
1171 322 1316 364 multis
1359 338 1483 379 saepe

68 407 184 462 quod
226 405 366 461 petiit:
416 421 510 445 cum
554 416 692 445 autem
737 402 862 443 etiam
905 417 984 457 pro
1031 401 1112 441 hoc
1152 401 1360 456 petiisset,
1404 416 1483 441 nee

68 495 188 534 esset,
220 483 334 537 quod
363 481 553 537 petierat,
586 492 844 529 consecutus,
876 479 1035 520 dietum
1062 490 1122 519 est
1153 477 1210 518 ei:
1243 476 1483 531 ‚,susficit¹)

70 560 148 600 tibi
192 558 321 612 gratia
364 575 477 610 mea3
522 558 651 599 virtus
699 558 808 598 enim
854 557 896 597 in
941 554 1182 596 infirmitate
1225 554 1485 609 perficitur.“

73 638 259 692 Oportet
287 636 427 692 itaque
455 634 603 675 timere
635 651 744 684 eum,
776 634 848 690 qui
878 635 1012 675 adhuc
1042 634 1085 674 in
1115 647 1264 685 genere
1287 631 1485 681 humano,

69 725 113 753 et
147 713 191 754 in
228 713 304 754 hac
348 711 556 768 praesenti
594 711 688 752 luce
730 723 940 760 versatur,
980 727 1067 751 non
1101 709 1240 750 solum
1272 725 1341 759 ea,
1380 723 1486 763 quae

69 791 182 830 bona
210 801 410 846 putantur
437 788 480 828 in
507 789 688 838 saeculo,
719 790 793 829 sed
818 788 958 838 etiam,
989 804 1095 844 quae
1118 803 1215 827 vere
1237 787 1351 826 bona
1371 795 1487 825 sunt:

72 867 171 923 quia
201 882 348 919 magna
375 881 462 906 non
492 881 715 921 possumus
745 866 957 907 sustinere.
1015 864 1206 905 Exhibeo
1244 864 1298 904 ad
1335 863 1491 918 proba-

71 944 232 985 tionem
262 942 490 999 praesentis
520 943 746 984 sententiae
776 942 993 983 historiam
1016 941 1170 991 David,
1203 941 1246 981 in
1276 956 1357 996 qua
1390 936 1488 979 con-

71 1020 268 1061 scribitur
294 1019 339 1060 in
357 1018 504 1060 Uriam
524 1036 620 1060 eum
650 1020 907 1060 commisisse
936 1030 1169 1075 peccatum.
1215 1019 1325 1059 Ante
1341 1016 1489 1057 Uriam

72 1098 238 1137 nullum
276 1096 479 1137 delictum
518 1097 727 1153 reperitur
764 1098 806 1138 in
837 1096 998 1137 David:
1036 1098 1182 1137 beatus
1218 1095 1349 1136 homo
1389 1105 1489 1144 erat,

73 1187 115 1215 et
154 1175 241 1215 sine
281 1174 450 1229 querela
490 1174 533 1214 in
573 1186 802 1229 conspectu
840 1173 938 1214 Dei.
1010 1172 1121 1226 Quia
1158 1188 1258 1212 vero
1300 1171 1490 1213 conscius

74 1251 156 1291 sibi
193 1250 301 1291 vitae
342 1250 634 1291 immaculatae
674 1251 841 1291 locutus
880 1261 962 1300 est,
1002 1250 1118 1305 quod
1155 1265 1243 1289 non
1276 1250 1492 1298 debuerat,

77 1328 240 1368 dicens:
281 1328 467 1377 „exaudi
493 1328 535 1384 ²)
566 1327 752 1368 Domine
787 1326 990 1385 justitiam
1018 1342 1179 1366 meam:
1218 1326 1389 1366 intende
1422 1326 1493 1365 de-

76 1404 309 1460 precationi
349 1419 479 1444 mcae.
539 1403 722 1444 Auribus
761 1403 935 1459 percipe
975 1402 1211 1443 orationem
1239 1418 1377 1442 meam
1405 1418 1491 1442 non

76 1480 118 1520 in
148 1480 265 1520 labiis
297 1479 469 1519 dolosis.
527 1480 595 1519 De
627 1480 747 1519 vultu
784 1491 858 1520 tuo
890 1479 1092 1537 judicium
1121 1495 1266 1520 meum
1293 1480 1494 1535 prodeat:

76 1557 192 1598 oculi
220 1557 282 1597 tui
310 1556 479 1596 videant
509 1556 747 1612 aequitates.
806 1556 1002 1598 Probasti
1035 1573 1109 1598 cor
1136 1573 1294 1607 meum,
1326 1568 1367 1597 et
1397 1556 1493 1598 visi-

73 1634 170 1675 tasti
199 1646 347 1675 nocte:
377 1633 470 1686 igne
500 1650 568 1673 me
601 1633 856 1684 examinasti,
887 1645 929 1675 et
957 1650 1042 1675 non
1073 1645 1135 1674 est
1163 1633 1331 1674 inventa
1360 1633 1404 1672 in
1425 1648 1493 1672 me

77 1710 330 1766 iniquitas:“
369 1721 411 1750 et
440 1710 542 1750 haec
572 1710 695 1760 dixit,
739 1710 837 1765 quia
865 1710 1046 1752 visitatio
1075 1709 1162 1750 Dei
1188 1720 1366 1765 propter
1395 1725 1494 1749 con-

75 1788 294 1828 scientiam
332 1798 375 1827 et
412 1786 520 1827 vitae
563 1786 869 1829 beatitudinem
912 1788 1053 1829 eidem
1096 1796 1493 1842 repraesentaretur,

76 1876 257 1906 tentatus
287 1876 366 1913 est,
398 1874 440 1903 et
466 1864 645 1904 nudatus
676 1864 855 1915 auxilio,
891 1877 938 1905 ut
966 1865 1153 1914 videret,
1185 1863 1285 1919 quid
1315 1863 1493 1902 humana

77 1942 209 1998 possit
247 1941 474 1982 infirmitas.
549 1943 791 1983 Recedente
829 1943 986 1998 quippe
1023 1939 1235 1997 praesidio
1274 1939 1381 1989 Dei,
1419 1939 1492 1978 ille

76 2019 349 2069 castissimus,
393 2018 469 2059 ille
508 2019 767 2061 admirabilis
813 2019 857 2059 in
898 2019 1130 2076 pudicitia,
1175 2017 1249 2073 qui
1288 2017 1496 2057 audierat:

76 2097 148 2147 „si
171 2097 212 2153 ³)
241 2096 390 2136 mundi
418 2108 513 2137 sunt
542 2097 686 2153 pueri,
716 2097 895 2138 maxime
925 2113 948 2138 a
976 2096 1212 2137 muliere:“
1254 2105 1295 2134 et
1323 2109 1496 2149 accepe-
1514 2119 1524 2133 ·

78 2185 141 2215 rat
179 2173 469 2214 eucharistiam
508 2174 624 2229 quasi
660 2175 863 2224 mundus,
905 2189 992 2213 non
1034 2172 1176 2228 potuit
1217 2186 1497 2227 perseverare,

80 2252 155 2291 sed
194 2251 239 2291 in
281 2266 332 2291 eo
371 2247 563 2307 repertus
592 2250 881 2300 est‚crimine,
918 2249 963 2290 in
993 2266 1077 2305 quo
1108 2249 1188 2290 sibi
1218 2249 1335 2306 quasi
1366 2248 1502 2290 conti-

81 2341 182 2367 nens
220 2328 514 2383 applaudebat.
585 2328 632 2370 Si
672 2328 762 2384 quis
804 2344 902 2380 ergo
944 2327 1133 2368 conscius
1169 2326 1362 2383 puritatis
1401 2341 1497 2366 snae

81 2418 124 2443 se
156 2403 295 2458 ipsum
325 2405 636 2456 glorificaverit,
665 2404 753 2446 non
782 2406 937 2446 habens
967 2404 1217 2445 memoriam
1238 2403 1351 2444 illius
1376 2401 1498 2443 dicti:

84 2479 223 2534 „quid
247 2478 290 2536 ⁴)
327 2493 467 2522 autem
505 2483 650 2533 babes,
691 2482 808 2539 quod
843 2499 931 2524 non
970 2481 1199 2538 accepisti?
1274 2481 1320 2522 Si
1359 2491 1498 2521 autem

204 2647 245 2702 ι)
277 2647 316 2688 11
340 2647 437 2688 cor.
467 2648 566 2699 ΧΠ,
596 2649 634 2692 9.

206 2716 247 2772 ¹)
276 2717 430 2758 Psalm.
461 2718 599 2768 XVII,
637 2718 674 2760 1.
705 2719 743 2762 2.
773 2720 813 2764 3.
845 2721 1002 2778 (XVI.)

203 2787 245 2843 3)
279 2787 365 2829 Cfr.
398 2788 418 2827 I
439 2787 550 2829 Sam.
580 2788 698 2838 XXI,
728 2789 767 2831 4.
798 2790 839 2845 (Ι
855 2791 1006 2846 Regg.)

211 2855 253 2911 ⁴)
285 2858 306 2898 I
325 2857 424 2899 Cor.
453 2858 530 2908 IV,
557 2858 594 2899 7.

98 2932 315 2976 Omolzms
335 2934 504 2975 OPERA.
550 2933 670 2976 Tom.
690 2935 803 2976 XIV.
1179 2937 1204 2979 9
