1759 3134
227 145 283 189 90
629 143 853 185 Omossms
881 154 927 183 m
957 141 1248 183 Ezncnmuzm

228 274 280 298 es.
363 256 474 309 Quia
512 255 564 294 ad
601 266 643 295 te
686 255 802 305 veni,
852 267 891 296 et
933 254 1097 295 visitavi
1142 266 1183 293 te
1226 253 1479 310 projectam,
1526 272 1645 296 eausa

223 334 302 375 tibi
331 334 369 389 ¹)
400 334 533 373 sactus
563 348 655 373 sum
684 344 731 373 ut
760 331 1112 387 multiplicareris.
1173 330 1262 380 „Et
1285 331 1327 386 2)
1366 331 1645 387 multiplicata

226 428 286 460 es,
330 422 371 451 et
399 409 699 461 111agnificata.“
757 409 871 449 Dedi
900 421 942 449 te
973 409 1015 448 in
1046 408 1387 458 multitudinem,
1418 420 1459 449 et
1488 409 1645 460 magni-

228 489 437 538 tudinem,
466 487 510 527 id
544 498 622 536 est,
666 502 852 527 crescere
887 475 933 526 te.
957 486 1039 526 feei
1070 497 1111 525 ct
1140 485 1429 541 multiplicari.
1488 486 1571 527 Per
1600 486 1644 526 id

224 566 336 607 enim
375 566 490 621 quod
526 564 770 613 crescimus,
811 575 851 603 et
893 562 1237 618 multiplicamur.
1298 563 1448 616 „Et3)
1482 562 1643 603 intrasti

223 644 266 684 in
307 643 492 684 civitates
533 641 790 683 civitatum.“
852 641 1034 680 Rursum
1073 658 1233 682 errores
1275 640 1448 696 exponit
1476 641 1644 681 Jerusa-

222 721 307 762 lem
344 720 594 761 introeuntis
635 710 900 759 in'civitates
941 718 1168 759 civitatum.
1230 718 1464 772 Quomodo
1504 728 1643 757 autem

161 848 166 851 N
222 798 402 850 ingressa
438 797 491 838 sit
529 797 752 837 criminose
797 795 839 835 in
888 795 1074 836 civitates
1120 795 1358 845 civitatum,
1408 794 1645 835 considere-

221 892 327 915 mus.
380 873 482 929 ΒΝ)
513 892 590 930 per
619 874 797 926 singulas
830 873 1031 922 civitates,
1062 873 1103 913 in
1136 873 1285 928 quibus
1318 873 1507 912 haereses
1537 882 1646 921 sunt,

224 964 266 993 et
295 952 510 993 doctrinae
542 952 699 992 alienae
732 968 755 991 a
783 951 894 1000 Deo,
926 950 1182 1002 ingrediatur
1212 950 1419 1007 quispiam
1451 948 1644 990 ecclesia-

221 1030 360 1080 sticns,
393 1042 433 1070 et
462 1030 672 1085 particeps
704 1029 775 1068 fiat
800 1027 947 1068 talium
970 1027 1198 1078 civitatum,
1229 1028 1364 1069 audit:
1397 1026 1642 1081 „intrasti⁵)

220 1106 264 1146 in
294 1106 480 1146 civitates
512 1105 740 1146 civitatum.
792 1105 1003 1145 {flammae
1034 1117 1129 1145 tuae
1159 1117 1321 1145 erectae
1355 1112 1490 1146 sunt.“
1539 1105 1644 1145 Post

219 1194 331 1223 tanta
369 1182 543 1223 crimina
579 1198 745 1222 rursum
782 1181 984 1230 floruisti,
1024 1193 1064 1221 et
1104 1182 1219 1222 venit
1258 1182 1335 1222 tibi
1373 1195 1561 1236 tempus,
1601 1194 1642 1222 et

217 1271 384 1316 tempus
431 1258 743 1299 divertentium.
826 1257 996 1297 Dicitur
1044 1257 1167 1297 mihi:
1222 1258 1314 1298 noli
1358 1259 1642 1311 allegorizare,

218 1337 311 1377 noli
341 1354 418 1391 per
453 1337 631 1388 figuram
669 1352 892 1391 exponere.
952 1335 1274 1390 Respondeant,
1307 1352 1484 1391 quaeso:
1523 1336 1647 1376 Jeru-

217 1415 346 1454 salem
375 1430 577 1454 mammas
608 1414 754 1463 habet,
794 1424 835 1452 et
866 1423 926 1452 est
955 1413 1124 1467 quando
1155 1429 1242 1452 non
1273 1412 1544 1464 colligentur,
1584 1423 1645 1451 est

220 1493 388 1548 quando
421 1491 650 1542 erigantur:
696 1502 735 1530 et
764 1488 1014 1529 umbilicum
1051 1489 1196 1538 habet,
1237 1501 1298 1539 et,
1337 1489 1435 1544 quia
1463 1506 1549 1529 non
1581 1501 1642 1530 est

218 1569 452 1624 praecisus,
495 1567 692 1619 arguitur.
755 1566 990 1620 Quomodo
1031 1578 1207 1621 possunt
1242 1566 1319 1607 ista
1359 1566 1448 1606 sine
1484 1568 1641 1619 allego-

218 1647 303 1686 rica
334 1645 596 1700 expositione
628 1643 836 1695 intelligi?
882 1643 1186 1698 ‚‚iNIam1nae⁶)
1218 1654 1311 1683 tuae
1343 1656 1504 1684 erectae
1534 1656 1641 1694 sunt,

219 1734 259 1762 et
299 1722 474 1777 capillus
513 1733 609 1761 tuus
651 1732 818 1760 exortus
858 1726 960 1761 est.“
1021 1719 1129 1759 Cum
1170 1720 1286 1760 omni
1323 1721 1542 1761 honestate
1581 1738 1642 1771 ea,

218 1816 322 1854 quae
353 1800 493 1840 solent
525 1798 732 1851 virginum
766 1797 932 1838 evenire
964 1796 1236 1852 corporibus,
1275 1798 1473 1839 describit
1502 1783 1641 1839 sernio

219 1877 397 1917 divinus.
456 1876 540 1926 „Et
558 1876 599 1931 ⁷)
631 1875 809 1931 capillus
842 1887 936 1915 tuus
971 1886 1138 1914 exortus
1157 1875 1201 1930 8)
1235 1887 1314 1916 est:
1344 1887 1391 1916 tu
1421 1893 1522 1916 vero
1555 1894 1642 1918 eras

214 1955 348 2004 nuda,
390 1965 430 1993 et
461 1954 774 1994 dehonestata.“
837 1951 924 2005 Qui
953 1966 1040 1990 non
1073 1961 1134 1990 est
1160 1951 1307 1991 Jesum
1338 1952 1550 1994 Christum
1580 1954 1643 1993 in-

217 2032 361 2080 dutus,
392 2030 460 2070 hic
489 2031 626 2070 nudus
659 2041 741 2071 est:
776 2028 847 2084 qui
876 2043 963 2067 non
995 2038 1056 2067 est
1085 2027 1256 2068 indutus
1287 2029 1443 2070 viscera
1471 2031 1641 2072 misera-

214 2105 364 2156 tlonis,
394 2105 682 2157 benignitatis,
712 2104 984 2154 humilitatis,
1013 2106 1365 2157 mansuetudinis,
1391 2107 1641 2160 longanimi-

214 2183 324 2233 tatis,
353 2194 400 2223 ut
429 2183 672 2238 proximum
701 2184 919 2233 sustineat,
942 2182 1020 2222 iste
1046 2182 1342 2224 dehonestatus
1367 2197 1439 2226 est.
1485 2187 1581 2237 „Tu
1596 2188 1642 2242 9)

335 2309 375 2364 ¹)
405 2309 516 2349 Edd.
548 2308 744 2350 Merlini:
776 2308 850 2349 tui.

332 2380 373 2436 ²)
404 2379 555 2419 Ezech.
586 2380 702 2429 XVI,
736 2378 772 2421 7.
894 2380 936 2436 3)
968 2380 1118 2423 Ezech.
1149 2381 1266 2431 XVI,
1293 2381 1329 2423 7.

331 2449 374 2505 4)
403 2450 453 2490 R.
485 2449 528 2490 in
558 2449 691 2490 notis:
733 2449 912 2490 Catenae
943 2451 1043 2490 Blss.
1088 2448 1284 2504 ,,Πόλεις
1313 2449 1493 2495 πόλεών
1523 2457 1638 2496 εἰσιν

215 2523 263 2562 αἱ
293 2522 495 2578 αἱρέσεις.
551 2517 743 2573 Ἑκάστη
775 2518 868 2576 γὰρ
900 2523 1067 2575 αἵρεσις
1096 2521 1217 2563 ἴδιον
1247 2519 1393 2578 νόμον
1423 2524 1528 2578 ἔχει,
1560 2528 1637 2566 καὶ

213 2590 340 2633 ῗδίαν
369 2594 617 2644 πολιτείαν,
663 2591 739 2631 καὶ
768 2587 795 2643 ἡ
825 2595 1039 2648 κρείττων
1073 2595 1150 2633 καὶ
1181 2594 1228 2633 αἱ
1252 2597 1470 2648 χείρονες.
1530 2597 1637 2642 Πῶς

215 2660 266 2703 δὲ
296 2663 370 2702 καὶ
402 2661 449 2702 ἐκ
480 2664 616 2707 ποίας
645 2663 891 2716 εἰσέρχεται
922 2659 1030 2713 αὐτὴ
1062 2659 1087 2714 ἡ
1122 2661 1270 2718 ψυχὴ,
1303 2660 1467 2715 ζήτει.“’

333 2731 373 2786 ⁵)
396 2730 547 2770 Ezeeh.
564 2730 680 2777 XVI,
700 2730 736 2771 7.
786 2730 828 2785 6)
847 2730 998 2773 Ezech.
1015 2733 1130 2781 XVI,
1150 2732 1185 2776 7.
1238 2732 1445 2788 ⁷)Ezech.
1461 2735 1576 2784 XVI,
1596 2734 1633 2776 7.

332 2801 375 2855 S)
406 2800 513 2840 Edd.
546 2800 741 2840 Merlini:
775 2813 959 2843 extortus
994 2814 1063 2843 est.

333 2870 376 2926 9)
406 2870 556 2911 Ezech.
589 2871 704 2919 XVI,
737 2870 773 2911 7.
804 2871 842 2914 8,
