1738 3134
663 155 861 196 HommA
893 154 923 193 Ι.
1453 155 1505 198 13

82 286 130 309 ea
164 268 203 322 ¹)
235 268 451 316 sustinent,
492 266 745 307 constituta?
796 265 993 306 Ausculta
1034 267 1215 306 eundem
1255 266 1504 320 prophetam

82 345 315 385 dicentem:
357 345 510 394 „habes
535 344 578 399 2)
609 344 808 384 carbones
839 341 965 393 ignis,
1002 343 1164 382 sedebis
1194 358 1320 397 super
1350 358 1445 391 eos,
1476 343 1505 382 ii

83 434 206 462 erunt
237 422 315 462 tibi
345 420 597 479 adjutorio.“
658 420 771 460 Haec
812 419 1036 473 opoltebat
1076 420 1353 467 abscondere,
1394 430 1435 459 et
1464 419 1504 459 in

84 500 273 540 medium
311 515 397 539 non
435 497 649 551 proferre,
698 496 771 534 sed
821 495 1020 535 haeretici
1056 511 1132 535 nos
1172 495 1418 550 impellunt,
1460 508 1506 536 ut

84 577 258 617 celanda
300 576 522 615 efferamus
563 572 606 612 in
645 572 887 627 publicum:
932 572 1027 627 quia
1063 583 1173 611 tecta
1212 583 1306 611 sunt
1346 572 1507 613 utiliter

85 655 198 709 apud
228 669 312 701 eos,
345 651 417 706 qui
441 650 482 704 ³)
514 650 647 689 adhuc
679 649 843 704 parvuli
871 648 985 706 juxta
1015 648 1175 689 animae
1203 660 1381 689 aetatem
1400 661 1505 699 sunt,

85 729 157 785 qni
187 740 302 769 metu
332 727 518 778 indigent
547 726 854 778 magistrorum,
892 725 1014 765 minis
1045 736 1086 765 et
1114 726 1347 766 terroribus
1378 726 1506 766 corri-

84 805 230 861 piendi
258 816 366 854 sunt,
406 815 453 843 ut
485 803 647 859 possint
677 803 876 859 consequi
907 803 1152 851 bonitatem,
1192 814 1239 842 ut
1266 819 1344 858 per
1373 819 1510 843 amara

84 881 271 923 remedia
323 898 346 921 a
391 880 635 921 vulneribus
686 868 962 936 peccatorum
1011 879 1241 934 aliquando
1297 880 1506 919 desistant.

87 961 268 1014 Semper
301 958 417 998 enim
454 970 708 998 sacramenta
739 957 822 998 Dei
862 969 1042 1012 propter
1069 957 1267 1011 parvulos
1297 957 1509 996 auditores

86 1034 362 1075 velaminibus
389 1034 637 1089 quibusdam
663 1035 923 1090 operiuntur.
967 1033 1137 1087 „Quam
1162 1033 1201 1088 ³)
1231 1048 1376 1084 magna
1400 1032 1511 1071 mul-

85 1112 221 1153 titudo
255 1111 488 1152 dulcedinis
519 1123 637 1162 tuae,
669 1111 880 1160 Domine,
920 1128 1046 1166 quam
1076 1109 1331 1151 abscondisti
1360 1109 1511 1149 timen-

85 1189 196 1230 tibus
226 1189 325 1230 te!“
383 1187 503 1239 Legis
545 1200 584 1228 et
623 1190 927 1245 prophetarum
956 1189 1073 1228 Deus
1113 1187 1333 1227 abscondit
1367 1186 1510 1226 multi-

86 1265 278 1306 tudinem
306 1263 506 1304 bonitatis
536 1280 633 1304 suae
662 1281 749 1304 non
771 1265 1053 1317 dilig-entibus,
1083 1265 1156 1305 sed
1182 1263 1428 1304 timentibus
1452 1280 1507 1303 se.

86 1340 257 1382 Parvuli
288 1339 444 1396 quippe
483 1352 599 1390 sunt,
637 1357 715 1382 nec
752 1353 928 1396 possunt
969 1358 1063 1381 cum
1099 1342 1392 1381 emolumento
1431 1356 1507 1380 suo

88 1419 262 1466 discere,
294 1416 408 1472 quod
439 1429 630 1457 amentur
660 1435 683 1458 a
713 1430 845 1473 patre,
882 1436 933 1458 ne
966 1418 1258 1466 dissolvantur,
1287 1434 1338 1457 ne
1372 1416 1510 1471 despi—

89 1494 198 1535 ciant
225 1493 460 1534 bonitatem
487 1493 584 1534 Dei.
630 1493 908 1550 Quapropter
939 1512 1034 1535 eum
1065 1494 1245 1536 audieris
1277 1494 1326 1533 de
1358 1492 1511 1548 populi

90 1571 355 1628 captivitate,
397 1572 519 1612 crede
558 1571 729 1627 quidem
761 1588 858 1613 vere
889 1572 1087 1613 accidisse
1118 1589 1211 1612 eam
1238 1570 1353 1628 juxta
1382 1570 1511 1610 histo-

87 1649 171 1689 riae
202 1648 344 1697 fidem‚
372 1649 449 1688 sed
478 1648 522 1688 in
550 1649 713 1701 signum
742 1650 804 1689 rei
834 1649 1003 1690 alterius
1032 1649 1316 1705 praecessisse,
1349 1659 1388 1687 et
1414 1649 1511 1687 sub-

87 1741 264 1781 sequens
301 1724 551 1776 significasse
592 1726 848 1782 mysterium.
907 1728 1015 1767 Nam
1048 1738 1094 1766 et
1129 1738 1198 1775 tu,
1240 1723 1509 1780 qui-vocaris

88 1800 238 1850 fidelis,
270 1800 342 1855 qui
373 1802 578 1856 conspicis
602 1818 772 1857 pacem:
804 1826 855 1832 --
879 1803 1065 1844 Christus
1090 1803 1248 1859 quippe
1270 1817 1349 1857 pax
1368 1812 1509 1840 nostra

90 1889 150 1918 est
182 1894 255 1917 —:
299 1876 341 1916 in
380 1876 613 1918 Jerusalem
653 1879 940 1921 commoraris.
1000 1880 1047 1922 Si
1086 1891 1227 1920 autem
1255 1877 1509 1933 peccaveris,

90 1954 355 2008 derelinquet
392 1964 432 1993 te
473 1954 654 1995 visitatio
692 1956 798 2007 Dei,
843 1968 884 1997 et
928 1957 1104 1997 traderis
1143 1955 1329 2011 captivus
1369 1956 1511 1995 Nabu-

88 2031 372 2081 chodonosor,
394 2042 444 2071 -et
474 2032 649 2073 traditus
680 2033 844 2074 duceris
875 2033 916 2074 in
941 2034 1218 2092 Babylonem.
1265 2032 1372 2073 Cum
1399 2030 1510 2070 enim

90 2109 263 2149 confusa
299 2107 426 2148 suerit
465 2109 602 2150 anima
631 2121 702 2151 tua
732 2127 755 2151 a
783 2110 894 2151 vitiis
925 2122 966 2151 et
994 2108 1402 2167 perturbationibus,
1440 2109 1510 2147 ab-

90 2184 252 2225 duceris
293 2184 337 2224 in
363 2184 651 2242 Babylonem,
690 2187 890 2242 quoniam
917 2188 1110 2246 Babylon
1150 2186 1341 2228 confusio
1383 2185 1510 2225 inter-

90 2273 289 2317 pretatur.
347 2261 402 2302 Et
441 2263 475 2303 si
511 2279 678 2304 rursum
707 2265 1013 2319 poenitentiam
1039 2264 1196 2317 egeris,
1235 2276 1275 2304 et
1304 2279 1382 2318 per
1412 2279 1511 2303 con·
1550 2303 1552 2305 ,

95 2338 328 2379 versionem
381 2339 468 2379 veri
518 2341 655 2381 cordis
698 2342 1033 2383 misericordiam
1078 2342 1164 2382 Dei
1208 2339 1509 2397 impetraveris,

91 2414 272 2455 mittitur
299 2415 377 2456 tibi
405 2416 579 2466 Esdras,
626 2417 698 2473 qui
735 2430 776 2458 te
814 2421 1008 2470 reducat,
1055 2431 1096 2460 et
1131 2418 1350 2459 aedificare
1387 2416 1511 2457 faciat

90 2491 334 2533 Jerusalem.
391 2493 543 2534 Esdras
575 2492 732 2549 quippe
762 2494 1060 2552 interpretatur
1091 2495 1280 2553 adjutor,
1308 2506 1350 2534 et
1380 2493 1511 2534 mitti-

211 2665 251 2720 ¹)
283 2664 389 2704 Edd.
421 2664 613 2708 Merlini:
655 2681 696 2710 et
725 2672 939 2713 sustinent.

207 2734 251 2789 ²)
286 2734 371 2776 Csr.
402 2734 524 2774 Jesai.
557 2736 728 2788 XLVII,
761 2740 824 2783 1-1.
856 2741 920 2784 15.

208 2803 252 2859 ³)
282 2804 389 2845 Edd.
422 2804 615 2846 Merlini:
659 2808 765 2862 quia.

209 2872 253 2928 ⁴²)
281 2873 434 2916 Psalm.
455 2873 615 2924 XXXI,
648 2875 711 2920 19.
748 2878 928 2934 (XXX.)
