1738 3134
636 152 834 193 HommA
865 152 895 191 Ι.
1422 153 1469 197 11

57 263 189 321 justos
223 274 262 303 et
293 261 466 319 injustos
481 268 526 303 “2
567 278 652 321 nou
681 263 821 303 solum
850 262 983 312 hunc,
1025 281 1149 320 quem
1182 265 1314 306 oculis
1345 267 1476 306 cerni-

60 356 151 381 mus
181 340 338 390 solem,
368 341 442 380 sed
474 351 513 380 et
543 339 664 379 illum
693 340 852 389 solem,
893 340 963 395 qui
995 342 1128 382 oculis
1159 343 1308 383 mentis
1339 344 1477 399 adspi-

63 416 179 457 citur.
239 417 329 469 Ego
362 417 494 457 malus
527 432 660 466 eram,
702 429 742 457 et
782 428 896 457 ortus
940 429 999 458 est
1034 419 1137 458 mihi
1177 421 1239 459 sol
1280 420 1475 478 justitiae.

62 494 152 547 Ego
184 495 317 535 malus
349 511 473 544 eram,
506 506 546 534 et
576 493 689 534 venit
718 511 845 549 super
872 512 939 534 me
971 496 1114 551 pluvia
1144 496 1337 553 justitiae.
1390 498 1477 538 Bo-

62 572 167 612 nitas
197 573 281 613 Dei
314 584 373 612 est
404 570 525 612 etiam
556 570 598 611 in
630 571 705 620 his,
738 588 842 627 quae
873 588 1010 613 amara
1039 572 1336 614 existimantur.
1370 575 1407 629 ¹)

175 649 213 693 3.
271 649 402 702 Igitur
446 650 489 688 in
528 648 766 704 captivitate
789 646 832 706 2)
873 649 1119 690 constitutus
1162 662 1222 690 est
1258 651 1479 706 propheta,

66 739 107 766 et
141 743 285 776 cerne,
316 742 419 782 quae
449 726 610 775 videat,
640 741 691 765 ne
725 726 895 767 dolores
926 727 1074 768 sentiat
1106 727 1376 783 captivitatis:
1409 729 1480 768 ‹le-

67 820 209 843 orsum
238 803 352 844 videt
382 804 569 851 labores,
599 804 673 843 sed
703 819 866 843 sursum
887 803 929 859 ³)
963 805 1128 845 elevans
1159 805 1330 855 oculos,
1360 821 1480 860 aper-

64 892 130 921 tos
168 879 342 936 suspicit
380 880 544 930 coelos,
586 879 720 920 cernit
760 880 839 922 sibi
879 893 1058 923 reserata
1098 883 1318 932 coelestia,
1366 883 1480 924 videt

65 957 382 998 similitudinem
414 956 572 1009 gloriae
588 957 687 1007 Dei,
717 957 833 998 videt
864 970 1044 1014 quatuor
1076 959 1283 1010 animalia,
1314 961 1365 1000 ‹le
1393 960 1483 1015 qui-

64 1035 142 1075 bus
169 1035 327 1076 multus
363 1051 527 1084 sermo,
568 1045 609 1074 et
647 1034 833 1076 difficilis
873 1035 1163 1091 interpretatio
1205 1049 1277 1078 est.
1339 1037 1484 1078 Cernit

64 1112 249 1166 aurigam
279 1125 458 1169 quatuor
482 1111 737 1152 animalium.
786 1112 930 1154 Cernit
959 1125 1070 1154 rotas
1099 1131 1142 1154 se
1173 1114 1353 1155 invicem
1385 1131 1484 1155 con-

65 1190 257 1231 tinentes.
311 1190 465 1242 Auriga
496 1201 675 1245 quatuor
705 1189 948 1230 animalium
978 1207 1062 1231 non
1093 1202 1207 1231 totus
1239 1204 1298 1231 est
1329 1192 1484 1244 igneus,

67 1267 141 1306 sed
177 1268 290 1322 pube
326 1279 448 1307 tenus
488 1283 510 1306 a
540 1265 740 1320 pedibus,
782 1278 823 1306 et
854 1266 1001 1306 exinde
1030 1283 1162 1323 usque
1193 1269 1244 1308 ad
1274 1286 1486 1310 summum

70 1343 216 1383 electri
248 1344 413 1396 fulgore
453 1342 608 1383 rutilat.
667 1339 764 1383 Non
806 1343 916 1383 enim
955 1345 1093 1384 solum
1123 1356 1332 1386 tormenta
1362 1347 1488 1388 habet

68 1421 204 1460 Deus:
235 1432 332 1460 sunt
359 1420 403 1460 in
435 1436 484 1459 eo
519 1419 643 1460 etiam
673 1419 898 1471 refrigeria.
958 1419 1086 1460 Punit
1116 1433 1382 1476 peccatore5‚
1412 1424 1488 1464 sed

67 1513 144 1552 per
174 1513 220 1537 ea
249 1496 499 1547 ministeria,
539 1513 643 1553 quae
676 1498 874 1537 deorsum
903 1509 1010 1537 sunt.
1069 1499 1215 1554 Neque
1247 1499 1359 1540 enim
1389 1517 1490 1556 pro-

66 1574 190 1629 pheta
220 1573 359 1625 ignem
387 1573 493 1615 vidit
521 1574 564 1614 in
598 1573 755 1629 capite,
777 1573 820 1629 ⁴)
862 1585 932 1614 aut
962 1573 1006 1613 in
1035 1574 1096 1615 his
1127 1576 1351 1627 membris,
1384 1595 1489 1633 quac

69 1667 91 1691 a
121 1651 364 1692 lumborum
406 1651 588 1709 confinio
630 1651 682 1691 ad
722 1667 884 1691 summa
923 1665 1189 1705 consurgunt.
1249 1654 1399 1704 Igneus
1431 1666 1492 1695 est

69 1728 305 1779 Dominus,
345 1730 419 1769 sed
458 1745 480 1769 a
519 1728 689 1768 renibus
718 1744 851 1783 usque
882 1729 933 1768 ad
963 1729 1115 1783 pedes,
1155 1740 1203 1768 ut
1232 1729 1493 1771 demonstret

72 1822 166 1856 eOS,
208 1805 280 1862 qui
318 1806 362 1846 in
398 1804 665 1858 generatione
707 1816 942 1854 versantur,
981 1804 1075 1856 igne
1105 1804 1304 1858 indigere.
1363 1808 1491 1849 Renis

72 1883 231 1940 quippe
272 1883 405 1923 coitus
443 1880 689 1934 significatio
722 1892 794 1922 est.
854 1882 1005 1922 Adhuc
1034 1881 1077 1922 in
1110 1883 1263 1923 lumbis
1286 1884 1327 1939 ⁵)
1361 1884 1494 1926 Abra-

70 1960 167 2000 ham
205 1959 333 2016 patris
374 1971 460 2000 erat
487 1958 614 2008 Levi,
654 1958 821 2014 quando
866 1957 904 1998 ei
943 1958 1128 1999 occurrit
1165 1960 1492 2002 BIelchisedech.

71 2037 127 2077 Et
166 2037 209 2076 in
248 2036 412 2092 psalmo
452 2035 625 2076 dicitur:
677 2036 766 2085 „de
791 2036 832 2091 ⁶)
879 2036 1021 2075 fructu
1066 2035 1200 2075 lumbi
1239 2037 1302 2077 tui
1340 2055 1497 2094 ponam

73 2130 201 2170 super
237 2115 382 2155 sedem
420 2119 597 2154 meam.“
657 2114 807 2165 Igneus
839 2124 900 2153 est
931 2129 953 2153 a
982 2112 1152 2154 renibus
1181 2131 1314 2170 usque
1345 2117 1397 2155 ad
1427 2117 1499 2156 de-

76 2207 219 2231 orsum
247 2191 471 2232 Dominus.
531 2189 826 2231 Generationis
849 2189 890 2247 ⁷)
930 2189 1042 2230 enim
1082 2202 1123 2230 et
1153 2190 1339 2232 libidinis
1371 2209 1500 2248 opera

77 2269 284 2320 gehennae
323 2267 543 2324 suppliciis
585 2267 883 2323 corripiuntur.
956 2268 1105 2320 Igneus
1148 2279 1208 2308 est
1246 2269 1387 2319 Dem,
1427 2270 1500 2310 sed

201 2448 240 2504 ¹)
270 2450 379 2491 Edd.
409 2449 604 2492 Merlini:
635 2449 921 2492 aestimantur.

198 2517 242 2572 2)
271 2518 349 2559 Ed.
382 2520 516 2560 Ruaei
545 2536 789 2576 perperam:
824 2519 1003 2560 civitate.

199 2586 242 2642 3)
272 2587 381 2628 Edd.
411 2590 584 2630 Merlini
613 2607 855 2646 perperam:
886 2607 1065 2631 rursum.
1100 2613 1149 2619 -—
1183 2591 1269 2633 Csr.
1299 2590 1449 2631 Ezech.
1474 2590 1504 2629 l.

203 2656 245 2713 ⁴)
276 2658 383 2698 Edd.
414 2659 474 2699 M.
505 2676 747 2715 perperam:
781 2659 1030 2716 captivitate.

204 2728 245 2783 ⁵)
278 2728 364 2769 Csr.
395 2729 523 2769 chr.
553 2730 649 2779 VII,
681 2730 746 2773 10.

203 2799 246 2852 6)
280 2798 364 2839 Csr.
396 2799 548 2839 Psalm.
582 2799 801 2850 CXXXII,
834 2800 897 2844 11.
932 2800 1172 2855 (CXXXl.)

206 2868 247 2923 ἲ)
279 2869 387 2909 Edd.
418 2868 612 2910 Men-lini:
646 2869 949 2912 Generationcs
982 2870 1092 2911 enim
1124 2883 1202 2911 etc.
