1759 3134
216 141 299 187 392
502 144 722 183 Omossms
753 154 796 182 m
830 143 1012 184 CAN-ric.
1045 141 1345 183 CAxrreomm

210 258 350 311 grinus
382 273 423 300 et
452 258 611 299 alienus
643 267 845 297 occurrat.
906 256 960 295 Et
991 256 1102 295 forte
1136 257 1191 295 ob
1236 256 1316 296 hoc
1359 256 1532 312 requirit
1565 258 1638 300 ista

215 339 330 388 loca,
370 338 410 378 in
444 337 594 394 quibus
625 333 757 391 pascit
788 350 965 389 sponsus
1008 349 1107 373 oves
1145 349 1259 382 suas,
1309 334 1409 387 et¹)
1456 336 1640 376 ostendit

215 416 251 455 ci
283 415 579 457 verecundiam
611 429 749 460 suam,
788 428 866 467 pro
901 427 981 466 qua
1010 427 1095 451 non
1128 410 1219 451 vult
1250 410 1464 452 incurrere
1497 428 1638 465 greges

214 493 444 535 sodalium:
476 504 524 534 ut
552 491 627 532 ille
657 501 843 543 segreget
876 505 972 530 oves
1004 505 1095 529 suas
1126 505 1149 529 a
1179 488 1414 539 sodalibus,
1448 501 1488 530 et
1504 491 1547 545 ²)
1578 507 1639 531 se-

215 588 358 612 orsum
393 582 555 628 pascat:
587 580 634 609 ut
664 584 749 609 non
780 567 921 608 solum
949 582 1102 622 sponsa
1126 583 1214 607 non
1239 566 1432 608 videatur
1456 569 1507 608 ab
1539 567 1644 619 aliis,

215 650 289 690 sed
320 660 361 690 et
391 648 549 690 arcanis
579 643 1012 701 ineffabilibusque-³)
1042 643 1250 703 mysteriis
1275 644 1419 701 sponsi
1443 646 1643 687 secretius

215 728 467 783 perfruatur.
528 727 651 767 Nunc
683 738 781 775 ergo
822 721 1037 764 videamus
1069 739 1147 778 per
1184 721 1357 775 singula.
1416 723 1470 764 Et
1501 724 1642 780 primo

215 804 388 861 quidem
420 804 544 853 vide,
575 802 608 843 si
641 817 864 858 possumus
897 800 1059 850 dicere,
1107 801 1223 856 quod
1252 801 1487 851 Dominus,
1529 801 1645 860 cujus

213 881 358 938 portio
399 881 481 922 fuit
517 880 675 929 Jacob,
736 890 776 920 et
818 877 1029 918 funiculus
1069 877 1337 920 haereditatis
1379 878 1466 938 ejus
1502 880 1647 930 Israel,

216 959 305 1015 ipse
322 960 364 1014 ἰ)
395 958 694 1012 intelligendus
725 956 778 998 sit
809 971 1007 1012 sponsuS,
1050 956 1214 997 sodales
1256 973 1358 997 vero
1399 956 1485 1015 ejus
1503 958 1544 1014 5)
1576 974 1647 998 an-

216 1037 308 1090 geli'
328 1036 407 1087 illi,
439 1037 491 1078 ad
523 1052 706 1093 quorum
734 1049 960 1075 numerum
992 1034 1186 1090 „cu1n⁶)
1220 1033 1429 1075 divideret
1461 1035 1648 1076 excelsus

215 1126 378 1168 gentes,
429 1125 469 1155 et
501 1113 762 1169 dispergeret
791 1110 904 1151 filios
934 1110 1095 1159 Adam,
1136 1110 1281 1152 statuit
1309 1111 1514 1153 terminos
1549 1129 1646 1165 gen-

213 1191 322 1233 tium
361 1191 594 1232 secundum
634 1204 881 1239 numerum,
925 1198 972 1228 ut
1004 1186 1082 1238 ait,
1131 1188 1377 1241 angelorum
1415 1188 1559 1230 Dei:“
1606 1202 1648 1232 et

214 1268 283 1309 isti
312 1267 394 1309 sint
425 1268 612 1309 fortassis
643 1283 786 1321 greges
818 1265 1028 1307 sodalium
1063 1265 1221 1322 sponsi,
1258 1277 1400 1319 gentes
1430 1266 1648 1324 scilicet7)

218 1357 415 1396 cunctae,
457 1362 562 1403 quae
593 1346 710 1387 velut
740 1361 897 1402 pecora
927 1345 1003 1385 sub
1036 1343 1192 1397 angelis
1220 1344 1461 1400 pastoribus
1493 1345 1646 1387 consti—

215 1435 331 1467 tutae
360 1435 478 1466 sunt:
526 1440 622 1477 grex
652 1440 754 1465 vero
786 1422 930 1479 sponsi
961 1421 1119 1478 illae3)
1151 1420 1364 1472 dicantur,
1412 1423 1463 1464 de
1496 1423 1647 1480 quibus

218 1502 306 1559 ipse
338 1503 381 1543 in
413 1502 630 1555 evangelio
663 1501 790 1543 dixit:
831 1516 966 1552 „oves
982 1500 1024 1556 9)
1055 1515 1174 1541 meae
1219 1516 1370 1542 vocem
1406 1517 1545 1542 meam
1576 1519 1646 1544 au-

219 1579 389 1622 diunt.“
450 1578 560 1621 Vide
592 1578 727 1629 enim,
760 1590 801 1619 et
833 1580 1106 1620 observanter
1135 1577 1320 1629 intende,
1353 1579 1552 1635 quoniam
1585 1580 1646 1622 di-

217 1657 297 1699 xit:
329 1673 467 1709 „oves
486 1657 554 1711 ¹⁰)
594 1662 770 1698 meae:“
801 1657 918 1714 quasi
948 1656 1031 1697 sint
1062 1667 1104 1696 et
1134 1655 1240 1697 aliae
1272 1671 1394 1707 oves,
1428 1674 1532 1714 quae
1562 1675 1648 1700 non

220 1737 302 1778 sint
343 1735 431 1795 ejus
450 1736 460 1760 ¹
479 1736 542 1791 ¹),
577 1734 685 1776 sicut
717 1745 758 1776 et
787 1734 877 1790 ipse
918 1733 961 1775 in
993 1732 1085 1774 aliis
1127 1732 1253 1774 dixit:
1300 1751 1410 1785 „vos
1437 1735 1506 1792 12)
1538 1736 1650 1778 enim

219 1831 304 1856 non
337 1813 433 1855 estis
478 1814 531 1854 de
565 1812 714 1854 ovibus
750 1811 907 1857 meis.“
968 1810 1091 1865 Quae
1133 1810 1295 1864 singula
1335 1811 1434 1854 huic
1477 1815 1648 1857 occulto

219 1893 419 1951 mysterio
452 1890 752 1934 convenienter
782 1889 1040 1931 videbuntur
1078 1888 1225 1945 aptari.
1287 1888 1408 1945 Quae
1447 1891 1481 1933 si
1520 1892 1577 1935 ita
1606 1911 1649 1936 se

342 2076 381 2132 ¹)
411 2077 578 2118 Desunt
609 2076 756 2116 verba:
794 2086 872 2125 „et
904 2073 1091 2116 ostendit
1122 2101 1172 2107 ——-
1205 2091 1345 2124 suam,
1373 2091 1453 2131 pro
1486 2094 1566 2134 qua
1600 2105 1649 2112 .-

222 2132 452 2175 sodalium:
485 2145 533 2174 ut
563 2132 638 2173 ille
668 2143 855 2185 segreget
886 2147 986 2173 oves
1016 2138 1172 2183 suas,“
1203 2131 1245 2173 in
1278 2131 1371 2174 edd.
1404 2132 1464 2178 M⁴

341 2204 383 2261 ²)
415 2204 525 2245 Edd.
558 2204 618 2244 Μ.
652 2208 785 2253 ‚,ut.“

339 2275 382 2332 ³)
413 2274 523 2316 Edd.
554 2274 615 2316 Μ.
648 2284 727 2324 „et
755 2270 1056 2314 ineffabilibus.
1069 2278 1094 2297 “

340 2345 384 2400 4)
417 2345 551 2395 Deest
581 2344 707 2400 „ipse
721 2350 744 2369 ‘⁴
776 2343 821 2385 in
852 2345 916 2385 ed.
947 2344 998 2384 R.

344 2417 386 2474 ⁵)
416 2416 551 2458 Deest
579 2414 743 2473 ‚,ejus“
774 2416 819 2458 in
850 2416 944 2456 edd.
975 2414 1038 2457 M.

346 2487 388 2544 6)
421 2487 507 2530 Cfr.
538 2488 667 2529 Deut.
699 2487 886 2537 XXXII,
916 2485 957 2529 8.

344 2557 386 2614 ⁷)
417 2558 551 2600 Deest
580 2557 818 2609 ‚,scilicet“
850 2557 892 2598 in
923 2557 1016 2600 edd.
1048 2558 1109 2599 M.

342 2628 386 2682 8)
421 2627 492 2671 Sic
520 2629 622 2671 Mss.
667 2628 785 2670 Libri
824 2645 924 2670 vero
964 2627 1067 2670 editi
1110 2629 1166 2685 (e.
1200 2645 1236 2671 e.
1268 2630 1363 2671 edd.
1395 2631 1500 2688 M.):
1541 2633 1651 2685 „ille

227 2685 374 2728 ovium
392 2685 566 2736 dicatur,
598 2686 649 2727 de
673 2686 824 2743 quibus
844 2685 934 2742 ipsa
949 2685 993 2727 in
1009 2685 1226 2739 evangelio
1243 2686 1395 2729 veritas
1413 2688 1558 2732 dixit.“
1599 2692 1647 2732 R.

343 2757 386 2815 9)
417 2757 493 2798 Ev.
524 2758 677 2799 Joann.
708 2757 763 2807 X,
793 2756 859 2799 27.
983 2756 1054 2814 ¹⁰)
1084 2756 1162 2798 Ev.
1192 2757 1344 2798 Joann.
1373 2757 1430 2809 X,
1460 2758 1528 2803 27.

314 2827 385 2884 ¹¹)
415 2825 525 2869 Edd.
555 2826 752 2869 Merlini:
777 2826 905 2886 „ejus.
962 2826 1021 2868 Et
1049 2825 1168 2882 ipse“
1199 2838 1278 2869 etc.

316 2896 386 2953 ¹²)
415 2896 491 2941 Ev.
520 2896 672 2942 Joann.
701 2897 756 2950 X,
785 2897 854 2943 26.
885 2926 939 2936 -
968 2896 1103 2940 Deest
1131 2929 1157 2950 ‚,
1171 2897 1284 2941 enim
1298 2903 1324 2924 “
1354 2898 1400 2941 in
1430 2900 1524 2943 edd.
1555 2901 1618 2945 M.

1756 181 1759 259 1
