1759 3134
221 131 301 176 166
624 136 845 179 Offlfflzms
875 147 919 177 m·
949 133 1242 177 Ezucuffluzm

226 246 279 287 de
311 245 554 287 conditione
585 257 655 287 tua
697 247 864 289 dicebas
890 249 951 303 ¹),
993 263 1089 288 ecce
1127 247 1315 303 plangis;
1361 259 1402 289 et
1439 249 1535 300 ille,
1578 254 1649 308 qui

230 339 350 364 carne
390 339 475 363 non
519 334 579 364 est
623 324 924 374 circumdatus,
969 340 990 364 a
1031 335 1072 364 te
1116 323 1351 379 plangitur:
1395 337 1566 367 vocatus
1611 344 1654 369 es

231 399 343 441 enim
382 400 425 440 in
469 415 560 442 eam
599 418 739 457 spem,
779 403 831 443 de
873 418 953 458 qua
985 401 1057 441 ille
1092 401 1254 442 cecidit.
1313 402 1494 444 Peccato
1526 405 1655 445 Israel

230 476 339 517 salus
378 477 570 530 gentibus
609 479 872 520 subintravit.
931 479 1112 519 Audebo
1159 478 1320 533 aliquid
1359 481 1554 522 sacratius
1593 482 1656 522 di-

231 569 345 594 cere:
386 553 429 595 in
460 555 604 597 locum
634 558 900 610 angelorum,
942 556 1014 611 qui
1054 567 1252 605 ruerunt,
1297 568 1342 597 tu
1381 559 1656 600 adscensurus

232 647 296 682 es,
327 643 369 672 et
398 634 666 691 mysterium,
698 635 812 690 quod
843 634 1070 689 aliquando
1103 633 1188 673 illis
1218 633 1423 674 creditum
1457 646 1539 685 est,
1576 635 1655 676 tibi

232 709 490 751 credendum
521 711 614 761 erit,
644 712 696 752 de
728 727 812 766 quo
846 710 1021 752 dicitur:
1055 711 1303 766 „quomodo
1318 711 1360 767 2)
1393 712 1544 753 cecidit
1572 713 1656 753 Lu-

232 785 350 837 cifer,
382 787 453 843 qui
483 805 605 830 mane
629 788 920 830 oriebatur-‚pff
954 789 1020 829 Tu
1045 804 1144 829 vero
1174 788 1243 828 lux
1267 789 1401 829 factus
1426 805 1468 829 es
1493 790 1660 840 mundi,

232 872 278 903 tu
306 881 386 920 pro
418 865 496 906 illo
530 867 663 907 sactus
695 883 737 908 es
767 865 956 907 Lucifer:
988 882 1094 906 unus
1126 866 1177 905 de
1207 864 1340 906 stellis
1371 877 1458 906 erat
1474 866 1658 916 Lucifer,

233 939 303 995 qui
337 941 388 982 de
421 943 544 983 coelo
575 943 673 994 ruit,
704 954 745 984 et
775 955 833 993 tu,
865 943 897 984 si
927 954 1066 984 tamen
1099 944 1150 983 de
1183 943 1340 983 semine
1373 959 1414 983 es
1433 943 1659 994 Abraham,

231 1016 340 1058 inter
375 1019 518 1061 stellas
558 1021 666 1061 coeli
710 1020 1033 1076 computaberis.
1101 1019 1259 1060 Eduxit
1297 1019 1407 1060 enim
1446 1020 1658 1061 Abraham

231 1095 362 1146 foras,
396 1108 436 1137 et
467 1097 570 1138 dixit
601 1097 796 1138 eiDeus:
828 1097 1093 1152 ,‚respice³),
1123 1097 1182 1138 sic
1217 1098 1295 1138 erit
1324 1113 1466 1138 semen
1496 1103 1660 1138 tuum.“

232 1171 328 1212 Hoc
359 1185 500 1214 autem
530 1185 629 1214 tunc
661 1174 763 1223 erit,
804 1173 972 1229 quando
1012 1174 1159 1213 stellae
1198 1175 1347 1214 cadent
1384 1185 1430 1213 ut
1471 1174 1576 1214 folia
1607 1175 1658 1215 (le

232 1250 378 1300 coelo,
420 1261 461 1291 et
501 1250 581 1290 erit
619 1249 736 1300 „alia
757 1250 798 1306 ²)
839 1247 976 1301 gloria
1019 1249 1142 1299 solis,
1182 1261 1222 1290 et
1252 1249 1333 1290 alia
1362 1250 1494 1302 gloria
1524 1251 1662 1301 lunae,

233 1325 313 1365 alia
343 1326 477 1379 gloria
507 1327 735 1368 stellarum.
796 1326 931 1369 Stella
961 1325 1072 1366 enim
1103 1327 1154 1367 ab
1185 1327 1308 1368 stella
1339 1327 1483 1368 differt
1512 1327 1555 1369 in
1578 1329 1661 1369 cla-

230 1402 377 1444 ritate:
415 1404 474 1445 sic
513 1415 555 1444 et
594 1403 846 1446 resurrectio
888 1410 1200 1444 mortuorum.“
1258 1405 1418 1444 Verum
1447 1405 1540 1446 noli
1569 1406 1661 1458 glo-

230 1479 328 1520 riari
359 1481 582 1522 adversum
614 1480 854 1522 istiusmodi
883 1496 1043 1530 ramos,
1083 1480 1154 1536 qui
1193 1481 1235 1521 in
1273 1481 1522 1523 infidelitate
1554 1483 1661 1524 ceci-

234 1557 408 1607 derunt,
450 1570 491 1599 et
528 1558 650 1599 fracti
689 1570 807 1599 sunt:
840 1569 908 1607 tu,
952 1557 1048 1613 quia
1078 1557 1118 1598 in
1145 1557 1229 1598 fide
1260 1569 1363 1608 stas,
1403 1558 1487 1599 fide
1519 1571 1560 1600 et
1588 1561 1660 1601 ad·-

231 1635 417 1676 scendes.
475 1635 532 1675 Et
568 1652 646 1691 per
685 1636 789 1685 hoc,
830 1635 946 1690 quod
985 1633 1147 1690 plangis
1182 1633 1421 1690 principem
1452 1636 1578 1694 Tyri,
1619 1649 1662 1678 et

235 1727 282 1751 ea
313 1729 407 1752 cum
438 1712 737 1753 lamentatione
769 1712 989 1767 deploras,
1029 1727 1136 1766 quae
1175 1710 1366 1766 superius
1406 1713 1662 1768 interposui·

234 1805 349 1839 mus,
381 1790 583 1840 edocere,
612 1806 665 1830 ne
695 1790 807 1830 forte
843 1788 885 1829 in
916 1788 978 1830 his
1007 1788 1132 1829 bonis
1160 1799 1377 1844 repertus,
1411 1805 1515 1844 quae
1545 1789 1663 1845 prin-

236 1883 334 1923 ceps
364 1867 468 1925 Tyri
507 1867 675 1918 habuit,
716 1867 841 1908 etiam
881 1878 926 1907 tu
965 1866 1141 1922 incipias
1180 1881 1326 1915 ruere,
1363 1865 1398 1906 si
1436 1866 1660 1921 paululum

234 1945 366 1986 fueris
412 1945 634 1997 gloriatus,
683 1957 725 1985 et
767 1961 854 1985 non
900 1943 1148 1984 custodieris
1195 1942 1312 1983 omni
1355 1943 1545 1984 custodia
1587 1960 1664 1985 cor

235 2033 369 2063 tuum.
413 2021 522 2062 Vide
555 2022 727 2078 quippe,
757 2022 859 2078 quid
890 2021 1001 2062 dicat
1031 2020 1083 2060 ad
1112 2019 1349 2076 principem
1368 2019 1493 2077 Tyri:
1526 2032 1599 2070 „tu
1617 2021 1660 2077 ⁵)

236 2098 494 2151 signaculum
533 2097 872 2139 similitudinis.“
939 2097 1053 2138 Volo
1092 2113 1237 2147 nosse,
1283 2097 1385 2152 quid
1421 2096 1569 2147 fuerit,
1614 2110 1661 2139 ut

235 2166 496 2228 signaculum
532 2175 819 2216 similitudinis
855 2185 1120 2230 nuncupatus
1150 2173 1215 2214 sit.
1276 2174 1384 2216 Cum
1414 2175 1661 2229 profeceris,

236 2252 435 2309 accepisti
475 2252 758 2305 signaculum:
813 2251 1013 2308 quoniam
1057 2251 1176 2292 Deus
1218 2267 1315 2292 vere
1360 2252 1481 2310 hujus
1527 2265 1662 2308 pater,

237 2346 363 2386 quem
392 2330 567 2382 signavit
597 2341 638 2370 et
666 2328 802 2379 misit,
846 2341 887 2370 et
928 2329 1026 2370 ideo
1059 2344 1226 2384 semper
1257 2329 1473 2370 credentes
1501 2329 1664 2382 signan-

238 2419 306 2447 tur
335 2424 358 2448 a
387 2407 591 2448 Domino.
649 2408 742 2448 Jam
784 2418 923 2447 autem
959 2418 1000 2447 et
1033 2422 1258 2447 commune
1287 2407 1562 2462 proverbium
1591 2423 1662 2448 ve-

238 2484 322 2535 nit,
352 2497 399 2525 ut
429 2485 637 2526 dicamus:
670 2484 744 2524 ille
778 2496 818 2524 et
848 2483 921 2524 ille
951 2499 1036 2525 non
1069 2483 1230 2539 accepit
1259 2483 1530 2536 signaculum,
1563 2497 1603 2526 et
1617 2485 1663 2541 6)

358 2655 396 2707 ¹)
427 2653 536 2694 Edd.
569 2654 703 2694 Ruaei
730 2654 843 2694 sola:
877 2653 1075 2708 dolebas.-

354 2725 396 2779 2)
427 2724 552 2765 Jesai.
583 2725 699 2775 XIV,
732 2724 794 2768 12.
915 2725 957 2779 3)
990 2724 1075 2766 Cfr.
1110 2723 1216 2764 Gen.
1248 2724 1341 2774 XV,
1372 2725 1410 2766 5.

353 2795 395 2851 ·²)
426 2794 560 2836 ICor.
591 2795 685 2844 -XV,
716 2794 781 2837 41.
814 2794 880 2837 4¹2.
1002 2796 1044 2847 ὁ)
1076 2794 1226 2835 Ezech.
1260 2793 1463 2841 XXVIII,
1498 2790 1562 2835 12,

355 2864 396 2919 ⁶)
425 2864 532 2904 Edd.
566 2864 760 2905 Merlini:
800 2864 872 2905 ille
908 2876 945 2905 et
979 2864 1049 2905 ille
1085 2876 1161 2905 etc.
