1759 3134
690 136 835 177 Luam
864 134 921 175 ΙΙ.
1435 133 1516 177 387

100 260 141 290 et
173 249 382 302 agnitione
411 247 563 290 Christi
593 263 616 288 a
646 246 891 287 doctoribus
923 244 1167 286 dimicatum
1197 257 1271 296 est,
1301 258 1513 301 superatas

102 327 216 368 dicit.
275 326 402 377 Puto,
433 324 549 381 quod
580 322 753 365 omnino
786 320 971 363 criminis
1009 321 1106 363 loco
1140 324 1336 373 ducatur,
1379 323 1413 364 si
1445 339 1515 363 cu-

100 403 292 445 stodierit
320 402 469 458 aliquis
500 399 743 459 hujusmodi
780 399 945 449 vineas,
994 410 1036 439 et
1074 414 1219 452 agrum
1260 401 1371 441 colat
1406 401 1517 441 ultra

101 479 312 522 venenatis
354 490 395 519 et
433 477 567 519 noxiis
608 476 815 519 consitum
851 476 1096 532 disciplinis
1155 478 1244 519 Nec
1274 479 1451 529 mire'ris,
1482 478 1515 519 si

100 558 162 598 his
193 556 325 612 culpis
360 555 587 611 aliquando
627 554 754 596 fuisse
791 553 985 594 videatur
1024 555 1205 596 obnoxia
1244 556 1366 606 haec,
1411 571 1515 612 quae

101 632 394 675 ex‘nationum
426 631 686 689 dispersione
717 630 948 683 colligitur,
981 643 1021 672 et
1051 630 1133 689 jam
1166 631 1332 673 Christo
1362 648 1516 688 sponsa

98 721 379 767 praeparatur.
438 711 704 760 Recordare,
744 709 964 766 quomodo
994 709 1131 765 prima
1159 708 1316 750 mulier
1343 709 1515 751 seducta

102 798 184 838 est,
230 799 272 830 et
307 787 351 829 in
386 786 744 844 praevaricatione
792 786 924 828 facta:
974 802 1079 843 quae
1117 803 1204 828 non
1241 786 1364 829 aliter
1403 787 1516 829 salva

98 865 191 907 fieri
230 865 464 922 dicitur1),
500 864 581 906 nisi
618 881 696 921 per
730 864 920 906 filiorum
966 863 1302 918 generationem,
1340 865 1515 907 illorum

99 943 331 993 dumtaxat,
379 943 451 999 qui
486 954 735 999 permanent
773 942 816 983 in
853 942 938 983 fide
970 954 1011 983 et
1042 941 1210 983 caritate
1243 959 1338 984 cum
1368 945 1519 985 sancti—

96 1032 194 1063 tate.
253 1020 349 1062 Hoc
379 1037 500 1074 ergo,
533 1021 648 1077 quod
681 1021 732 1061 de
764 1020 898 1061 Adam
932 1031 972 1060 et
1002 1019 1092 1060 Eva
1120 1019 1338 1072 scribitur,
1370 1022 1428 1062 sic
1457 1038 1518 1062 as-

97 1110 259 1140 severat
288 1098 542 1155 Apostolus:
583 1096 862 1156 „mysterium
877 1098 918 1154 2)
956 1113 1154 1150 magnum
1185 1109 1246 1138 est
1274 1097 1318 1139 in
1350 1098 1517 1140 Christo

102 1178 209 1218 etin
239 1176 472 1218 ecclesia:“
513 1175 584 1232 qui
614 1192 705 1216 eam
736 1175 793 1216 ita
823 1174 992 1225 dilexit,
1030 1186 1078 1216 ut
1107 1187 1240 1216 semet
1267 1175 1407 1232 ipsum
1437 1189 1518 1217 tra-

102 1255 221 1295 deret
249 1271 329 1311 pro
363 1270 422 1304 ea,
455 1270 550 1295 cum
575 1264 681 1294 esset
702 1253 836 1294 adhuc
866 1252 996 1308 impia
1026 1253 1126 1294 haec
1158 1253 1262 1309 ipsa,
1291 1254 1399 1296 sicut
1427 1254 1518 1311 ipse

102 1333 227 1375 dixit:
267 1333 459 1388 „cum³)
485 1331 598 1373 enim
627 1331 762 1372 adhuc
792 1331 1025 1372 secundum
1054 1343 1220 1388 tempus
1259 1331 1382 1389 impii
1413 1349 1518 1374 esse-

101 1428 206 1462 mus,
240 1411 427 1453 Christus
448 1427 527 1467 pro
553 1409 675 1451 nobis
698 1420 890 1450 mortuus
917 1415 1018 1451 est.“
1064 1409 1119 1450 Et
1137 1409 1312 1450 iterum:
1345 1410 1518 1467 ‚,quia⁴)

104 1507 199 1530 cum
229 1489 365 1530 adhuc
397 1504 578 1529 essemus
609 1487 813 1538 infideles,
846 1486 1032 1528 Christus
1064 1503 1143 1543 pro
1174 1488 1297 1529 nobis
1326 1500 1520 1530 mortuus

103 1579 175 1609 est.
190 1574 214 1592 “
272 1568 371 1609 Non
402 1582 499 1619 ergo
529 1565 685 1606 mirum
715 1576 789 1615 est,
819 1564 853 1605 si
882 1564 1006 1615 haec,
1046 1581 1151 1621 quae
1181 1566 1373 1617 seducta,
1405 1578 1446 1607 et
1475 1567 1517 1607 in

100 1644 458 1701 praevaricatione
489 1645 610 1694 sacta,
642 1642 803 1698 quae⁵)
834 1642 966 1698 impia
989 1643 1220 1684 secundum
1244 1656 1410 1701 tempus
1440 1646 1521 1686 fuit

103 1734 144 1763 et
173 1721 403 1779 peccatrix,
443 1720 573 1762 talem
602 1719 766 1761 dicatur
794 1719 959 1761 vineam
995 1720 1174 1761 coluisse
1217 1738 1268 1762 eo
1309 1734 1518 1779 tempore,

103 1817 199 1842 cum
229 1800 363 1841 adhuc
394 1797 525 1854 impia
555 1808 664 1849 erat,
696 1813 822 1854 quam
850 1797 1090 1855 relinquere
1121 1798 1338 1851 debuerit,
1378 1813 1419 1841 et
1448 1817 1520 1842 ne-

103 1893 311 1935 quaquam
344 1877 517 1918 omnino
548 1891 723 1917 servare.
787 1874 919 1930 Quod
949 1875 983 1916 si
1014 1877 1140 1917 etiam
1173 1877 1346 1918 tertium
1379 1879 1520 1934 expla-

101 1955 283 1998 nationis
317 1955 462 1996 locum
493 1954 634 2011 placet
665 1952 854 2009 exsequi,
893 1954 1123 1995 referamus
1153 1954 1254 1996 haec
1285 1956 1339 1996 ad
1374 1971 1521 1996 unam-

105 2050 314 2091 quamque
344 2033 547 2084 animam‚
581 2048 686 2088 quae
718 2047 919 2072 conversa
947 2032 1000 2072 ad
1027 2032 1194 2082 Deum,
1237 2044 1279 2074 et
1307 2033 1359 2074 ad
1388 2034 1518 2075 fidem

104 2111 294 2163 veniens,
338 2110 496 2168 patitur
525 2110 612 2152 sine
645 2109 774 2150 dubio
807 2109 1110 2163 cogitationum
1148 2126 1326 2167 pugnas,
1372 2123 1414 2152 et
1445 2113 1520 2153 ob-

105 2189 354 2231 luctationes
386 2189 640 2230 daemonum
669 2203 869 2229 revocare
900 2203 992 2229 eam
1020 2187 1247 2230 nitentium
1284 2189 1336 2230 ad
1365 2189 1520 2245 prioris

107 2267 214 2309 vitae
250 2267 492 2317 illecebras,
541 2266 610 2307 vel
654 2265 914 2307 infidelitatis
955 2282 1154 2312 errorem.
1223 2267 1309 2309 Sed
1348 2283 1401 2308 ne
1439 2268 1520 2308 hoc

105 2345 199 2396 fiat,
241 2361 348 2387 neve
383 2361 551 2386 rursum
590 2344 866 2385 daemonibus
910 2343 953 2385 in
995 2345 1144 2402 eam⁶)
1181 2356 1345 2386 tantum
1384 2345 1521 2397 liceat,

106 2422 323 2479 prospexit
362 2422 502 2464 divina
540 2421 831 2478 providentia,
877 2433 923 2463 ut
959 2421 1145 2478 parvulis
1183 2422 1442 2480 quibusque,
1481 2434 1522 2463 et

106 2499 189 2552 his,
227 2500 299 2557 qui
327 2517 406 2557 pro
437 2511 569 2541 semet
598 2499 698 2557 ipsis
729 2499 926 2541 adversus
956 2499 1124 2541 astutias
1157 2500 1317 2542 diaboli
1349 2513 1388 2542 et
1427 2501 1522 2542 dae-

226 2674 266 2731 ι)
301 2673 387 2719 cfr.
419 2675 646 2718 ITimoth.
677 2676 733 2727 11,
766 2673 832 2719 15.
951 2676 994 2731 2)
1023 2675 1179 2731 Ephes-
1211 2676 1262 2727 v,
1292 2675 1358 2721 32.

223 2744 266 2801 ³)
296 2743 421 2785 Rom.
451 2746 502 2797 V,
533 2745 572 2790 6.
690 2747 733 2803 ⁴)
767 2745 854 2787 Cfr.
885 2746 1009 2787 Rom.
1040 2746 1092 2797 V,
1121 2745 1161 2789 8.

227 2814 277 2870 5),
299 2813 408 2855 Edd.
440 2815 502 2857 M.
534 2828 611 2869 „et
641 2831 746 2873 quae
759 2821 785 2840 ‘⁴
819 2826 895 2858 etc.

222 2884 265 2939 ⁶)
297 2883 406 2925 Edd.
438 2884 497 2927 M.
527 2893 660 2937 „ea.“

1063 2964 1155 3006 25*
