1738 3134
689 685 1217 747 PROLOGUS

422 846 483 893 n.
524 842 906 893 HIERONYMI
945 842 1014 891 IN
1040 812 1496 891 'EzsssffflELfflL

832 1028 1078 1036 ———-

249 1159 476 1239 lvlagnum
504 1184 542 1239 ¹)
576 1195 637 1224 est
667 1183 854 1239 quidem,
884 1183 1030 1233 amice,
1063 1183 1178 1238 quod
1208 1182 1416 1238 postulas,
1448 1192 1494 1221 ut
1526 1180 1673 1233 Orige-

249 1280 348 1305 nem
376 1259 528 1302 faciam
558 1258 759 1308 latinum,
799 1270 840 1299 et
869 1258 1109 1308 hominem,
1147 1258 1261 1316 juxta
1289 1256 1466 1314 Didymi
1495 1255 1673 1295 videntis

247 1339 511 1387 sententiam,
536 1336 716 1377 alterum
737 1347 836 1390 post
850 1336 1110 1392 Apostolum
1131 1334 1402 1375 ecclesiarum
1418 1333 1674 1386 magistrum,

250 1418 377 1459 etiam
412 1412 616 1456 Romanis
656 1406 824 1453 auribus
865 1415 1045 1454 donem:
1093 1414 1168 1453 sed
1213 1412 1458 1462 oculorum,
1498 1423 1544 1451 ut
1582 1410 1673 1466 ipse

249 1494 378 1544 nosti,
425 1491 577 1532 dolore
620 1488 848 1542 cruciatus,
897 1507 1024 1546 quem
1062 1489 1192 1530 nimia
1230 1489 1453 1545 impatiens
1490 1487 1674 1528 lectione

249 1569 453 1619 contraxi,
483 1580 524 1609 et
545 1566 810 1608 notariorum
838 1566 1028 1621 penuria,
1059 1567 1155 1623 quia
1183 1566 1363 1607 tenuitas
1393 1567 1474 1606 hoc
1505 1581 1674 1622 quoque

249 1646 484 1691 subsidium
513 1644 705 1685 abstulit:
737 1644 853 1699 quod
883 1655 998 1684 recte
1030 1644 1160 1700 cupis,
1191 1656 1277 1684 tam
1306 1645 1502 1685 ardenter
1531 1655 1579 1683 ut
1604 1659 1674 1682 cu-

248 1726 328 1782 pis,
363 1723 543 1779 implere
572 1738 658 1762 non
690 1721 825 1761 valeo.
881 1720 1029 1776 Itaque
1058 1732 1158 1776 post
1188 1720 1510 1777 quatuordecim
1538 1719 1675 1759 homi-

251 1803 326 1843 lias
352 1801 396 1842 in
414 1798 689 1847 Hieremiam,
720 1813 820 1853 quas
849 1795 933 1853 jam
965 1797 1131 1854 pridem
1163 1799 1340 1838 confuso
1373 1798 1520 1838 ordine
1547 1797 1675 1837 inter-

249 1890 436 1936 pretatus
459 1893 566 1927 sum,
589 1887 636 1916 et
658 1875 729 1915 has
759 1873 1079 1930 quatuordecim
1103 1874 1145 1914 in
1160 1874 1430 1915 Ezechielem
1453 1891 1530 1930 per
1548 1874 1676 1914 inter-

250 1957 361 1998 valla
388 1954 566 2003 dictavi,
604 1952 649 1992 id
678 1966 933 2006 magnopere
970 1967 1138 2002 curans,
1181 1963 1229 1991 ut
1258 1951 1419 1992 idioma
1447 1950 1677 2007 supradicti

250 2033 332 2074 viri
368 2048 391 2073 a
428 2029 698 2087 simplicitate
727 2028 954 2079 sermonis,
997 2044 1103 2083 quae
1140 2028 1231 2069 sola
1270 2028 1457 2069 ecclesiis
1486 2028 1674 2084 prodest,

249 2110 377 2151 etiam
404 2106 621 2149 translatio
651 2116 939 2155 conservaret,
984 2105 1100 2146 omni
1136 2106 1371 2147 rhetoricae
1408 2105 1506 2146 artis
1536 2106 1676 2161 splen-

250 2188 357 2228 dore
398 2183 638 2227 contemto:
679 2205 731 2211 —
769 2197 835 2222 res
867 2181 1026 2238 quippe
1056 2182 1275 2233 volumus,
1313 2199 1400 2223 non
1430 2184 1557 2224 verba
1587 2182 1675 2222 lau-

251 2264 352 2304 dare
384 2279 459 2302 -ε
497 2273 542 2302 et
578 2260 688 2301 illud
723 2258 909 2300 breviter
948 2260 1201 2310 admonens,
1250 2271 1298 2300 ut
1335 2259 1438 2301 scias
1480 2258 1674 2311 Origenis

252 2339 458 2396 opuscula
495 2338 538 2379 in
576 2353 750 2378 omnem
789 2335 1039 2392 scripturam
1085 2352 1172 2378 esse
1215 2336 1411 2392 triplicia.
1482 2335 1676 2377 Primum

252 2418 342 2477 ejus
372 2433 478 2473 opus
504 2426 681 2471 excepta
702 2415 762 2471 ²),
793 2430 897 2470 quae
929 2430 1074 2466 graece
1105 2412 1264 2471 σχόλια
1293 2425 1601 2469 nuncupantur,
1631 2412 1674 2452 in

251 2495 403 2551 quibus
442 2510 513 2544 ea,
556 2507 661 2548 quae
699 2491 780 2532 sibi
822 2490 1074 2531 videbantur
1112 2492 1311 2540 obscura,
1357 2502 1481 2546 atque
1522 2490 1674 2530 habere

250 2571 412 2627 aliquid
439 2570 710 2620 difficultatis,
740 2567 982 2610 summatim
996 2567 1265 2624 breviterque
1296 2568 1549 2624 perstrinxit.
1599 2568 1674 2609 Sc-

368 2753 408 2807 ¹)
441 2751 526 2792 Cfr.
555 2750 649 2791 edd.
672 2750 848 2791 Merl-ini
876 2751 1000 2792 Tom.
1019 2752 1051 2792 I.
1083 2751 1179 2793 Fol.
1200 2751 1396 2794 CXXXI.
1427 2767 1539 2807 seqq.
1574 2750 1671 2792 coll.

249 2810 313 2852 ed.
345 2807 480 2851 Ruaei
510 2807 634 2848 Tom.
652 2807 730 2847 III.
758 2822 851 2862 pag.
871 2807 964 2852 353.
996 2824 1111 2864 seqq.

362 2879 406 2935 ²)
435 2878 544 2920 Edd.
576 2878 636 2920 M.
666 2889 709 2918 et
739 2877 788 2919 R.
822 2909 846 2928 n
862 2889 1033 2933 excepta
1049 2883 1087 2917 ⁴⁴.
