1759 3134
198 135 254 179 54
602 137 822 178 OtuGEms
854 146 900 177 m
929 134 1222 177 Ezncfflmem

587 390 1077 440 HOMILIA
1154 389 1249 438 IV.

207 518 274 557 De
306 532 356 557 co
389 515 505 571 quod
534 513 737 570 scriptum
768 525 848 553 cst:
882 526 1025 563 „terra
1049 512 1091 568 ¹)
1123 530 1217 553 cum
1247 510 1485 567 peccaverit
1513 510 1630 560 mihi,

208 605 255 634 ut
283 591 593 649 praevaricetur
621 591 924 648 praevaricans,
959 591 1182 631 extendens
1209 605 1378 629 manum
1405 604 1540 628 meam
1564 604 1631 627 su-

208 688 286 727 per
327 676 472 712 ean1:“
511 685 643 725 usque
685 669 736 709 ad
767 668 832 718 id,
873 669 988 723 quod
1020 667 1196 708 dicitur:
1237 679 1315 717 „et
1338 666 1384 720 ²)
1415 666 1448 706 si
1479 664 1634 705 suerint

208 760 292 789 tres
322 747 400 789 viri
431 747 472 787 in
503 746 646 786 medio
679 745 788 804 ejus,
820 746 936 796 Noe,
967 745 1119 785 Daniel
1152 757 1192 785 et
1221 745 1327 793 Job,
1367 742 1447 798 ipsi
1477 741 1633 800 justitia

578 840 650 864 sua
683 823 922 864 liberabunt
952 822 1107 863 animas
1137 828 1270 862 suas.“

327 949 363 993 1.
410 949 560 990 Sermo
592 948 791 999 Domini,
831 949 902 1005 qui
931 949 1064 989 sactus
1096 959 1157 988 est
1187 948 1238 988 ad
1267 947 1542 1003 prophetam,
1581 946 1633 986 de

208 1026 444 1083 peccatrice
482 1038 593 1067 terra
632 1026 843 1082 loquitur,
892 1026 1110 1082 quomodo
1157 1036 1334 1080 propter
1373 1024 1526 1064 delicta
1563 1039 1635 1063 sua

211 1104 335 1145 variis
365 1104 419 1145 sit
448 1102 683 1144 excruciata
712 1103 953 1158 suppliciis,
983 1105 1107 1152 same,
1138 1101 1281 1142 bestiis
1311 1101 1445 1151 malis,
1479 1100 1634 1153 gladio,

211 1192 364 1230 morte,
394 1191 533 1220 morte
564 1191 705 1219 autem
734 1181 966 1234 repentina,
998 1195 1102 1235 quae
1133 1189 1202 1218 aut
1234 1194 1280 1218 ex
1312 1177 1500 1233 corrupti
1531 1177 1638 1217 ae'ris

213 1256 317 1298 vitio
349 1257 402 1298 sit
433 1267 582 1306 creata,
612 1267 683 1296 aut
714 1271 762 1296 ex
788 1271 1041 1311 quocunque
1072 1254 1272 1295 acciderit
1305 1265 1470 1303 eventu,
1504 1265 1544 1294 et
1576 1253 1638 1294 di-

215 1335 346 1376 citur:
377 1335 521 1390 „quod
547 1334 589 1390 3)
620 1332 655 1373 si
686 1333 811 1374 etiam
843 1344 1025 1388 quatuor
1052 1332 1236 1372 ultiones
1266 1347 1379 1371 meas
1408 1331 1563 1372 misero
1596 1330 1639 1371 in

213 1423 369 1452 terram
398 1410 692 1467 peccatricem,
723 1410 881 1450 fuerint
911 1421 1051 1451 autem
1082 1409 1151 1449 isti
1180 1420 1264 1449 tres
1289 1408 1381 1458 viri,
1412 1409 1520 1458 Noe,
1550 1408 1638 1449 Da-

215 1487 324 1538 niel,
369 1499 410 1528 et
445 1489 530 1529 Job
571 1487 615 1528 in
651 1499 760 1528 terra
798 1486 1058 1543 peccatrice,
1098 1485 1179 1541 ipsi
1219 1485 1300 1527 soli
1336 1484 1439 1525 salvi
1478 1490 1642 1525 erunt.“

214 1566 263 1605 In
304 1564 632 1605 comminatione
674 1564 832 1620 prima,
870 1563 914 1604 in
957 1580 1037 1620 qua
1073 1579 1256 1619 poenam
1285 1561 1406 1603 famis
1437 1579 1460 1603 a
1489 1561 1640 1618 poenis

217 1642 366 1682 ceteris
397 1642 574 1697 aperuit,
603 1641 791 1681 filiorum
826 1652 867 1681 et
895 1641 1078 1680 filiarum
1107 1640 1278 1681 nomina
1307 1639 1447 1680 tacuit.
1507 1640 1556 1680 In
1588 1655 1638 1679 eo

216 1735 318 1759 vero
357 1734 575 1767 sermone,
615 1717 657 1757 in
699 1734 781 1774 quo
821 1718 974 1758 bestias
1015 1719 1143 1758 malas
1180 1717 1361 1758 minatus
1402 1729 1463 1758 est
1490 1729 1640 1767 terrae,

216 1795 293 1837 ait:
334 1796 403 1847 „si
428 1795 473 1851 ⁴)
511 1796 591 1837 filii
630 1808 672 1837 et
709 1795 823 1836 filiae
864 1812 1013 1836 eorum
1050 1795 1153 1835 salvi
1182 1795 1306 1844 fient,
1344 1795 1418 1835 sed
1447 1793 1528 1850 ipsi
1557 1793 1641 1835 soli

216 1875 499 1915 salvabuntur.
558 1875 691 1915 Terra
717 1874 759 1930 ⁵)
797 1884 949 1913 autem.
963 1879 987 1897 “
1044 1872 1101 1913 Et
1143 1889 1239 1912 cum
1278 1872 1502 1926 paululum
1541 1871 1642 1912 reti-

219 1951 383 2001 cuisset,
413 1951 587 2009 adjecit:
618 1963 688 2001 „et
710 1950 752 2007 ⁶)
785 1949 863 1989 erit
892 1949 936 1989 in
966 1948 1181 1989 interitu.“
1240 1948 1422 1988 Rursum
1453 1948 1495 1987 in
1528 1964 1646 1988 com-

215 2028 447 2068 minatione
477 2028 625 2081 gladii:
657 2043 770 2078 „non
791 2025 832 2082 ⁷)
864 2025 1116 2074 liberabunt,
1147 2023 1216 2073 ait,
1250 2023 1362 2064 filios
1392 2036 1463 2064 aut
1492 2024 1640 2066 filias.“

215 2105 272 2146 Et
300 2105 344 2145 in
372 2117 511 2146 morte
539 2104 736 2147 similiter
765 2114 826 2144 est
855 2103 1043 2143 locutus:
1075 2117 1197 2151 „non
1221 2101 1263 2156 ⁸)
1295 2101 1641 2157 derelinquentur

217 2181 297 2223 filii
328 2194 398 2223 aut
427 2182 540 2224 filiae
572 2198 741 2231 eorum,
782 2182 855 2221 sed
885 2179 964 2236 ipsi
995 2178 1076 2219 soli
1106 2180 1199 2219 Noe
1232 2190 1274 2218 et
1301 2178 1456 2219 Daniel
1488 2190 1529 2219 et
1556 2180 1641 2220 Job

339 2335 382 2391 ¹)
415 2336 500 2377 Cfr.
531 2336 683 2377 Ezech.
713 2336 829 2384 XIV,
862 2333 926 2377 13.

336 2405 382 2460 ²)
411 2406 562 2447 Ezech.
593 2408 709 2456 XIV,
749 2405 814 2449 14.
854 2427 904 2434 —
946 2403 1026 2444 Ed.
1059 2403 1192 2443 Ruaei
1221 2403 1333 2444 sola:
1371 2415 1413 2443 et
1452 2403 1533 2459 ipsi
1574 2402 1640 2461 ju·

221 2461 334 2502 stitia
367 2474 443 2503 etc.

337 2533 380 2588 3)
414 2533 499 2574 Cfr.
528 2533 679 2574 Ezech.
709 2532 824 2581 XIV,
854 2530 920 2573 21.
954 2530 1052 2570 coll.
1086 2529 1149 2572 16.

343 2602 385 2659 ⁴)
419 2604 505 2645 Cfr.
535 2602 686 2644 Ezech.
717 2602 833 2650 XIV,
866 2599 929 2642 16.

339 2674 380 2730 ⁵)
409 2674 518 2715 Edd.
544 2671 740 2714 Merlini:
773 2669 917 2712 Tertia
946 2680 1086 2709 autem
1119 2680 1159 2709 et
1190 2686 1285 2710 cum
1314 2669 1535 2725 paululum
1562 2679 1639 2708 etc.

339 2745 382 2798 6)
418 2744 504 2786 Cfr.
534 2743 685 2784 Ezech.
717 2742 833 2791 XIV,
868 2739 932 2784 16.
976 2763 1026 2770 -
1068 2740 1177 2780 Edd.
1209 2741 1270 2782 M.
1304 2751 1344 2780 et
1372 2740 1423 2780 R.
1456 2749 1533 2791 „ct
1564 2737 1639 2778 erit

224 2800 264 2841 in
295 2800 514 2841 introitu.“

338 2872 381 2927 7>
412 2871 562 2912 Ezech.
593 2870 709 2920 xlv,
736 2854 808 2913 18.
927 2867 971 2921 ⁸)
1006 2866 1091 2908 cfr.
1122 2864 1272 2906 Ezech.
1304 2864 1419 2914 xlv,
1449 2863 1514 2907 20.
