1759 3134
221 95 303 139 104
639 99 860 141 OfflGEms
890 111 935 140 m
964 97 1258 140 Ezscammm

226 207 344 249 debis
384 209 602 264 quomodo
646 209 769 251 faciat
809 211 986 251 domum
1024 209 1330 259 meretriciam,
1377 220 1418 249 ct
1455 210 1655 266 suscipiat,

227 302 396 335 omnes,
428 302 534 342 quos
564 287 848 342 praediximus
877 300 1096 328 amatores.
1157 287 1351 339 Intellige
1384 302 1505 336 vero,
1538 287 1652 342 quod

226 363 404 403 dicimus
436 379 483 403 ex
513 365 809 420 sequentibus,
844 366 887 405 id
919 377 992 414 est,
1026 364 1094 421 qui
1126 376 1222 404 sunt
1252 375 1457 405 amatores
1488 364 1654 404 Jerusa-

228 440 326 480 lem.
386 440 537 481 Anima
568 441 745 483 humana
776 443 958 483 multum
990 442 1178 497 speciosa
1210 453 1292 491 est,
1336 453 1377 482 et
1416 440 1652 480 mirabilem

227 518 353 558 habet
382 517 757 574 pulchritudinem.
808 519 969 559 Artifex
1002 518 1158 574 quippe
1191 517 1292 575 ejus,
1324 535 1419 558 cum
1451 534 1541 557 eam
1571 516 1657 573 pri-

228 611 345 635 mum
377 596 599 644 conderet,
642 595 718 636 ait:
759 595 996 645 „faciamus
1025 595 1063 650 ¹)
1101 594 1318 634 hominem
1349 595 1402 635 ad
1433 594 1656 647 imaginem

232 684 272 713 et
316 673 637 714 similitudinem
682 678 910 713 nostram.“
987 672 1102 726 Quid
1144 672 1219 711 hac
1258 671 1573 727 pulchritudine
1617 683 1658 711 et

227 749 505 791 similitudine
537 750 783 806 pulchrius?
843 749 1030 803 Quidam
1063 765 1160 801 ergo
1193 749 1395 800 adulteri,
1426 761 1467 790 et
1497 748 1658 790 sordidi

230 839 458 877 amatores,
503 829 657 868 decore
697 827 784 885 ejus
815 826 947 867 illecti
979 826 1216 867 desiderant
1249 843 1338 867 eam
1372 843 1659 883 corrumpere,

231 916 271 945 et
310 905 511 946 fornicari
549 921 677 961 super
716 921 818 945 eam.
881 903 1174 958 Quamobrem
1215 904 1378 960 sapiens
1411 904 1473 944 vir
1501 905 1660 945 Paulus

229 981 352 1023 dicit:
387 983 604 1039 ,‚timeo²)
638 994 792 1033 autem,
822 999 874 1023 ne
906 982 1030 1031 forte,
1062 994 1109 1022 ut
1140 998 1310 1038 serpens
1336 982 1505 1038 decepit
1524 982 1657 1023 Evam

229 1056 271 1098 in
301 1059 489 1115 nequitia
519 1077 613 1109 sua,
643 1060 701 1100 sic
732 1070 1058 1115 corrumpantur
1087 1076 1228 1099 sensus
1253 1060 1294 1115 3)
1327 1059 1495 1100 vestri.“
1555 1060 1660 1100 Sen-

228 1152 296 1176 sus
327 1136 461 1176 nostri
491 1136 533 1176 in
564 1137 844 1177 fornicatione
878 1137 1032 1177 carnali
1065 1148 1414 1191 corrumpuntur:
1456 1135 1498 1175 in
1537 1135 1660 1191 spiri-

228 1211 411 1252 tualibus
454 1229 553 1253 vero
593 1213 746 1268 stupris
787 1229 928 1254 sensus
971 1212 1278 1266 corrumpitur,
1319 1223 1359 1251 et
1398 1212 1488 1267 ipsa
1525 1212 1662 1253 anima

228 1289 486 1334 vulneratur.

343 1367 381 1408 7.
429 1367 564 1420 „Et⁴)
597 1367 888 1408 contaminasti
918 1368 1104 1424 speciem
1135 1373 1292 1408 tuam.“
1339 1367 1478 1407 Etiam
1511 1367 1544 1407 si
1574 1383 1659 1407 non

228 1444 360 1484 homo
393 1444 435 1484 in
464 1445 648 1500 peccatis
678 1444 868 1485 maximis
900 1445 1175 1495 constitutus,
1206 1457 1358 1494 tamen,
1391 1444 1487 1500 quia
1517 1444 1661 1497 ingens

231 1532 290 1561 cst
308 1521 467 1561 animae
487 1522 776 1577 pulchritudo,
802 1521 1018 1562 minorum
1035 1539 1206 1579 quoque
1234 1521 1434 1563 societate
1454 1534 1661 1577 turpatur.

231 1599 411 1654 Respice
429 1599 468 1654 ⁵)
495 1599 667 1639 virtutes
694 1599 869 1648 animae,
901 1615 1006 1654 quae
1035 1598 1072 1638 ei
1097 1599 1244 1639 insitae
1270 1598 1349 1639 sint
1376 1615 1398 1639 a
1419 1600 1533 1648 Deo,
1563 1598 1660 1639 vide

229 1675 591 1730 pulchritudinem
620 1675 720 1732 ejus,
751 1675 1055 1725 inventionem,
1089 1675 1426 1731 dispositionem,
1455 1675 1662 1716 elocutio-

228 1769 339 1802 nem,
356 1753 621 1803 memoriam,
635 1751 1040 1809 pronuntiationem,
1054 1752 1168 1811 cujus
1186 1753 1238 1792 sit
1254 1752 1422 1805 ingenii,
1441 1754 1661 1808 quomodo

230 1829 414 1884 primum
441 1830 661 1883 intelligat,
693 1830 789 1870 inde
815 1829 1030 1870 intellecta
1057 1829 1274 1886 dijudicet,
1304 1841 1351 1870 ut
1383 1829 1581 1870 incitetur
1610 1830 1662 1870 ad

229 1923 384 1957 sensus,
409 1918 456 1947 ut
481 1908 613 1947 menti
638 1923 755 1948 sensa
781 1908 1039 1956 commodet,
1067 1924 1171 1962 quos
1189 1907 1315 1947 habet
1331 1907 1527 1963 impetus,
1557 1923 1662 1963 quos

231 1984 434 2036 cogitatus
452 1984 503 2024 de
519 1985 630 2024 Deo.
671 1984 787 2024 Haec
803 1983 1023 2039 possidens
1042 2000 1216 2036 magnae
1235 1983 1565 2039 pulchritudinis
1589 1995 1662 2032 est,

228 2061 304 2101 sed
333 2061 642 2102 haereticorum
673 2061 816 2111 sectis,
855 2074 893 2101 et
927 2073 1118 2101 extranea
1150 2060 1366 2113 religionis
1399 2060 1663 2101 institutione

351 2200 391 2255 ¹)
422 2200 527 2241 Gen.
561 2202 593 2251 I,
623 2200 690 2244 26.
812 2202 854 2257 ²)
887 2202 927 2240 ΙΙ
953 2200 1039 2242 Cor
1082 2201 1160 2251 XI,
1190 2200 1228 2244 3.

347 2269 389 2324 ³)
419 2271 586 2311 Desunt
618 2273 762 2312 verba:
795 2286 973 2320 „sensus
1006 2271 1190 2320 vestri‚“
1222 2270 1263 2311 in
1297 2272 1391 2311 edd.
1423 2270 1484 2311 M.

348 2341 390 2393 α)
423 2341 574 2398 Ezech.
604 2341 722 2392 XVI,
752 2341 819 2384 25.

349 2412 390 2466 5)
422 2411 603 2452 Catenae
634 2412 733 2452 Mss.
781 2408 1055 2467 „Annium
1095 2412 1181 2454 εἶσὶ
1224 2412 1299 2463 τῆς
1344 2413 1514 2467 ψυχῆς,
1558 2402 1664 2470 ἕνῇ

233 2485 309 2526 καὶ
334 2480 507 2541 μνήμη,
535 2483 757 2537 ἐπιβολαὶ,
790 2481 991 2538 εὐφυῖιιι,
1027 2479 1216 2535 νοήσεις,
1250 2479 1477 2539 ὁρμήσας,
1511 2479 1664 2538 ἄφορ-

231 2557 332 2610 μαὶ,
367 2556 733 2609 συγκαταθέσεις,
767 2553 984 2607 ἔμπνοιαι
1016 2554 1121 2607 περὶ
1154 2548 1280 2594 θεόν.
1331 2552 1662 2609 Ἐμπεριέχον-

232 2642 303 2667 uec
335 2625 383 2668 δὲ
416 2623 548 2666 αὐταὶ
578 2627 674 2671 ταῖς
703 2627 904 2679 γενικαΐς
934 2619 1188 2677 δυνάμεσιν
1219 2621 1372 2677 αὐτῆς,
1410 2623 1460 2665 ἒν
1489 2624 1550 2678 τῷ
1582 2624 1663 2664 λο-

232 2697 370 2751 γικῷ,
414 2695 463 2737 ἐν
499 2696 561 2749 τῷ
604 2694 945 2749 ἐπιθυμητικῷ,
988 2692 1038 2735 ἐν
1076 2694 1137 2748 τῷ
1183 2695 1442 2749 λογιστικῷ.
1510 2694 1664 2734 Ταῦτα

230 2762 382 2808 πάντα
413 2769 593 2820 (φθείρει.
627 2761 649 2817 ἡ
680 2761 847 2818 ἀσεβὴς
879 2761 1003 2819 ψυχὴ
1036 2769 1127 2812 τοῖς
1164 2763 1414 2819 ἀλλοτρίοις
1444 2758 1663 2820 δόγμασι,

231 2837 307 2877 καὶ
336 2840 434 2884 ταῖς
466 2834 718 2890 ἀλλοτρίαις
747 2832 1014 2892 πράξεσιν.“
1078 2834 1259 2874 Ruaeus.
