<?xml version="1.0" encoding="UTF-8"?>
<!DOCTYPE html PUBLIC "-//W3C//DTD XHTML 1.0 Transitional//EN"
    "http://www.w3.org/TR/xhtml1/DTD/xhtml1-transitional.dtd">
<html xmlns="http://www.w3.org/1999/xhtml" xml:lang="en" lang="en">
 <head>
  <title>
</title>
<meta http-equiv="Content-Type" content="text/html;charset=utf-8" />
  <meta name='ocr-system' content='tesseract 3.04.00' />
  <meta name='ocr-capabilities' content='ocr_page ocr_carea ocr_par ocr_line ocrx_word'/>
</head>
<body>
  <div class='ocr_page' id='page_1' title='image "./operaomniaquaegr14orig/operaomniaquaegr14orig_0139.png"; bbox 0 0 1759 3134; ppageno 0'>
   <div class='ocr_carea' id='block_1_1' title="bbox 659 166 1516 212">
    <p class='ocr_par' dir='ltr' id='par_1_1' title="bbox 659 166 1516 212">
     <span class='ocr_line' id='line_1_1' title="bbox 659 166 1516 212; baseline 0.001 -2"><span class='ocrx_word' id='word_1_1' title='bbox 659 170 857 212; x_wconf 78' lang='lat' dir='ltr'><strong>HommA</strong></span> <span class='ocrx_word' id='word_1_2' title='bbox 886 166 962 208; x_wconf 89' lang='lat' dir='ltr'><strong>IX.</strong></span> <span class='ocrx_word' id='word_1_3' title='bbox 1438 167 1516 212; x_wconf 85' lang='lat'><strong>123</strong></span> 
     </span>
    </p>
   </div>
   <div class='ocr_carea' id='block_1_2' title="bbox 96 271 1524 2497">
    <p class='ocr_par' dir='ltr' id='par_1_2' title="bbox 97 271 1521 1322">
     <span class='ocr_line' id='line_1_2' title="bbox 98 271 1520 338; baseline -0.002 -15"><span class='ocrx_word' id='word_1_4' title='bbox 98 282 309 333; x_wconf 88' lang='lat' dir='ltr'><strong>medium,</strong></span> <span class='ocrx_word' id='word_1_5' title='bbox 348 282 420 338; x_wconf 86' lang='lat' dir='ltr'><strong>qui</strong></span> <span class='ocrx_word' id='word_1_6' title='bbox 460 280 645 337; x_wconf 79' lang='lat' dir='ltr'>duplicia</span> <span class='ocrx_word' id='word_1_7' title='bbox 684 280 840 321; x_wconf 88' lang='lat' dir='ltr'><strong>scelera</strong></span> <span class='ocrx_word' id='word_1_8' title='bbox 883 278 1160 330; x_wconf 78' lang='lat' dir='ltr'>commiserit,</span> <span class='ocrx_word' id='word_1_9' title='bbox 1196 278 1402 336; x_wconf 81' lang='lat' dir='ltr'><strong>justificor</strong></span> <span class='ocrx_word' id='word_1_10' title='bbox 1430 271 1520 335; x_wconf 81' lang='lat' dir='ltr'><strong>qui--</strong></span> 
     </span>
     <span class='ocr_line' id='line_1_3' title="bbox 101 355 1520 416; baseline -0.002 -15"><span class='ocrx_word' id='word_1_11' title='bbox 101 362 222 411; x_wconf 88' lang='lat' dir='ltr'><strong>dem,</strong></span> <span class='ocrx_word' id='word_1_12' title='bbox 253 361 326 401; x_wconf 84' lang='lat' dir='ltr'><strong>sed</strong></span> <span class='ocrx_word' id='word_1_13' title='bbox 354 358 560 416; x_wconf 85' lang='lat' dir='ltr'><strong>justificor</strong></span> <span class='ocrx_word' id='word_1_14' title='bbox 588 374 674 399; x_wconf 90' lang='lat' dir='ltr'><strong>non</strong></span> <span class='ocrx_word' id='word_1_15' title='bbox 703 367 749 396; x_wconf 88' lang='lat' dir='ltr'><strong>ut</strong></span> <span class='ocrx_word' id='word_1_16' title='bbox 777 355 932 412; x_wconf 79' lang='lat' dir='ltr'><strong>justus,</strong></span> <span class='ocrx_word' id='word_1_17' title='bbox 973 372 1120 396; x_wconf 84' lang='lat' dir='ltr'><strong>verum</strong></span> <span class='ocrx_word' id='word_1_18' title='bbox 1149 368 1195 396; x_wconf 92' lang='lat' dir='ltr'><strong>ut</strong></span> <span class='ocrx_word' id='word_1_19' title='bbox 1226 373 1273 397; x_wconf 87' lang='lat' dir='ltr'><strong>ex</strong></span> <span class='ocrx_word' id='word_1_20' title='bbox 1306 373 1520 413; x_wconf 87' lang='lat' dir='ltr'><strong>compara-</strong></span> 
     </span>
     <span class='ocr_line' id='line_1_4' title="bbox 101 431 1520 492; baseline -0.001 -16"><span class='ocrx_word' id='word_1_21' title='bbox 101 437 216 477; x_wconf 82' lang='lat' dir='ltr'><strong>tione</strong></span> <span class='ocrx_word' id='word_1_22' title='bbox 260 435 371 492; x_wconf 79' lang='lat' dir='ltr'><strong>ejus,</strong></span> <span class='ocrx_word' id='word_1_23' title='bbox 412 436 483 491; x_wconf 92' lang='lat' dir='ltr'><strong>qui</strong></span> <span class='ocrx_word' id='word_1_24' title='bbox 522 437 644 491; x_wconf 84' lang='lat' dir='ltr'><strong>plura</strong></span> <span class='ocrx_word' id='word_1_25' title='bbox 683 431 915 481; x_wconf 78' lang='lat' dir='ltr'><strong>commisit,</strong></span> <span class='ocrx_word' id='word_1_26' title='bbox 961 431 1127 489; x_wconf 86' lang='lat' dir='ltr'><strong>judicor</strong></span> <span class='ocrx_word' id='word_1_27' title='bbox 1169 431 1321 488; x_wconf 78' lang='lat' dir='ltr'><strong>justus,</strong></span> <span class='ocrx_word' id='word_1_28' title='bbox 1361 451 1456 474; x_wconf 92' lang='lat' dir='ltr'><strong>cum</strong></span> <span class='ocrx_word' id='word_1_29' title='bbox 1497 450 1520 475; x_wconf 87' lang='lat' dir='ltr'><strong>a</strong></span> 
     </span>
     <span class='ocr_line' id='line_1_5' title="bbox 102 507 1520 568; baseline 0 -16"><span class='ocrx_word' id='word_1_30' title='bbox 102 511 257 568; x_wconf 75' lang='lat' dir='ltr'><strong>justitia</strong></span> <span class='ocrx_word' id='word_1_31' title='bbox 290 513 412 564; x_wconf 84' lang='lat' dir='ltr'><strong>longe</strong></span> <span class='ocrx_word' id='word_1_32' title='bbox 444 512 534 554; x_wconf 85' lang='lat' dir='ltr'><strong>sim.</strong></span> <span class='ocrx_word' id='word_1_33' title='bbox 593 512 678 553; x_wconf 81' lang='lat' dir='ltr'><strong>Vae</strong></span> <span class='ocrx_word' id='word_1_34' title='bbox 708 509 774 550; x_wconf 89' lang='lat' dir='ltr'><strong>illi</strong></span> <span class='ocrx_word' id='word_1_35' title='bbox 804 508 987 559; x_wconf 88' lang='lat' dir='ltr'><strong>homini,</strong></span> <span class='ocrx_word' id='word_1_36' title='bbox 1030 507 1101 564; x_wconf 90' lang='lat' dir='ltr'><strong>qui</strong></span> <span class='ocrx_word' id='word_1_37' title='bbox 1139 524 1162 548; x_wconf 86' lang='lat' dir='ltr'><strong>a</strong></span> <span class='ocrx_word' id='word_1_38' title='bbox 1198 510 1342 550; x_wconf 86' lang='lat' dir='ltr'><strong>multis</strong></span> <span class='ocrx_word' id='word_1_39' title='bbox 1371 527 1520 565; x_wconf 82' lang='lat' dir='ltr'><strong>pecca-</strong></span> 
     </span>
     <span class='ocr_line' id='line_1_6' title="bbox 101 585 1518 645; baseline -0.001 -16"><span class='ocrx_word' id='word_1_40' title='bbox 101 589 262 629; x_wconf 82' lang='lat' dir='ltr'><strong>toribus</strong></span> <span class='ocrx_word' id='word_1_41' title='bbox 300 588 569 645; x_wconf 74' lang='lat' dir='ltr'><strong>justificatur:</strong></span> <span class='ocrx_word' id='word_1_42' title='bbox 619 599 667 628; x_wconf 89' lang='lat' dir='ltr'><strong>ut</strong></span> <span class='ocrx_word' id='word_1_43' title='bbox 705 603 727 627; x_wconf 85' lang='lat' dir='ltr'><strong>e</strong></span> <span class='ocrx_word' id='word_1_44' title='bbox 766 585 977 626; x_wconf 80' lang='lat' dir='ltr'><strong>contrario</strong></span> <span class='ocrx_word' id='word_1_45' title='bbox 1015 585 1198 625; x_wconf 86' lang='lat' dir='ltr'><strong>multum</strong></span> <span class='ocrx_word' id='word_1_46' title='bbox 1236 587 1400 636; x_wconf 85' lang='lat' dir='ltr'><strong>beatus,</strong></span> <span class='ocrx_word' id='word_1_47' title='bbox 1447 588 1518 643; x_wconf 86' lang='lat' dir='ltr'><strong>qui</strong></span> 
     </span>
     <span class='ocr_line' id='line_1_7' title="bbox 104 662 1519 723; baseline -0.001 -17"><span class='ocrx_word' id='word_1_48' title='bbox 104 666 419 722; x_wconf 82' lang='lat' dir='ltr'><strong>comparatione</strong></span> <span class='ocrx_word' id='word_1_49' title='bbox 455 665 663 723; x_wconf 87' lang='lat' dir='ltr'><strong>justorum</strong></span> <span class='ocrx_word' id='word_1_50' title='bbox 702 662 833 721; x_wconf 82' lang='lat' dir='ltr'><strong>justus</strong></span> <span class='ocrx_word' id='word_1_51' title='bbox 873 662 1118 703; x_wconf 82' lang='lat' dir='ltr'><strong>ostenditur.</strong></span> <span class='ocrx_word' id='word_1_52' title='bbox 1192 662 1432 704; x_wconf 79' lang='lat' dir='ltr'><strong>Invenimus</strong></span> <span class='ocrx_word' id='word_1_53' title='bbox 1477 665 1519 704; x_wconf 86' lang='lat' dir='ltr'><strong>in</strong></span> 
     </span>
     <span class='ocr_line' id='line_1_8' title="bbox 101 739 1518 799; baseline -0.001 -15"><span class='ocrx_word' id='word_1_54' title='bbox 101 743 344 799; x_wconf 86' lang='lat' dir='ltr'><strong>Scripturae</strong></span> <span class='ocrx_word' id='word_1_55' title='bbox 393 742 584 783; x_wconf 85' lang='lat' dir='ltr'>laudibus</span> <span class='ocrx_word' id='word_1_56' title='bbox 627 740 838 797; x_wconf 87' lang='lat' dir='ltr'><strong>positum,</strong></span> <span class='ocrx_word' id='word_1_57' title='bbox 883 739 1005 779; x_wconf 90' lang='lat' dir='ltr'><strong>bonis</strong></span> <span class='ocrx_word' id='word_1_58' title='bbox 1050 754 1136 779; x_wconf 90' lang='lat' dir='ltr'><strong>esse</strong></span> <span class='ocrx_word' id='word_1_59' title='bbox 1181 741 1427 781; x_wconf 84' lang='lat' dir='ltr'><strong>meliorem:</strong></span> <span class='ocrx_word' id='word_1_60' title='bbox 1472 754 1518 782; x_wconf 92' lang='lat' dir='ltr'><strong>ut</strong></span> 
     </span>
     <span class='ocr_line' id='line_1_9' title="bbox 97 816 1517 875; baseline -0.001 -16"><span class='ocrx_word' id='word_1_61' title='bbox 97 831 199 875; x_wconf 85' lang='lat' dir='ltr'><strong>puta</strong></span> <span class='ocrx_word' id='word_1_62' title='bbox 229 820 368 860; x_wconf 90' lang='lat' dir='ltr'><strong>nullus</strong></span> <span class='ocrx_word' id='word_1_63' title='bbox 400 819 458 860; x_wconf 88' lang='lat' dir='ltr'><strong>sic</strong></span> <span class='ocrx_word' id='word_1_64' title='bbox 488 819 590 860; x_wconf 86' lang='lat' dir='ltr'><strong>fecit</strong></span> <span class='ocrx_word' id='word_1_65' title='bbox 615 829 777 859; x_wconf 88' lang='lat' dir='ltr'><strong>rectum</strong></span> <span class='ocrx_word' id='word_1_66' title='bbox 809 828 903 857; x_wconf 82' lang='lat' dir='ltr'><strong>ante</strong></span> <span class='ocrx_word' id='word_1_67' title='bbox 933 816 1085 857; x_wconf 84' lang='lat' dir='ltr'><strong>faciem</strong></span> <span class='ocrx_word' id='word_1_68' title='bbox 1114 817 1315 867; x_wconf 82' lang='lat' dir='ltr'>Domini,</span> <span class='ocrx_word' id='word_1_69' title='bbox 1352 829 1400 858; x_wconf 91' lang='lat' dir='ltr'><strong>ut</strong></span> <span class='ocrx_word' id='word_1_70' title='bbox 1430 818 1517 869; x_wconf 81' lang='lat' dir='ltr'><strong>ille,</strong></span> 
     </span>
     <span class='ocr_line' id='line_1_10' title="bbox 100 893 1520 951; baseline 0.001 -16"><span class='ocrx_word' id='word_1_71' title='bbox 100 908 140 936; x_wconf 86' lang='lat' dir='ltr'><strong>et</strong></span> <span class='ocrx_word' id='word_1_72' title='bbox 170 896 267 945; x_wconf 85' lang='lat' dir='ltr'><strong>ille,</strong></span> <span class='ocrx_word' id='word_1_73' title='bbox 306 897 447 937; x_wconf 86' lang='lat' dir='ltr'><strong>nullus</strong></span> <span class='ocrx_word' id='word_1_74' title='bbox 491 896 549 936; x_wconf 89' lang='lat' dir='ltr'><strong>sic</strong></span> <span class='ocrx_word' id='word_1_75' title='bbox 587 896 739 951; x_wconf 83' lang='lat' dir='ltr'><strong>pascha</strong></span> <span class='ocrx_word' id='word_1_76' title='bbox 781 893 1007 935; x_wconf 76' lang='lat' dir='ltr'><strong>celebravit</strong></span> <span class='ocrx_word' id='word_1_77' title='bbox 1044 905 1092 933; x_wconf 91' lang='lat' dir='ltr'><strong>ut</strong></span> <span class='ocrx_word' id='word_1_78' title='bbox 1127 894 1276 934; x_wconf 83' lang='lat' dir='ltr'><strong>Josias.</strong></span> <span class='ocrx_word' id='word_1_79' title='bbox 1334 894 1395 935; x_wconf 86' lang='lat' dir='ltr'><strong>Ex</strong></span> <span class='ocrx_word' id='word_1_80' title='bbox 1437 912 1520 951; x_wconf 90' lang='lat' dir='ltr'><strong>quo</strong></span> 
     </span>
     <span class='ocr_line' id='line_1_11' title="bbox 100 971 1519 1029; baseline 0.001 -17"><span class='ocrx_word' id='word_1_81' title='bbox 100 972 336 1013; x_wconf 79' lang='lat' dir='ltr'><strong>ostenditur</strong></span> <span class='ocrx_word' id='word_1_82' title='bbox 373 972 734 1028; x_wconf 81' lang='lat' dir='ltr'><strong>comparationem</strong></span> <span class='ocrx_word' id='word_1_83' title='bbox 770 971 863 1012; x_wconf 87' lang='lat' dir='ltr'><strong>fieri</strong></span> <span class='ocrx_word' id='word_1_84' title='bbox 901 971 1133 1029; x_wconf 86' lang='lat' dir='ltr'><strong>justorum,</strong></span> <span class='ocrx_word' id='word_1_85' title='bbox 1179 983 1220 1011; x_wconf 89' lang='lat' dir='ltr'><strong>et</strong></span> <span class='ocrx_word' id='word_1_86' title='bbox 1261 971 1384 1012; x_wconf 89' lang='lat' dir='ltr'><strong>illum</strong></span> <span class='ocrx_word' id='word_1_87' title='bbox 1422 989 1519 1013; x_wconf 86' lang='lat' dir='ltr'><strong>vere</strong></span> 
     </span>
     <span class='ocr_line' id='line_1_12' title="bbox 99 1047 1520 1107; baseline -0.001 -18"><span class='ocrx_word' id='word_1_88' title='bbox 99 1065 185 1090; x_wconf 88' lang='lat' dir='ltr'><strong>esse</strong></span> <span class='ocrx_word' id='word_1_89' title='bbox 217 1049 395 1106; x_wconf 82' lang='lat' dir='ltr'><strong>justum,</strong></span> <span class='ocrx_word' id='word_1_90' title='bbox 436 1050 507 1106; x_wconf 89' lang='lat' dir='ltr'><strong>qui</strong></span> <span class='ocrx_word' id='word_1_91' title='bbox 550 1050 608 1090; x_wconf 89' lang='lat' dir='ltr'><strong>sic</strong></span> <span class='ocrx_word' id='word_1_92' title='bbox 642 1048 857 1107; x_wconf 83' lang='lat' dir='ltr'><strong>justificari</strong></span> <span class='ocrx_word' id='word_1_93' title='bbox 885 1059 1108 1090; x_wconf 87' lang='lat' dir='ltr'><strong>mereatur.</strong></span> <span class='ocrx_word' id='word_1_94' title='bbox 1167 1047 1340 1088; x_wconf 85' lang='lat' dir='ltr'><strong>Utinam</strong></span> <span class='ocrx_word' id='word_1_95' title='bbox 1371 1060 1412 1088; x_wconf 89' lang='lat' dir='ltr'><strong>et</strong></span> <span class='ocrx_word' id='word_1_96' title='bbox 1444 1065 1520 1101; x_wconf 83' lang='lat' dir='ltr'><strong>ego</strong></span> 
     </span>
     <span class='ocr_line' id='line_1_13' title="bbox 97 1115 1518 1184; baseline 0 -18"><span class='ocrx_word' id='word_1_97' title='bbox 97 1127 273 1168; x_wconf 86' lang='lat' dir='ltr'><strong>collatus</strong></span> <span class='ocrx_word' id='word_1_98' title='bbox 311 1127 567 1183; x_wconf 78' lang='lat' dir='ltr'><strong>sapientibus</strong></span> <span class='ocrx_word' id='word_1_99' title='bbox 605 1115 1005 1183; x_wconf 25' lang='lat' dir='ltr'><strong>sapiens-reperiar,</strong></span> <span class='ocrx_word' id='word_1_100' title='bbox 1049 1137 1088 1165; x_wconf 90' lang='lat' dir='ltr'><strong>et</strong></span> <span class='ocrx_word' id='word_1_101' title='bbox 1116 1125 1233 1182; x_wconf 82' lang='lat' dir='ltr'><strong>justis</strong></span> <span class='ocrx_word' id='word_1_102' title='bbox 1263 1125 1428 1182; x_wconf 83' lang='lat' dir='ltr'><strong>judicer</strong></span> <span class='ocrx_word' id='word_1_103' title='bbox 1453 1126 1518 1184; x_wconf 86' lang='lat' dir='ltr'><strong>ju-</strong></span> 
     </span>
     <span class='ocr_line' id='line_1_14' title="bbox 98 1202 1521 1263; baseline 0.001 -20"><span class='ocrx_word' id='word_1_104' title='bbox 98 1204 205 1245; x_wconf 78' lang='lat' dir='ltr'><strong>stus!</strong></span> <span class='ocrx_word' id='word_1_105' title='bbox 266 1205 381 1245; x_wconf 85' lang='lat' dir='ltr'><strong>Nolo</strong></span> <span class='ocrx_word' id='word_1_106' title='bbox 415 1204 572 1260; x_wconf 87' lang='lat' dir='ltr'><strong>quippe</strong></span> <span class='ocrx_word' id='word_1_107' title='bbox 600 1203 817 1263; x_wconf 81' lang='lat' dir='ltr'><strong>justificari</strong></span> <span class='ocrx_word' id='word_1_108' title='bbox 847 1205 897 1243; x_wconf 86' lang='lat' dir='ltr'><strong>ab</strong></span> <span class='ocrx_word' id='word_1_109' title='bbox 927 1202 1093 1258; x_wconf 85' lang='lat' dir='ltr'><strong>iniquis,</strong></span> <span class='ocrx_word' id='word_1_110' title='bbox 1124 1202 1220 1258; x_wconf 86' lang='lat' dir='ltr'><strong>quia</strong></span> <span class='ocrx_word' id='word_1_111' title='bbox 1248 1202 1342 1243; x_wconf 82' lang='lat' dir='ltr'><strong>talis</strong></span> <span class='ocrx_word' id='word_1_112' title='bbox 1363 1202 1521 1260; x_wconf 81' lang='lat' dir='ltr'><strong>justitia</strong></span> 
     </span>
     <span class='ocr_line' id='line_1_15' title="bbox 101 1280 425 1322; baseline 0.003 -2"><span class='ocrx_word' id='word_1_113' title='bbox 101 1280 324 1322; x_wconf 88' lang='lat' dir='ltr'><strong>criminosa</strong></span> <span class='ocrx_word' id='word_1_114' title='bbox 355 1293 425 1322; x_wconf 85' lang='lat' dir='ltr'><strong>est.</strong></span> 
     </span>
    </p>

    <p class='ocr_par' dir='ltr' id='par_1_3' title="bbox 96 1355 1524 2497">
     <span class='ocr_line' id='line_1_16' title="bbox 215 1355 1520 1412; baseline -0.003 -13"><span class='ocrx_word' id='word_1_115' title='bbox 215 1357 255 1401; x_wconf 84' lang='grc'><strong>3.</strong></span> <span class='ocrx_word' id='word_1_116' title='bbox 301 1358 417 1398; x_wconf 88' lang='lat' dir='ltr'><strong>Haec</strong></span> <span class='ocrx_word' id='word_1_117' title='bbox 458 1357 687 1412; x_wconf 76' lang='lat' dir='ltr'><strong>anticipans</strong></span> <span class='ocrx_word' id='word_1_118' title='bbox 727 1359 894 1398; x_wconf 88' lang='lat' dir='ltr'><strong>locutus</strong></span> <span class='ocrx_word' id='word_1_119' title='bbox 932 1373 1045 1405; x_wconf 89' lang='lat' dir='ltr'><strong>sum,</strong></span> <span class='ocrx_word' id='word_1_120' title='bbox 1086 1355 1183 1411; x_wconf 80' lang='lat' dir='ltr'><strong>quia</strong></span> <span class='ocrx_word' id='word_1_121' title='bbox 1221 1355 1263 1396; x_wconf 88' lang='lat' dir='ltr'><strong>in</strong></span> <span class='ocrx_word' id='word_1_122' title='bbox 1293 1355 1375 1404; x_wconf 87' lang='lat' dir='ltr'><strong>his,</strong></span> <span class='ocrx_word' id='word_1_123' title='bbox 1414 1371 1520 1411; x_wconf 84' lang='lat' dir='ltr'><strong>quae</strong></span> 
     </span>
     <span class='ocr_line' id='line_1_17' title="bbox 102 1431 1521 1490; baseline -0.003 -15"><span class='ocrx_word' id='word_1_124' title='bbox 102 1435 210 1475; x_wconf 85' lang='lat' dir='ltr'><strong>lecta</strong></span> <span class='ocrx_word' id='word_1_125' title='bbox 241 1445 347 1483; x_wconf 88' lang='lat' dir='ltr'><strong>sunt,</strong></span> <span class='ocrx_word' id='word_1_126' title='bbox 380 1434 556 1475; x_wconf 85' lang='lat' dir='ltr'><strong>dicitur:</strong></span> <span class='ocrx_word' id='word_1_127' title='bbox 588 1433 848 1490; x_wconf 81' lang='lat' dir='ltr'><strong>„justificasti</strong></span> <span class='ocrx_word' id='word_1_128' title='bbox 867 1433 905 1488; x_wconf 91' lang='lat'><strong>¹)</strong></span> <span class='ocrx_word' id='word_1_129' title='bbox 936 1448 1102 1473; x_wconf 86' lang='lat' dir='ltr'><strong>sorores</strong></span> <span class='ocrx_word' id='word_1_130' title='bbox 1131 1443 1221 1471; x_wconf 83' lang='lat' dir='ltr'><strong>tuas</strong></span> <span class='ocrx_word' id='word_1_131' title='bbox 1250 1431 1294 1471; x_wconf 90' lang='lat' dir='ltr'><strong>in</strong></span> <span class='ocrx_word' id='word_1_132' title='bbox 1326 1431 1521 1472; x_wconf 88' lang='lat' dir='ltr'><strong>omnihus</strong></span> 
     </span>
     <span class='ocr_line' id='line_1_18' title="bbox 97 1508 1521 1566; baseline -0.001 -16"><span class='ocrx_word' id='word_1_133' title='bbox 97 1510 386 1566; x_wconf 87' lang='lat' dir='ltr'><strong>iniquitatibus</strong></span> <span class='ocrx_word' id='word_1_134' title='bbox 430 1510 532 1560; x_wconf 85' lang='lat' dir='ltr'><strong>tuis,</strong></span> <span class='ocrx_word' id='word_1_135' title='bbox 579 1526 677 1566; x_wconf 84' lang='lat' dir='ltr'><strong>quas</strong></span> <span class='ocrx_word' id='word_1_136' title='bbox 722 1509 870 1552; x_wconf 84' lang='lat' dir='ltr'><strong>fecisti.</strong></span> <span class='ocrx_word' id='word_1_137' title='bbox 883 1515 906 1534; x_wconf 91' lang='lat'>“</span> <span class='ocrx_word' id='word_1_138' title='bbox 979 1509 1237 1550; x_wconf 80' lang='lat' dir='ltr'><strong>Justificatae</strong></span> <span class='ocrx_word' id='word_1_139' title='bbox 1274 1520 1370 1549; x_wconf 87' lang='lat' dir='ltr'><strong>sunt</strong></span> <span class='ocrx_word' id='word_1_140' title='bbox 1409 1508 1521 1549; x_wconf 91' lang='lat' dir='ltr'><strong>enim</strong></span> 
     </span>
     <span class='ocr_line' id='line_1_19' title="bbox 96 1585 1518 1644; baseline -0.003 -14"><span class='ocrx_word' id='word_1_141' title='bbox 96 1587 282 1630; x_wconf 81' lang='lat' dir='ltr'><strong>Samaria</strong></span> <span class='ocrx_word' id='word_1_142' title='bbox 327 1599 368 1628; x_wconf 88' lang='lat' dir='ltr'><strong>et</strong></span> <span class='ocrx_word' id='word_1_143' title='bbox 406 1588 595 1630; x_wconf 88' lang='lat' dir='ltr'><strong>Sodoma</strong></span> <span class='ocrx_word' id='word_1_144' title='bbox 636 1604 684 1628; x_wconf 85' lang='lat' dir='ltr'><strong>ex</strong></span> <span class='ocrx_word' id='word_1_145' title='bbox 723 1587 1012 1644; x_wconf 84' lang='lat' dir='ltr'><strong>iniquitatibus</strong></span> <span class='ocrx_word' id='word_1_146' title='bbox 1049 1587 1295 1627; x_wconf 84' lang='lat' dir='ltr'><strong>Jerusalem.</strong></span> <span class='ocrx_word' id='word_1_147' title='bbox 1365 1588 1450 1636; x_wconf 92' lang='lat' dir='ltr'><strong>„In</strong></span> <span class='ocrx_word' id='word_1_148' title='bbox 1472 1585 1518 1640; x_wconf 85' lang='lat'><strong>²)</strong></span> 
     </span>
     <span class='ocr_line' id='line_1_20' title="bbox 101 1662 1522 1721; baseline -0.001 -17"><span class='ocrx_word' id='word_1_149' title='bbox 101 1665 295 1705; x_wconf 88' lang='lat' dir='ltr'><strong>omnibus</strong></span> <span class='ocrx_word' id='word_1_150' title='bbox 324 1664 614 1720; x_wconf 85' lang='lat' dir='ltr'><strong>iniquitatibus</strong></span> <span class='ocrx_word' id='word_1_151' title='bbox 643 1665 750 1715; x_wconf 82' lang='lat' dir='ltr'><strong>tuis,</strong></span> <span class='ocrx_word' id='word_1_152' title='bbox 782 1681 882 1720; x_wconf 87' lang='lat' dir='ltr'><strong>quas</strong></span> <span class='ocrx_word' id='word_1_153' title='bbox 903 1665 946 1721; x_wconf 85' lang='lat'><strong>3)</strong></span> <span class='ocrx_word' id='word_1_154' title='bbox 977 1663 1135 1713; x_wconf 83' lang='lat' dir='ltr'><strong>fecisti,</strong></span> <span class='ocrx_word' id='word_1_155' title='bbox 1165 1662 1398 1720; x_wconf 71' lang='lat' dir='ltr'><strong>justificasti</strong></span> <span class='ocrx_word' id='word_1_156' title='bbox 1427 1662 1522 1703; x_wconf 86' lang='lat' dir='ltr'><strong>illas</strong></span> 
     </span>
     <span class='ocr_line' id='line_1_21' title="bbox 100 1739 1521 1797; baseline -0.002 -15"><span class='ocrx_word' id='word_1_157' title='bbox 100 1758 228 1797; x_wconf 89' lang='lat' dir='ltr'><strong>super</strong></span> <span class='ocrx_word' id='word_1_158' title='bbox 266 1753 322 1782; x_wconf 85' lang='lat' dir='ltr'><strong>te.</strong></span> <span class='ocrx_word' id='word_1_159' title='bbox 403 1741 569 1782; x_wconf 85' lang='lat' dir='ltr'><strong>Idcirco</strong></span> <span class='ocrx_word' id='word_1_160' title='bbox 616 1741 853 1793; x_wconf 83' lang='lat' dir='ltr'><strong>diligentius</strong></span> <span class='ocrx_word' id='word_1_161' title='bbox 897 1741 1178 1789; x_wconf 86' lang='lat' dir='ltr'><strong>attendamus,</strong></span> <span class='ocrx_word' id='word_1_162' title='bbox 1223 1751 1271 1779; x_wconf 90' lang='lat' dir='ltr'><strong>ut</strong></span> <span class='ocrx_word' id='word_1_163' title='bbox 1312 1739 1521 1795; x_wconf 87' lang='lat' dir='ltr'><strong>possimus</strong></span> 
     </span>
     <span class='ocr_line' id='line_1_22' title="bbox 100 1816 1520 1875; baseline -0.001 -17"><span class='ocrx_word' id='word_1_164' title='bbox 100 1834 344 1871; x_wconf 80' lang='lat' dir='ltr'><strong>agnoscere,</strong></span> <span class='ocrx_word' id='word_1_165' title='bbox 387 1835 530 1859; x_wconf 90' lang='lat' dir='ltr'><strong>omnes</strong></span> <span class='ocrx_word' id='word_1_166' title='bbox 568 1835 645 1859; x_wconf 91' lang='lat' dir='ltr'><strong>nos</strong></span> <span class='ocrx_word' id='word_1_167' title='bbox 683 1819 725 1859; x_wconf 87' lang='lat' dir='ltr'><strong>in</strong></span> <span class='ocrx_word' id='word_1_168' title='bbox 766 1818 832 1859; x_wconf 72' lang='lat' dir='ltr'><strong>die</strong></span> <span class='ocrx_word' id='word_1_169' title='bbox 873 1817 1021 1875; x_wconf 80' lang='lat' dir='ltr'><strong>judicii</strong></span> <span class='ocrx_word' id='word_1_170' title='bbox 1059 1834 1080 1858; x_wconf 91' lang='lat' dir='ltr'><strong>a</strong></span> <span class='ocrx_word' id='word_1_171' title='bbox 1117 1816 1334 1875; x_wconf 79' lang='lat' dir='ltr'><strong>pejoribus</strong></span> <span class='ocrx_word' id='word_1_172' title='bbox 1366 1816 1520 1857; x_wconf 89' lang='lat' dir='ltr'><strong>nostris</strong></span> 
     </span>
     <span class='ocr_line' id='line_1_23' title="bbox 99 1893 1520 1954; baseline -0.001 -18"><span class='ocrx_word' id='word_1_173' title='bbox 99 1895 408 1954; x_wconf 81' lang='lat' dir='ltr'><strong>justificandos,</strong></span> <span class='ocrx_word' id='word_1_174' title='bbox 448 1907 489 1936; x_wconf 86' lang='lat' dir='ltr'><strong>et</strong></span> <span class='ocrx_word' id='word_1_175' title='bbox 525 1912 689 1936; x_wconf 88' lang='lat' dir='ltr'><strong>rursum</strong></span> <span class='ocrx_word' id='word_1_176' title='bbox 731 1911 753 1935; x_wconf 87' lang='lat' dir='ltr'><strong>a</strong></span> <span class='ocrx_word' id='word_1_177' title='bbox 794 1894 917 1935; x_wconf 88' lang='lat' dir='ltr'><strong>nobis</strong></span> <span class='ocrx_word' id='word_1_178' title='bbox 957 1895 1062 1935; x_wconf 89' lang='lat' dir='ltr'><strong>alios</strong></span> <span class='ocrx_word' id='word_1_179' title='bbox 1102 1893 1328 1952; x_wconf 84' lang='lat' dir='ltr'><strong>justificari.</strong></span> <span class='ocrx_word' id='word_1_180' title='bbox 1400 1893 1520 1934; x_wconf 84' lang='lat' dir='ltr'><strong>Unus</strong></span> 
     </span>
     <span class='ocr_line' id='line_1_24' title="bbox 99 1969 1522 2028; baseline -0.002 -15"><span class='ocrx_word' id='word_1_181' title='bbox 99 1973 212 2013; x_wconf 79' lang='lat' dir='ltr'><strong>solus</strong></span> <span class='ocrx_word' id='word_1_182' title='bbox 245 1984 327 2022; x_wconf 88' lang='lat' dir='ltr'><strong>est,</strong></span> <span class='ocrx_word' id='word_1_183' title='bbox 359 1970 431 2027; x_wconf 87' lang='lat' dir='ltr'><strong>qui</strong></span> <span class='ocrx_word' id='word_1_184' title='bbox 460 1971 710 2028; x_wconf 77' lang='lat' dir='ltr'><strong>justificatur</strong></span> <span class='ocrx_word' id='word_1_185' title='bbox 739 1974 789 2012; x_wconf 88' lang='lat' dir='ltr'><strong>ab</strong></span> <span class='ocrx_word' id='word_1_186' title='bbox 821 1972 1037 2021; x_wconf 86' lang='lat' dir='ltr'><strong>omnibus,</strong></span> <span class='ocrx_word' id='word_1_187' title='bbox 1073 1983 1114 2011; x_wconf 90' lang='lat' dir='ltr'><strong>et</strong></span> <span class='ocrx_word' id='word_1_188' title='bbox 1143 1970 1232 2026; x_wconf 85' lang='lat' dir='ltr'><strong>ipse</strong></span> <span class='ocrx_word' id='word_1_189' title='bbox 1261 1971 1428 2011; x_wconf 89' lang='lat' dir='ltr'><strong>nullum</strong></span> <span class='ocrx_word' id='word_1_190' title='bbox 1458 1969 1522 2027; x_wconf 82' lang='lat' dir='ltr'><strong>ju-</strong></span> 
     </span>
     <span class='ocr_line' id='line_1_25' title="bbox 100 2048 1521 2108; baseline -0.003 -17"><span class='ocrx_word' id='word_1_191' title='bbox 100 2049 265 2091; x_wconf 85' lang='lat' dir='ltr'><strong>stificat.</strong></span> <span class='ocrx_word' id='word_1_192' title='bbox 324 2048 383 2089; x_wconf 89' lang='lat' dir='ltr'><strong>Ut</strong></span> <span class='ocrx_word' id='word_1_193' title='bbox 422 2061 524 2104; x_wconf 85' lang='lat' dir='ltr'><strong>puta</strong></span> <span class='ocrx_word' id='word_1_194' title='bbox 554 2049 744 2091; x_wconf 79' lang='lat' dir='ltr'><strong>Sodoma</strong></span> <span class='ocrx_word' id='word_1_195' title='bbox 772 2049 1021 2108; x_wconf 84' lang='lat' dir='ltr'><strong>justificatur</strong></span> <span class='ocrx_word' id='word_1_196' title='bbox 1051 2050 1101 2089; x_wconf 88' lang='lat' dir='ltr'><strong>ab</strong></span> <span class='ocrx_word' id='word_1_197' title='bbox 1131 2048 1385 2098; x_wconf 86' lang='lat' dir='ltr'><strong>Jerusalem,</strong></span> <span class='ocrx_word' id='word_1_198' title='bbox 1425 2048 1521 2103; x_wconf 83' lang='lat' dir='ltr'><strong>quia</strong></span> 
     </span>
     <span class='ocr_line' id='line_1_26' title="bbox 99 2125 1523 2177; baseline -0.002 -9"><span class='ocrx_word' id='word_1_199' title='bbox 99 2128 150 2168; x_wconf 85' lang='lat' dir='ltr'><strong>ab</strong></span> <span class='ocrx_word' id='word_1_200' title='bbox 188 2143 232 2167; x_wconf 87' lang='lat' dir='ltr'><strong>se</strong></span> <span class='ocrx_word' id='word_1_201' title='bbox 269 2127 536 2168; x_wconf 87' lang='lat' dir='ltr'><strong>sceleratiora</strong></span> <span class='ocrx_word' id='word_1_202' title='bbox 576 2126 809 2177; x_wconf 87' lang='lat' dir='ltr'><strong>commisit,</strong></span> <span class='ocrx_word' id='word_1_203' title='bbox 854 2138 895 2167; x_wconf 89' lang='lat' dir='ltr'><strong>et</strong></span> <span class='ocrx_word' id='word_1_204' title='bbox 931 2128 1042 2167; x_wconf 88' lang='lat' dir='ltr'><strong>forte</strong></span> <span class='ocrx_word' id='word_1_205' title='bbox 1080 2126 1314 2166; x_wconf 85' lang='lat' dir='ltr'><strong>Jerusalem</strong></span> <span class='ocrx_word' id='word_1_206' title='bbox 1350 2127 1400 2166; x_wconf 88' lang='lat' dir='ltr'><strong>ab</strong></span> <span class='ocrx_word' id='word_1_207' title='bbox 1442 2125 1523 2166; x_wconf 83' lang='lat' dir='ltr'><strong>alia</strong></span> 
     </span>
     <span class='ocr_line' id='line_1_27' title="bbox 98 2202 1522 2261; baseline -0.001 -17"><span class='ocrx_word' id='word_1_208' title='bbox 98 2204 259 2260; x_wconf 87' lang='lat' dir='ltr'><strong>aliqua,</strong></span> <span class='ocrx_word' id='word_1_209' title='bbox 298 2221 403 2259; x_wconf 83' lang='lat' dir='ltr'><strong>quae</strong></span> <span class='ocrx_word' id='word_1_210' title='bbox 441 2220 483 2244; x_wconf 91' lang='lat' dir='ltr'><strong>se</strong></span> <span class='ocrx_word' id='word_1_211' title='bbox 522 2203 645 2261; x_wconf 83' lang='lat' dir='ltr'><strong>pejor</strong></span> <span class='ocrx_word' id='word_1_212' title='bbox 671 2204 712 2259; x_wconf 77' lang='lat'><strong>⁴)</strong></span> <span class='ocrx_word' id='word_1_213' title='bbox 755 2215 836 2254; x_wconf 83' lang='lat' dir='ltr'><strong>est,</strong></span> <span class='ocrx_word' id='word_1_214' title='bbox 878 2203 1056 2246; x_wconf 86' lang='lat' dir='ltr'><strong>civitate.</strong></span> <span class='ocrx_word' id='word_1_215' title='bbox 1131 2204 1202 2245; x_wconf 88' lang='lat' dir='ltr'><strong>Sic</strong></span> <span class='ocrx_word' id='word_1_216' title='bbox 1247 2215 1309 2244; x_wconf 90' lang='lat' dir='ltr'><strong>est</strong></span> <span class='ocrx_word' id='word_1_217' title='bbox 1352 2202 1522 2258; x_wconf 76' lang='lat' dir='ltr'><strong>quidam</strong></span> 
     </span>
     <span class='ocr_line' id='line_1_28' title="bbox 99 2279 1524 2338; baseline 0 -17"><span class='ocrx_word' id='word_1_218' title='bbox 99 2279 386 2338; x_wconf 75' lang='lat' dir='ltr'><strong>justificandus</strong></span> <span class='ocrx_word' id='word_1_219' title='bbox 417 2281 467 2320; x_wconf 87' lang='lat' dir='ltr'><strong>ab</strong></span> <span class='ocrx_word' id='word_1_220' title='bbox 499 2280 763 2330; x_wconf 83' lang='lat' dir='ltr'><strong>antichristo,</strong></span> <span class='ocrx_word' id='word_1_221' title='bbox 805 2281 875 2337; x_wconf 85' lang='lat' dir='ltr'><strong>qui</strong></span> <span class='ocrx_word' id='word_1_222' title='bbox 907 2282 959 2322; x_wconf 89' lang='lat' dir='ltr'><strong>ad</strong></span> <span class='ocrx_word' id='word_1_223' title='bbox 987 2281 1109 2321; x_wconf 84' lang='lat' dir='ltr'><strong>illum</strong></span> <span class='ocrx_word' id='word_1_224' title='bbox 1152 2292 1440 2336; x_wconf 84' lang='lat' dir='ltr'><strong>comparatur,</strong></span> <span class='ocrx_word' id='word_1_225' title='bbox 1484 2292 1524 2321; x_wconf 86' lang='lat' dir='ltr'><strong>et</strong></span> 
     </span>
     <span class='ocr_line' id='line_1_29' title="bbox 102 2356 1523 2414; baseline 0 -17"><span class='ocrx_word' id='word_1_226' title='bbox 102 2356 215 2397; x_wconf 84' lang='lat' dir='ltr'><strong>illius</strong></span> <span class='ocrx_word' id='word_1_227' title='bbox 254 2357 472 2413; x_wconf 82' lang='lat' dir='ltr'><strong>iniquitate</strong></span> <span class='ocrx_word' id='word_1_228' title='bbox 512 2374 559 2398; x_wconf 85' lang='lat' dir='ltr'><strong>ac</strong></span> <span class='ocrx_word' id='word_1_229' title='bbox 597 2358 825 2398; x_wconf 86' lang='lat' dir='ltr'><strong>sceleribus</strong></span> <span class='ocrx_word' id='word_1_230' title='bbox 864 2358 1005 2398; x_wconf 87' lang='lat' dir='ltr'><strong>minor</strong></span> <span class='ocrx_word' id='word_1_231' title='bbox 1032 2358 1254 2414; x_wconf 83' lang='lat' dir='ltr'><strong>reperitur.</strong></span> <span class='ocrx_word' id='word_1_232' title='bbox 1312 2357 1523 2398; x_wconf 86' lang='lat' dir='ltr'><strong>Pessimus</strong></span> 
     </span>
     <span class='ocr_line' id='line_1_30' title="bbox 105 2433 1523 2497; baseline -0.001 -23"><span class='ocrx_word' id='word_1_233' title='bbox 105 2451 207 2475; x_wconf 80' lang='lat' dir='ltr'><strong>vero</strong></span> <span class='ocrx_word' id='word_1_234' title='bbox 237 2435 432 2475; x_wconf 88' lang='lat' dir='ltr'><strong>Daemon</strong></span> <span class='ocrx_word' id='word_1_235' title='bbox 465 2446 546 2485; x_wconf 88' lang='lat' dir='ltr'><strong>est,</strong></span> <span class='ocrx_word' id='word_1_236' title='bbox 587 2447 648 2485; x_wconf 80' lang='lat' dir='ltr'><strong>et,</strong></span> <span class='ocrx_word' id='word_1_237' title='bbox 685 2447 733 2476; x_wconf 89' lang='lat' dir='ltr'><strong>ut</strong></span> <span class='ocrx_word' id='word_1_238' title='bbox 763 2435 898 2485; x_wconf 88' lang='lat' dir='ltr'><strong>aiunt,</strong></span> <span class='ocrx_word' id='word_1_239' title='bbox 937 2435 1084 2485; x_wconf 85' lang='lat' dir='ltr'><strong>miser,</strong></span> <span class='ocrx_word' id='word_1_240' title='bbox 1116 2436 1187 2491; x_wconf 87' lang='lat' dir='ltr'><strong>qui</strong></span> <span class='ocrx_word' id='word_1_241' title='bbox 1217 2437 1267 2497; x_wconf 50' lang='lat' dir='ltr'><strong>ab</strong></span> <span class='ocrx_word' id='word_1_242' title='bbox 1297 2435 1374 2475; x_wconf 86' lang='lat' dir='ltr'><strong>illo</strong></span> <span class='ocrx_word' id='word_1_243' title='bbox 1404 2433 1523 2491; x_wconf 86' lang='lat' dir='ltr'><strong>justi-</strong></span> 
     </span>
    </p>
   </div>
   <div class='ocr_carea' id='block_1_3' title="bbox 104 2511 1522 2569">
    <p class='ocr_par' dir='ltr' id='par_1_4' title="bbox 104 2511 1522 2569">
     <span class='ocr_line' id='line_1_31' title="bbox 104 2511 1522 2569; baseline 0 -18"><span class='ocrx_word' id='word_1_244' title='bbox 104 2513 272 2552; x_wconf 84' lang='lat' dir='ltr'><strong>ficatur:</strong></span> <span class='ocrx_word' id='word_1_245' title='bbox 304 2513 413 2552; x_wconf 82' lang='lat' dir='ltr'><strong>sorte</strong></span> <span class='ocrx_word' id='word_1_246' title='bbox 447 2523 487 2552; x_wconf 90' lang='lat' dir='ltr'><strong>et</strong></span> <span class='ocrx_word' id='word_1_247' title='bbox 515 2524 634 2568; x_wconf 84' lang='lat' dir='ltr'><strong>pater</strong></span> <span class='ocrx_word' id='word_1_248' title='bbox 663 2512 777 2553; x_wconf 85' lang='lat' dir='ltr'><strong>illius</strong></span> <span class='ocrx_word' id='word_1_249' title='bbox 808 2514 858 2553; x_wconf 81' lang='lat' dir='ltr'><strong>ab</strong></span> <span class='ocrx_word' id='word_1_250' title='bbox 891 2529 941 2553; x_wconf 92' lang='lat' dir='ltr'><strong>eo</strong></span> <span class='ocrx_word' id='word_1_251' title='bbox 972 2529 1057 2553; x_wconf 90' lang='lat' dir='ltr'><strong>non</strong></span> <span class='ocrx_word' id='word_1_252' title='bbox 1088 2511 1354 2569; x_wconf 81' lang='lat' dir='ltr'><strong>justificatur,</strong></span> <span class='ocrx_word' id='word_1_253' title='bbox 1384 2512 1522 2552; x_wconf 87' lang='lat' dir='ltr'><strong>multo</strong></span> 
     </span>
    </p>
   </div>
   <div class='ocr_carea' id='block_1_4' title="bbox 224 2692 1492 2750">
    <p class='ocr_par' dir='ltr' id='par_1_5' title="bbox 224 2692 1492 2750">
     <span class='ocr_line' id='line_1_32' title="bbox 224 2692 1492 2750; baseline 0 -18"><span class='ocrx_word' id='word_1_254' title='bbox 224 2692 262 2748; x_wconf 82' lang='grc'><strong>1)</strong></span> <span class='ocrx_word' id='word_1_255' title='bbox 293 2693 445 2733; x_wconf 73' lang='lat' dir='ltr'><strong>Ezech.</strong></span> <span class='ocrx_word' id='word_1_256' title='bbox 478 2692 592 2743; x_wconf 82' lang='lat' dir='ltr'><strong>XVI,</strong></span> <span class='ocrx_word' id='word_1_257' title='bbox 624 2693 690 2736; x_wconf 87' lang='lat'><strong>51.</strong></span> <span class='ocrx_word' id='word_1_258' title='bbox 809 2694 852 2750; x_wconf 73' lang='grc'><strong>2)</strong></span> <span class='ocrx_word' id='word_1_259' title='bbox 885 2694 970 2736; x_wconf 70' lang='lat' dir='ltr'><strong>cfr.</strong></span> <span class='ocrx_word' id='word_1_260' title='bbox 1002 2694 1152 2735; x_wconf 74' lang='lat' dir='ltr'><strong>Ezeeh.</strong></span> <span class='ocrx_word' id='word_1_261' title='bbox 1183 2695 1299 2745; x_wconf 84' lang='lat' dir='ltr'><strong>XVI,</strong></span> <span class='ocrx_word' id='word_1_262' title='bbox 1331 2693 1396 2737; x_wconf 87' lang='lat'><strong>51.</strong></span> <span class='ocrx_word' id='word_1_263' title='bbox 1428 2693 1492 2736; x_wconf 81' lang='lat'><strong>52.</strong></span> 
     </span>
    </p>
   </div>
   <div class='ocr_carea' id='block_1_5' title="bbox 108 2763 1511 2862">
    <p class='ocr_par' dir='ltr' id='par_1_6' title="bbox 108 2763 1511 2862">
     <span class='ocr_line' id='line_1_33' title="bbox 132 2763 1511 2829; baseline 0.001 -27"><span class='ocrx_word' id='word_1_264' title='bbox 132 2821 141 2829; x_wconf 34' lang='grc' dir='ltr'>ι</span> <span class='ocrx_word' id='word_1_265' title='bbox 219 2763 263 2819; x_wconf 79' lang='lat'><strong>3)</strong></span> <span class='ocrx_word' id='word_1_266' title='bbox 293 2763 373 2803; x_wconf 87' lang='lat' dir='ltr'><strong>Ed.</strong></span> <span class='ocrx_word' id='word_1_267' title='bbox 412 2763 544 2803; x_wconf 84' lang='lat' dir='ltr'><strong>Ruaei</strong></span> <span class='ocrx_word' id='word_1_268' title='bbox 582 2764 692 2804; x_wconf 83' lang='lat' dir='ltr'><strong>sola:</strong></span> <span class='ocrx_word' id='word_1_269' title='bbox 736 2780 832 2819; x_wconf 83' lang='lat' dir='ltr'><strong>quas</strong></span> <span class='ocrx_word' id='word_1_270' title='bbox 870 2765 1007 2807; x_wconf 84' lang='lat' dir='ltr'><strong>fecisti</strong></span> <span class='ocrx_word' id='word_1_271' title='bbox 1046 2765 1138 2806; x_wconf 85' lang='lat' dir='ltr'><strong>illas</strong></span> <span class='ocrx_word' id='word_1_272' title='bbox 1178 2781 1303 2820; x_wconf 89' lang='lat' dir='ltr'><strong>super</strong></span> <span class='ocrx_word' id='word_1_273' title='bbox 1339 2776 1391 2805; x_wconf 86' lang='lat' dir='ltr'><strong>te.</strong></span> <span class='ocrx_word' id='word_1_274' title='bbox 1452 2763 1511 2803; x_wconf 30' lang='lat' dir='ltr'><strong>Id*</strong></span> 
     </span>
     <span class='ocr_line' id='line_1_34' title="bbox 108 2832 328 2862; baseline -0.005 -1"><span class='ocrx_word' id='word_1_275' title='bbox 108 2836 218 2862; x_wconf 83' lang='lat' dir='ltr'><strong>cerO</strong></span> <span class='ocrx_word' id='word_1_276' title='bbox 252 2832 328 2860; x_wconf 81' lang='lat' dir='ltr'><strong>etc.</strong></span> 
     </span>
    </p>
   </div>
   <div class='ocr_carea' id='block_1_6' title="bbox 224 2887 931 2945">
    <p class='ocr_par' dir='ltr' id='par_1_7' title="bbox 224 2887 931 2945">
     <span class='ocr_line' id='line_1_35' title="bbox 224 2887 931 2945; baseline 0 -15"><span class='ocrx_word' id='word_1_277' title='bbox 224 2888 265 2944; x_wconf 73' lang='lat'><strong>⁴)</strong></span> <span class='ocrx_word' id='word_1_278' title='bbox 296 2889 405 2930; x_wconf 84' lang='lat' dir='ltr'><strong>Edd.</strong></span> <span class='ocrx_word' id='word_1_279' title='bbox 436 2887 610 2930; x_wconf 85' lang='lat' dir='ltr'><strong>Merlini</strong></span> <span class='ocrx_word' id='word_1_280' title='bbox 639 2889 769 2929; x_wconf 85' lang='lat' dir='ltr'><strong>male:</strong></span> <span class='ocrx_word' id='word_1_281' title='bbox 801 2890 931 2945; x_wconf 85' lang='lat' dir='ltr'><strong>prior.</strong></span> 
     </span>
    </p>
   </div>
  </div>
 </body>
</html>
