1759 3134
671 144 923 186 Phonooits.
1428 145 1514 191 299

93 257 186 313 ipso
219 257 388 313 libello,
422 257 492 313 qui
521 258 698 299 habetur
725 256 769 298 in
797 255 1002 306 manibus,
1031 256 1186 300 amoris
1214 274 1372 301 nomen
1404 260 1513 302 cari-2

91 335 187 376 tatis
224 336 432 377 vocabulo
473 344 758 391 permutatum
788 345 870 386 est,
907 333 952 375 in
983 350 1056 385 eo,
1095 335 1170 377 ubi
1200 337 1323 379 dixit:
1362 337 1511 395 „adju-

90 412 179 453 ravi
204 413 246 469 ¹)
291 428 366 454 vos
409 411 522 454 filiae
564 411 851 462 Hierusalem,
894 412 930 453 si
971 411 1214 456 inveneritis
1260 416 1508 458 fratruelem

91 506 254 538 meum,
300 501 349 530 ut
391 489 643 531 annuntietis
688 488 750 540 ei,
798 489 895 545 quia
932 489 1174 532 vulneratae
1213 492 1396 534 caritatis
1432 509 1509 547 ego

90 572 242 607 sum:“
272 583 351 622 pro
384 583 434 608 eo
463 567 633 624 utique,
661 578 709 608 ut
738 566 918 609 diceret:
955 567 1146 619 „amoris
1177 568 1265 626 ejus
1293 571 1383 611 telo
1413 588 1512 627 per-

94 660 209 686 cussa
238 650 372 685 sum.“
413 645 530 687 Nihil
561 661 658 699 ergo
683 646 855 686 interest
873 645 916 686 in
934 645 1150 702 scripturis
1171 647 1337 698 divinis,
1365 660 1509 690 utrum

93 721 238 765 caritas
270 722 445 775 dicatur,
475 739 528 764 an
557 739 688 774 amor,
717 724 787 765 vel
818 723 1014 765 dilectio:
1045 724 1126 766 nisi
1147 726 1263 782 quod
1287 725 1512 770 intantum

88 787 247 844 nomen
280 801 458 844 caritatis
490 801 725 850 extollitur,
764 811 812 841 ut
842 800 967 842 etiam
996 801 1086 857 ipse
1115 803 1233 844 Deus
1265 804 1412 846 caritas
1440 819 1515 862 ap-

89 872 295 936 pelletur,
333 879 440 921 sicut
467 880 650 920 Joannes
680 877 803 919 dixit:
845 878 1075 929 „carissimi
1099 880 1166 936 ²),
1199 881 1419 936 diligamus
1449 883 1512 926 in-

88 956 374 1014 vicem,.quia
404 956 549 998 caritas
580 972 628 996 ex
655 956 754 997 Deo
787 966 870 1006 est,
900 968 941 997 et
973 957 1130 1008 omnis,
1169 959 1243 1015 qui
1274 959 1434 1013 diligit,
1465 977 1514 1003 ex

84 1035 187 1076 Deo
209 1046 328 1077 natus
359 1034 433 1086 est,
470 1046 510 1076 et
542 1032 757 1088 cognoscit
772 1034 937 1075 Deum:
970 1034 1044 1092 qui
1071 1047 1214 1078 autem
1243 1053 1332 1078 non
1357 1037 1511 1093 diligit,

87 1129 174 1154 non
204 1112 421 1166 cognoscit
440 1113 597 1164 Deum,
629 1111 727 1169 quia
746 1111 864 1153 Deus
895 1112 1041 1154 caritas
1074 1119 1176 1157 est.“
1232 1114 1290 1156 Et
1321 1115 1512 1172 quamvis

86 1190 255 1232 alterius
285 1191 490 1247 temporis
520 1191 596 1241 sit,
627 1190 767 1231 dicere
797 1189 959 1246 aliquid
990 1191 1042 1231 de
1073 1190 1157 1241 his,
1188 1208 1294 1249 quae
1326 1193 1512 1252 exempli

89 1286 210 1311 causa
228 1286 276 1310 ex
295 1268 469 1310 Joannis
490 1267 670 1324 epistola
698 1266 968 1324 protulimus,
993 1280 1135 1310 tamen
1164 1270 1352 1313 breviter
1382 1272 1510 1314 etiam

85 1347 225 1404 aliqua
260 1346 563 1404 perstringere,
606 1362 692 1387 non
731 1357 792 1387 est
830 1345 965 1387 visum
1002 1348 1244 1390 absurdum.
1316 1349 1514 1403 „Diliga.
1571 1354 1575 1357 '

85 1441 177 1465 mus
199 1424 257 1480 ³),
285 1422 436 1480 inquit,
464 1423 660 1474 invicem,
692 1423 788 1480 quia
821 1422 967 1464 caritas
998 1439 1045 1464 ex
1062 1424 1159 1466 Deo
1193 1431 1310 1468 est:“
1342 1439 1384 1469 et
1412 1440 1513 1484 post

84 1503 240 1559 panca:
283 1502 435 1555 „Deus
459 1502 501 1558 4)
543 1502 688 1543 caritas
723 1505 825 1543 est.“
884 1501 933 1542 In
965 1518 1049 1558 quo
1083 1503 1267 1545 ostendit
1297 1516 1339 1546 et
1364 1504 1510 1563 ipsum

84 1580 229 1621 Deum
269 1579 484 1621 caritatem
524 1596 633 1631 esse,
673 1592 714 1621 et
751 1579 906 1621 iterum
947 1596 1068 1631 eum,
1105 1582 1265 1638 quilex
1294 1583 1391 1624 Deo
1436 1596 1512 1636 est,

84 1657 301 1699 caritatem
336 1674 435 1700 esse.
500 1657 608 1712 Quis
649 1669 790 1699 autem
831 1674 879 1698 ex
915 1658 1013 1699 Deo
1056 1671 1137 1710 est,
1180 1659 1262 1701 nisi
1302 1659 1398 1709 ille,
1442 1662 1515 1717 qui

87 1735 211 1776 dicit:
244 1736 368 1788 „Ego
386 1736 427 1791 ⁵)
459 1752 508 1777 ex
535 1737 632 1777 Deo
666 1735 793 1785 exivi,
827 1747 868 1776 ct
896 1735 992 1776 veni
1022 1735 1065 1776 in
1095 1737 1206 1779 hunc
1235 1739 1513 1795 mundum?“

89 1812 222 1866 Quod
261 1812 297 1854 si
333 1813 450 1854 Deus
487 1825 610 1870 pater
649 1813 795 1855 caritas
836 1824 918 1863 est,
958 1825 1000 1854 et
1020 1813 1067 1868 ὃ)
1099 1814 1212 1856 filius
1244 1815 1391 1858 caritas
1422 1829 1509 1859 est:

86 1890 232 1932 caritas
258 1892 303 1947 ⁷)
342 1884 483 1933 autern
522 1891 652 1948 patris
692 1903 733 1934 et
770 1890 915 1933 caritas
955 1891 1033 1932 filii
1072 1909 1204 1934 unum
1252 1906 1370 1945 sunt,
1420 1912 1507 1938 non

84 1985 213 2010 unus:
246 1982 552 2028 consequenter
580 1987 679 2024 ergo
710 1982 830 2027 pater
860 1981 902 2011 et
930 1968 1042 2011 filius
1072 1988 1204 2014 unum
1232 1973 1342 2015 bene
1360 1972 1508 2016 dicun-

82 2057 162 2087 tur.
234 2047 291 2088 Et
333 2048 432 2090 ideo
479 2049 779 2092 convenienter
815 2047 1004 2090 Christus
1050 2048 1158 2090 sicut
1195 2050 1421 2106 sapientia,
1468 2065 1511 2094 et

81 2118 235 2176 virtus,
274 2137 316 2167 et
355 2126 532 2186 justitia,
572 2140 613 2170 et
651 2128 852 2178 verbum,
891 2138 933 2167 et
971 2126 1142 2179 veritas,
1183 2128 1240 2170 ita
1280 2140 1322 2171 et
1366 2129 1513 2173 caritas

200 2310 239 2367 ¹)
272 2311 358 2354 Cfr.
391 2312 550 2355 Cantic.
581 2314 632 2364 V,
661 2313 701 2357 8.
734 2339 786 2346 -
816 2314 949 2356 Deest
978 2317 1096 2366 „ut“
1126 2311 1169 2356 in
1201 2313 1304 2374 edd..
1328 2313 1391 2357 Μ.

198 2381 244 2436 2)
277 2383 466 2425 IJoann.
497 2384 571 2434 IV,
602 2383 640 2426 7.
669 2382 709 2428 8.
1343 2418 1345 2420 v

198 2451 243 2507 ³)
272 2453 462 2496 IJoann.
491 2455 565 2505 IV,
596 2455 634 2498 7.

201 2520 242 2575 ⁴)
274 2523 294 2562 I
315 2523 466 2570 Joann.
496 2526 570 2576 IV,
598 2524 639 2569 8.

202 2596 246 2651 5)
279 2595 365 2637 Cfr.
398 2611 459 2637 ev.
488 2596 639 2638 Joann.
670 2596 787 2647 XVI,
818 2595 885 2641 27.
915 2596 983 2641 28.

200 2666 243 2722 ⁶)
273 2665 390 2706 Libri
431 2664 553 2707 editi:
606 2678 682 2717 „et
724 2666 837 2708 filius
875 2666 1055 2709 caritatis
1096 2671 1207 2708 est.“
1280 2668 1369 2710 Sed
1410 2669 1508 2711 Mss.

86 2725 250 2781 (itemq.
283 2723 377 2763 edd.
408 2723 492 2778 M.)
525 2734 568 2763 ut
597 2724 641 2764 in
670 2734 787 2765 textu
816 2736 974 2766 nostro.
1022 2725 1073 2766 R.

201 2795 243 2849 ⁷)
274 2792 392 2833 Libri
422 2791 523 2833 editi
554 2793 615 2848 (v.
649 2809 682 2835 c.
715 2794 810 2835 edd.
841 2794 945 2848 Μ.)
979 2794 1155 2846 „caritas
1184 2807 1338 2846 autem,
1370 2808 1411 2838 et
1443 2813 1510 2838 ca-

84 2851 183 2893 ritas
218 2867 351 2891 unum
391 2861 471 2890 est:
513 2860 554 2890 ct
592 2849 634 2891 in
671 2850 792 2891 nullo
833 2850 1000 2896 differt:
1047 2859 1387 2911 consequenter“
1429 2863 1508 2896 etc.

88 2909 175 2952 Sed
201 2908 380 2952 Mss..ut
408 2905 451 2950 in
479 2917 596 2949 textu
623 2918 783 2950 nostro.
842 2907 893 2949 R.
