1759 3134
239 103 320 146 112
655 102 877 143 Omessms
907 112 952 141 m
981 98 1278 142 Ezncnnmzm

236 213 468 256 meretricis
509 213 761 268 procacis?“.
837 215 973 269 Saepe
1016 211 1219 262 diximus,
1258 211 1353 267 quia
1394 211 1662 253 fortitudines

240 290 473 334 contrariae
504 302 643 331 amant
672 291 1007 346 pulchritudines
1039 290 1199 330 animae
1223 290 1443 339 humanae,
1474 301 1515 329 et
1536 305 1664 345 quan-

239 373 294 411 do
334 367 533 423 suscipiat
563 367 602 424 ¹)
643 368 779 409 anima
811 369 991 408 humana
1021 368 1179 408 semina
1210 379 1445 408 amatorum
1476 382 1662 415 suorum,

238 445 558 503 quodammodo
590 445 824 485 fornicetur
856 462 950 485 cum
982 445 1055 485 iis:
1089 445 1162 485 sed
1194 445 1289 500 quia
1316 445 1421 485 etin
1449 443 1662 484 communi

238 525 323 565 vita
362 535 457 564 sunt
494 522 657 578 aliquae
687 523 953 573 meretrices,
995 539 1099 579 quae
1130 521 1393 563 fornicantur
1423 538 1518 562 cum
1549 536 1665 561 vere-

239 601 391 643 cundia
421 601 550 641 latere
582 600 819 656 cupientes:
859 600 964 640 aliae
999 616 1120 650 vcro,
1160 616 1265 655 quae
1302 616 1386 640 non
1418 600 1558 640 solum
1586 615 1664 654 pu—

238 681 343 720 dore
385 677 539 718 delicta
579 694 665 718 non
707 677 869 727 velant,
917 678 990 718 sed
1030 694 1124 718 cum
1168 678 1285 718 omni
1323 694 1365 718 se
1405 676 1661 733 procacitate

239 756 520 813 prostituunt:
566 754 665 795 ideo
710 754 901 795 assumsit
945 756 1186 811 exemplum
1230 754 1392 795 animae
1432 753 1665 794 meretricis

238 835 282 876 in
311 831 547 890 peccatrice
578 832 656 873 ista
683 833 944 882 Jerusalem,
984 844 1025 873 et
1055 833 1134 882 ait,
1179 848 1270 872 eam
1299 831 1481 872 similem
1512 831 1664 870 factam

236 910 428 953 mulieris
466 910 717 951 fornicariae
756 909 947 966 procacis
986 910 1030 950 in
1071 910 1350 951 fornicatione
1381 926 1465 950 sua.
1528 909 1663 963 Saepe

237 1007 260 1031 a
299 988 420 1029 nobis
459 987 560 1028 talia
601 988 935 1028 committuntur.
995 987 1083 1041 Qui
1125 988 1235 1028 enim
1274 1004 1296 1028 a
1334 988 1536 1040 religione
1576 1002 1663 1042 non

238 1067 405 1124 penitus
434 1076 717 1114 recesserunt,
754 1064 978 1104 vincuntur
1008 1082 1108 1105 vero
1144 1082 1166 1105 a
1195 1077 1387 1121 peccato,
1418 1075 1460 1104 et
1489 1079 1667 1119 peccan—

237 1157 298 1186 tes
331 1145 461 1183 latere
492 1140 742 1190 desiderant,
773 1140 927 1181 similia
956 1140 1116 1181 faciunt
1144 1141 1358 1182 meretrici
1389 1139 1665 1180 erubescenti.

239 1220 328 1276 Qui
371 1234 471 1259 vero
511 1216 762 1269 religionem
801 1215 970 1270 penitus
1012 1230 1271 1268 aversantur,
1313 1217 1354 1258 in
1393 1229 1579 1266 tantum,
1619 1228 1667 1257 ut

236 1315 324 1340 non
365 1306 513 1337 curent
552 1295 605 1334 de
645 1293 872 1349 episcop0,
914 1294 966 1334 de
996 1293 1271 1351 presbyteris,
1312 1294 1364 1334 de
1396 1293 1582 1335 diaconis
1606 1293 1666 1349 ²),

238 1377 291 1416 de
321 1372 541 1421 fratribus,
571 1371 646 1411 sed
676 1387 770 1411 cum
804 1371 920 1410 omni
950 1371 1208 1426 procacitate
1239 1372 1511 1428 delinquunt,
1551 1371 1665 1412 simi-

236 1453 297 1493 les
330 1451 438 1491 fiunt
471 1447 685 1488 meretrici
717 1464 813 1488 cum
841 1448 996 1494 fiducia
1025 1448 1288 1504 prostitutae.
1336 1448 1543 1502 Queritur
1567 1465 1663 1502 ergo

238 1530 281 1571 in
312 1525 522 1585 praesenti
552 1525 650 1565 loco
685 1526 736 1565 de
766 1526 1001 1580 peccatrice
1030 1525 1266 1566 Jerusalem
1295 1525 1434 1575 Deus,
1476 1526 1572 1581 quia
1606 1528 1667 1567 fa—

239 1607 296 1647 cit
335 1619 465 1660 opera
501 1602 691 1642 mulieris
729 1602 964 1643 meretricis
1002 1603 1334 1651 inverecundae,
1380 1614 1421 1642 et
1465 1603 1568 1644 dicit
1612 1605 1664 1645 ad

239 1698 352 1724 eam:
393 1691 471 1731 „et
496 1679 539 1735 ³)
575 1678 783 1719 fornicata
815 1695 855 1719 es
885 1679 1111 1734 tripliciter
1138 1679 1181 1719 in
1210 1679 1376 1718 filiabns
1402 1678 1528 1719 tuis.“
1585 1681 1667 1721 Ex-

237 1758 459 1817 posuimus
498 1757 606 1806 hoc,
646 1756 814 1812 quando
853 1756 979 1797 nobis
1018 1756 1179 1797 dictum
1210 1767 1292 1797 est:
1333 1755 1595 1806 „aedificasti
1621 1758 1664 1814 ⁴)

237 1840 415 1894 lupanar
442 1847 565 1876 tuum
594 1832 639 1873 in
671 1833 807 1889 capite
840 1833 976 1875 omnis
1004 1834 1106 1885 viae,
1139 1845 1180 1875 et
1207 1835 1352 1875 basem
1381 1844 1498 1874 tuam
1526 1834 1664 1876 fecisti

238 1917 281 1956 in
313 1913 430 1956 omni
459 1912 639 1967 platea.“

349 1991 389 2034 2.
425 1989 636 2030 Volumus
666 2000 808 2030 autem
840 2001 880 2030 et
902 2006 1013 2031 nunc
1036 1988 1317 2044 interpretari,
1348 1988 1450 2043 quid
1475 1988 1528 2028 sit
1551 1989 1665 2029 aedi-

235 2071 362 2111 ficare
394 2068 585 2121 lupanar,
614 2081 703 2106 non
732 2066 983 2123 simpliciter
1008 2067 1049 2121 ⁵)
1080 2065 1121 2106 in
1155 2064 1273 2105 omni
1304 2064 1390 2114 via,
1421 2066 1495 2106 sed
1525 2066 1569 2106 in
1600 2083 1665 2108 ca-

235 2146 325 2202 pite
363 2141 499 2184 omnis
530 2140 636 2192 viae,
667 2159 722 2183 ne
753 2144 969 2185 suffecisse
1000 2142 1193 2183 videatur
1219 2141 1457 2183 aedificasse
1488 2143 1665 2199 lupanar

233 2223 278 2264 in
311 2221 446 2278 capite
477 2219 613 2260 omnis
646 2219 749 2270 viae,
778 2222 854 2261 sed
881 2221 1054 2276 insuper
1084 2231 1125 2260 et
1153 2220 1297 2259 basem
1325 2235 1443 2260 suam
1472 2221 1662 2275 posuisse

234 2298 279 2340 in
321 2297 438 2338 omni
475 2295 628 2351 platea.
702 2297 804 2337 Duo
848 2314 945 2351 ergo
994 2296 1203 2350 generalia
1245 2308 1419 2352 peccata
1459 2299 1664 2352 peccavit,

240 2392 336 2416 cum
374 2371 611 2415 aedificavit
651 2373 827 2430 lupanar
865 2392 988 2416 suum
1025 2375 1067 2414 in
1110 2373 1245 2429 capite
1291 2373 1426 2414 omnis
1463 2374 1576 2427 viae,
1623 2389 1663 2417 et

238 2470 335 2494 cum
365 2451 467 2493 fecit
495 2451 660 2500 basem,
698 2463 739 2492 et
771 2452 988 2493 constituit
1018 2468 1109 2493 eam
1139 2451 1182 2491 in
1214 2450 1331 2491 omni
1359 2451 1500 2508 platea
1528 2469 1664 2494 mere-

359 2620 397 2674 ¹)
430 2619 509 2660 Ed.
540 2619 676 2660 Ruaei
706 2620 815 2661 sola:
848 2620 1033 2676 suscipit.

352 2690 398 2744 ²)
427 2688 536 2730 Edd.
567 2688 742 2730 Merlini
773 2690 839 2731 hic
870 2691 979 2731 illic:
1015 2689 1271 2731 diaconibus.

352 2760 395 2815 3)
425 2759 576 2799 Ezech.
608 2759 724 2810 XVI,
754 2758 819 2802 30.
941 2761 984 2814 ⁴)
1016 2760 1168 2801 Ezech.
1198 2760 1315 2809 XVI,
1345 2758 1412 2802 31.

353 2830 395 2884 ⁵)
426 2829 505 2870 Ed.
536 2829 669 2870 Ruaei
700 2830 810 2871 sola:
842 2829 1047 2872 similiter.
