1759 3134
629 159 825 201 HommA
853 159 950 200 XII.
1417 161 1497 204 159

82 272 179 323 Dei,
209 272 370 313 Pharao
400 269 586 311 tribuere
616 269 830 320 auxilium,
861 285 1004 310 verum
1036 270 1077 311 in
1106 271 1248 312 medio
1267 271 1495 329 Babylonis

84 366 161 405 pro
193 366 264 390 sua
292 348 649 404 praevaricatione
679 346 895 388 morietur.

196 427 234 469 5.
292 424 458 465 Deinde
489 425 697 480 sequitur,
736 436 776 464 et
805 434 963 473 narrat,
1003 422 1105 478 quid
1133 436 1375 478 peccatores
1404 442 1496 481 pas-

86 504 170 543 suri
200 514 306 552 sunt,
337 513 377 542 et
407 514 504 557 post
532 503 632 542 haec
661 501 931 557 prosperiora
962 516 1149 556 quaeque
1178 515 1495 552 commemorat,

86 580 249 620 dicens:
288 578 526 634 „accipiam
550 579 590 634 l)
624 594 720 630 ergo
754 579 805 618 de
838 577 980 618 electis
1012 577 1144 627 cedri,
1187 589 1227 617 et
1258 579 1309 618 de
1340 580 1494 620 vertice

85 655 221 697 cordis
252 671 400 696 eorum
416 657 459 712 ²)
489 656 681 705 avellam,
712 667 752 695 et
780 655 981 710 plantabo
1011 654 1150 710 ipsum
1183 654 1226 695 in
1254 668 1398 696 monte
1429 673 1496 696 ex-

83 732 236 772 celso.“
305 732 410 774 Post
453 732 793 782 maledictiones,
839 748 937 787 quas
982 748 1106 786 supra
1152 733 1494 782 memoravimus,

79 808 350 863 repromissio
388 809 659 850 beatitudinis
700 821 741 849 et
782 807 1045 849 dulcissimae
1088 808 1410 863 pollicitationis
1453 809 1494 849 in

80 885 162 925 fine
192 886 395 926 sermonis
424 887 660 942 profertur:
702 885 797 941 quia
832 885 941 943 jam,
979 884 1050 941 qui
1089 885 1308 941 suppliciis
1337 886 1495 938 indige—

81 964 201 1012 bant,
239 963 403 1004 fuerant
439 980 518 1019 pro
560 963 742 1018 peccatis
772 962 855 1003 suis
885 974 1096 1003 tormenta
1125 962 1324 1018 perpessi.
1382 963 1495 1003 Intra

78 1051 234 1080 memet
270 1040 410 1096 ipsum
446 1056 547 1080 vero
588 1040 871 1090 considerans,
919 1052 959 1080 et
997 1039 1219 1092 diligenter
1255 1038 1370 1079 istius
1408 1038 1494 1079 loci

79 1134 244 1159 sensum
271 1129 547 1174 pertractans,
579 1117 759 1158 arbitror
789 1119 840 1158 de
871 1116 1074 1173 apostolis
1103 1116 1361 1172 prophetari.
1421 1116 1495 1157 Isti

81 1195 238 1251 quippe
276 1207 371 1236 sunt
410 1196 461 1235 de
502 1196 644 1236 electis
677 1195 813 1244 cedri,
850 1195 901 1234 de
933 1194 1200 1243 summitate,
1239 1194 1291 1234 de
1321 1194 1493 1243 vertice,

80 1288 184 1327 quos
214 1272 329 1313 dedit
358 1273 475 1313 Deus
505 1272 549 1312 in
578 1271 761 1312 virorem
794 1270 948 1321 seculi,
989 1272 1136 1311 radens
1175 1272 1302 1312 corda
1333 1287 1494 1320 eorum,

83 1360 124 1388 et
159 1350 349 1404 plantans
389 1365 458 1389 eos
500 1349 543 1389 in
578 1360 723 1388 monte
769 1348 931 1388 excelso
972 1349 1073 1388 Jesu
1105 1348 1271 1389 Christo
1301 1347 1492 1389 Domino

78 1436 237 1465 nostro.
298 1425 437 1481 ‚,Et³)
467 1426 718 1479 suspendam
747 1424 886 1479 ipsum
916 1424 958 1465 in
986 1437 1132 1466 monte
1163 1425 1248 1465 alto
1281 1426 1422 1473 Israel,
1454 1436 1495 1465 et

78 1501 303 1555 plantabo,
350 1512 391 1540 et
427 1501 637 1556 producet
673 1500 971 1556 propaginem,
1018 1513 1058 1542 et
1100 1501 1226 1542 faciet
1267 1503 1494 1542 fructum.“

78 1577 288 1617 Fecerunt
325 1576 393 1617 isti
421 1577 693 1632 propagines,
732 1578 962 1618 attulerunt
991 1580 1161 1619 fructus.
1222 1578 1309 1628 „Et
1332 1578 1373 1634 ⁴)
1416 1578 1493 1618 erit

77 1653 120 1694 in
152 1655 323 1694 cedrum
352 1660 585 1706 magnam.“
645 1654 875 1696 Considera
911 1655 1243 1707 magnitudinem
1282 1667 1323 1695 et
1363 1655 1494 1695 subli-

77 1730 267 1771 mitatem
297 1730 495 1771 ecclesiae
523 1731 689 1780 Christi,
718 1743 765 1771 ut
794 1731 999 1782 intelligas
1028 1730 1141 1788 juxta
1170 1731 1495 1786 promissionem

77 1807 163 1847 Dei
191 1808 349 1848 factum
379 1823 479 1857 esse,
511 1808 626 1863 quod
657 1807 829 1849 dicitur:
862 1819 932 1858 „et
953 1808 993 1863 ⁵)
1027 1808 1104 1848 erit
1132 1807 1177 1847 in
1208 1809 1378 1848 cedrum
1407 1824 1494 1848 ma-

77 1900 222 1936 gnam,
264 1895 304 1924 et
344 1883 578 1939 requiescet
607 1901 733 1940 super
764 1901 814 1925 eo
849 1884 985 1925 omnis
1015 1884 1121 1935 avis,
1152 1896 1192 1925 et
1224 1901 1347 1924 omne
1379 1885 1494 1925 vola-

77 1961 151 2001 tile
182 1962 258 2001 sub
287 1962 436 2001 umbra
467 1959 553 2019 ejus
582 1961 856 2017 requiescet.“
913 1962 1089 2002 Assume
1116 1961 1196 2002 tibi
1225 1978 1381 2017 pennas
1410 1977 1495 2002 ser-

76 2037 214 2079 monis
254 2036 362 2087 Dei,
408 2049 448 2078 et
486 2037 646 2093 poteris
685 2054 905 2094 repausare
943 2040 1020 2079 sub
1055 2039 1132 2079 hac
1170 2039 1340 2087 arbore,
1388 2054 1493 2094 quae

76 2115 263 2170 plantata
299 2125 359 2154 est
388 2114 431 2155 in
461 2127 607 2156 monte
639 2116 816 2156 excelso.
876 2116 1015 2171 „Et⁶)
1046 2116 1294 2172 requiescet,
1326 2126 1366 2155 et
1393 2131 1494 2170 pro-

76 2190 245 2246 pagines
275 2189 362 2246 ejus
392 2191 706 2234 restituentur.“
751 2193 882 2244 Vide,
913 2194 1131 2249 quomodo
1162 2193 1204 2234 in
1234 2194 1346 2232 bona
1375 2203 1493 2247 parte

75 2267 300 2324 prophetia
343 2268 522 2311 finiatur.
609 2270 811 2326 Sequitur
862 2270 994 2311 enim:
1046 2282 1126 2321 „et
1150 2270 1191 2327 ⁷)
1240 2281 1493 2324 cognoscent

80 2344 220 2385 omnia
250 2345 360 2398 ligna
390 2347 549 2403 campi,
591 2349 707 2404 quod
736 2363 812 2400 ego
842 2347 1073 2398 Dominus,
1117 2347 1189 2404 qui
1226 2347 1403 2387 humilio
1440 2346 1490 2386 li-

79 2437 206 2474 gnum
242 2422 385 2464 altum.
399 2429 424 2448 ‘⁴
496 2424 676 2478 Lignum
713 2425 844 2466 altum
887 2426 1073 2482 populus
1112 2425 1372 2467 Judaeorum
1416 2434 1491 2473 est,

196 2589 238 2642 ¹)
272 2589 358 2631 Cfr.
387 2589 536 2632 Ezech.
567 2593 706 2643 XVII,
735 2593 802 2637 22.

193 2661 237 2716 ²)
267 2660 400 2700 Deest
429 2668 648 2710 „eorum“
677 2663 720 2703 in
754 2664 816 2706 ed.
847 2663 995 2706 Ruaei.

195 2731 237 2785 ³)
270 2729 355 2770 Cfr.
388 2729 538 2771 Ezech.
570 2731 708 2783 XVII,
735 2733 803 2777 23.
921 2734 965 2789 ⁴)
996 2733 1149 2774 Ezech.
1179 2732 1318 2782 XVII,
1346 2731 1413 2774 23.

196 2800 238 2855 ⁵)
268 2800 420 2840 Ezech.
448 2800 587 2850 XVII,
615 2800 683 2845 23.
801 2797 844 2859 ⁶)
875 2804 962 2846 Cfr.
992 2802 1142 2845 Ezech.
1173 2801 1312 2851 XVII,
1343 2800 1407 2843 23.

193 2869 235 2923 ⁷)
266 2868 415 2911 Ezech.
446 2870 584 2920 XVII,
611 2870 679 2914 24.
