1759 3134
701 128 842 168 Lusca
871 127 926 167 11.
1436 127 1516 172 411

105 254 181 298 put
212 240 298 298 ejus
329 240 562 281 diademata
591 240 723 279 multa
752 237 945 278 habentia
975 253 1130 278 nomen
1154 238 1371 294 scriptum,
1403 242 1519 296 quod

104 336 230 361 nemo
260 317 380 359 novit
407 317 486 358 nisi
517 316 626 373 ipse:
659 327 701 356 et
730 316 956 371 adopertus
984 325 1072 355 erat
1088 314 1340 357 vestimento
1359 317 1400 373 ¹)
1429 334 1520 359 san-

104 397 227 450 guine
266 409 514 450 consperso,
559 404 600 434 et
637 394 866 434 vocabatur
903 407 1061 433 nomen
1099 392 1186 451 ejus
1216 393 1392 435 verbum
1421 394 1519 436 Dei.

103 474 159 514 Et
201 471 401 514 exercitus
442 469 529 527 ejus
569 481 655 512 erat
690 469 735 512 in
776 469 922 519 coelo,
969 480 1010 510 et
1039 472 1321 527 sequebantur
1351 472 1520 514 eumin

105 549 220 607 equis
257 547 387 598 albis,
431 546 569 588 induti
606 546 773 605 byssino
814 547 911 588 albo
955 563 1078 603 puro.
1095 554 1120 572 “
1185 549 1271 591 Sed
1316 565 1422 606 opus
1462 560 1524 591 est

103 626 230 681 gratia
257 625 361 675 Dei,
411 641 516 681 quae
553 625 707 666 horum
742 623 866 665 nobis
909 623 1069 680 aperiat
1106 624 1395 677 intellectum,
1436 642 1521 683 quo

101 703 309 760 possimus
346 703 585 752 advertere,
633 702 734 759 quid
763 700 865 742 istae
902 701 1090 744 indicent
1120 702 1323 754 visiones,
1370 702 1442 761 qui
1470 703 1525 745 sit

103 797 233 838 equus
261 781 400 829 albus,
441 790 482 820 et
513 778 585 835 qui
615 778 690 829 sit,
728 782 800 835 qui
829 779 946 820 sedet
976 796 1103 836 super
1134 797 1251 832 eum,
1294 779 1409 838 cujus
1448 797 1525 823 no-

101 874 199 900 men
230 869 291 898 est
323 857 499 897 verbum
527 855 623 896 Dei.
680 855 738 896 Et
774 857 885 897 forte
916 857 1089 913 quidem
1121 857 1223 899 dicit
1254 857 1426 915 aliquis,
1466 859 1525 900 al-

100 937 203 977 bum
233 951 320 976 esse
351 949 507 990 equum
537 949 704 989 corpus,
736 935 852 991 quod
880 933 1072 976 assumsit
1099 934 1336 987 Dominus,
1368 947 1409 976 et
1438 952 1524 993 quo

101 1013 198 1064 illa,
231 1011 302 1069 qui
331 1010 375 1052 in
402 1010 614 1067 principio
647 1023 734 1053 erat
763 1013 876 1069 apud
905 1012 1049 1053 Deum
1077 1012 1197 1054 Deus
1226 1015 1426 1065 verbum,
1455 1013 1524 1055 vel

101 1090 286 1140 vestitus,
317 1089 386 1130 vel
415 1100 558 1130 vectus
590 1099 662 1129 est.
708 1088 830 1130 Alius
861 1101 1000 1132 autem
1031 1090 1213 1133 animam
1244 1090 1368 1140 dicet,
1401 1106 1526 1147 quam

100 1166 292 1208 assumsit
327 1165 633 1223 primogenitus
675 1165 811 1206 omnis
854 1179 1090 1218 creaturae,
1135 1179 1175 1209 et
1219 1169 1270 1210 de
1302 1184 1383 1224 qua
1413 1166 1529 1209 dice·

100 1246 190 1285 bat:
232 1254 520 1300 „potestatem
536 1241 578 1297 2)
616 1242 751 1284 habeo
797 1245 988 1300 ponendi
1028 1261 1143 1295 eam,
1189 1256 1230 1286 et
1270 1256 1528 1301 potestatem

101 1322 235 1363 habeo
273 1320 426 1362 iterum
465 1320 658 1362 sumendi
703 1337 805 1363 eam.
820 1327 844 1347 “
904 1322 1024 1363 Alius
1063 1338 1163 1363 vero
1201 1332 1429 1378 utrumque
1474 1321 1528 1364 si-

102 1399 213 1449 mul,
246 1414 398 1454 corpus
428 1409 552 1454 atque
582 1398 785 1450 animam,
817 1399 934 1455 quasi
963 1398 1038 1440 ubi
1067 1409 1290 1455 peccatum
1319 1415 1406 1440 non
1435 1400 1528 1441 fue·

101 1476 176 1527 rit,
205 1492 360 1532 equum
392 1475 475 1516 dici
504 1476 650 1517 album
680 1475 859 1533 putabit.
919 1476 1041 1518 Alius
1071 1477 1207 1518 adhuc
1240 1488 1390 1533 quarto
1423 1478 1524 1518 loco

106 1553 325 1595 ecclesiam
357 1553 488 1604 dicet,
534 1570 640 1610 quae
672 1566 712 1595 et
754 1571 906 1611 corpus
947 1554 1034 1612 ejus
1074 1553 1340 1605 nominatur,
1384 1555 1530 1597 album

105 1631 239 1673 videri
271 1647 449 1688 equum,
482 1631 600 1687 quasi
628 1648 715 1672 non
744 1632 969 1673 habentem
998 1648 1085 1672 non
1115 1632 1327 1673 maculam
1357 1644 1429 1674 aut
1458 1651 1527 1674 ru-

103 1726 217 1762 gam,
263 1725 389 1765 quam
425 1708 505 1750 sibi
545 1708 633 1766 ipse
663 1709 936 1751 sanctificavit
967 1710 1134 1750 lavacro
1169 1725 1311 1766 aquae.
1372 1711 1533 1752 Secun-

105 1789 206 1829 dum
244 1787 440 1843 autem3)
469 1787 572 1828 haec
611 1786 772 1840 singula
812 1787 938 1829 etiam
977 1787 1051 1828 illa
1082 1787 1286 1844 accipiet,
1333 1805 1439 1845 quae
1470 1805 1533 1830 se-

106 1877 310 1922 quuntur,
340 1864 537 1906 militiam
569 1865 699 1915 coeli,
732 1869 774 1908 et
806 1865 1034 1907 exercitum
1065 1864 1185 1907 verbi
1213 1865 1322 1916 Dei,
1355 1877 1396 1907 et
1427 1882 1535 1923 quo·

103 1946 234 1986 modo
266 1943 416 1997 singuli
463 1944 800 2000 quique.eorum
840 1955 1060 2001 sequentes
1093 1944 1269 1985 verbum
1299 1943 1384 1985 Dei
1416 1943 1533 2002 equis

102 2022 207 2064 albis
236 2023 420 2072 sedeant,
451 2033 492 2063 et
521 2021 697 2080 byssinis
727 2021 832 2063 albis
862 2022 1090 2063 induantur
1121 2033 1163 2063 et
1191 2021 1372 2063 mundis.
1419 2021 1533 2063 Huic

103 2116 201 2153 ergo
233 2115 343 2156 equo
375 2100 488 2150 albo,
521 2115 605 2156 quo
635 2100 724 2156 ipse
755 2099 933 2151 vehitur,
967 2100 1040 2157 qui
1070 2100 1248 2140 verbum
1271 2099 1357 2140 Dei
1387 2101 1534 2157 appel-

103 2180 227 2229 latur,
255 2179 324 2218 vel
352 2177 450 2219 huic
481 2177 686 2234 equitatui
720 2178 906 2228 coelesti,
939 2178 1010 2234 qui
1043 2195 1139 2219 eum
1176 2177 1370 2233 sequitur
1399 2177 1444 2219 in
1475 2179 1535 2219 al-

103 2256 168 2297 his
198 2255 472 2297 nihilominus
502 2255 642 2313 equis,
678 2267 894 2313 comparat
925 2267 967 2296 et
996 2256 1180 2298 similem
1209 2255 1313 2297 facit
1345 2257 1536 2300 Christus

106 2333 325 2375 ecclesiam
360 2349 489 2375 suam.
560 2334 610 2374 In
662 2334 852 2375 curribus
898 2346 1040 2376 autem
1080 2333 1313 2376 Pharaonis
1361 2335 1431 2376 vel
1478 2334 1535 2376 ita

104 2429 326 2469 possumus
365 2412 578 2467 accipere,
623 2424 694 2461 ut,
741 2424 942 2468 quantum
991 2413 1060 2454 hic
1102 2411 1282 2454 Domini
1326 2411 1535 2468 equitatus

105 2489 338 2546 equitatum
368 2502 410 2530 et
441 2506 584 2530 currus
613 2489 843 2531 Pharaonis
882 2489 1038 2531 evincit
1078 2500 1119 2530 et
1161 2489 1404 2546 praecellit,
1447 2501 1538 2531 tan-

223 2688 263 2744 l)
292 2687 401 2730 Edd.
433 2688 492 2729 M.
525 2686 856 2737 „vestimentum
884 2687 1081 2740 sanguine
1114 2691 1435 2745 conspersum.“

225 2758 267 2813 ²)
298 2758 374 2799 Ev.
406 2759 556 2799 Joann.
586 2757 642 2808 X,
675 2756 738 2801 18.

222 2828 264 2884 ³)
295 2828 403 2869 Edd.
434 2827 497 2868 M.
538 2827 676 2877 „haec
716 2839 855 2869 autern
898 2826 1059 2881 singula
1100 2827 1228 2870 etiam
1272 2826 1346 2869 illa
1383 2827 1535 2885 accipi,

107 2901 212 2942 quae
242 2890 506 2941 sequuntur“
538 2894 615 2926 etc.
