1759 3134
628 163 826 205 HommA
856 162 927 203 lv.
1426 164 1481 208 63

67 275 277 318 institutis.
337 274 468 328 Igitur
495 274 715 332 Beniamin
743 272 965 331 Beniamin
1005 285 1185 325 generat.
1246 272 1480 328 Quomodo

71 370 167 406 ergo
198 354 327 393 homo
359 368 406 392 ex
436 353 628 402 homine,
666 350 888 409 Beniamin
928 367 976 390 ex
1003 350 1248 407 Beniamin,
1285 351 1344 392 sic
1372 352 1483 392 Juda

71 446 119 470 ex
148 431 270 480 Juda,
299 430 450 470 Ruben
482 446 528 469 ex
559 430 710 470 Ruben
738 427 933 469 nascitur.
985 429 1137 468 Ruben
1169 429 1325 484 quippe
1357 428 1481 478 vivat,

75 519 115 547 et
154 523 240 548 non
278 506 504 556 moriatur,
544 518 585 547 et
621 503 673 546 ¹sit
713 505 871 545 multus
908 505 952 545 in
987 521 1177 545 numerO.
1236 506 1286 545 In
1320 518 1484 546 tantum

69 600 154 624 non
187 595 273 623 erat
304 585 355 624 de
386 584 618 639 patriarcha
646 599 798 632 sermo,
828 583 902 623 sed
932 583 983 622 de
1013 583 1198 637 populo,
1231 582 1301 637 qui
1333 584 1383 622 de
1413 599 1486 638 pa-

69 661 247 702 triarcha
287 663 556 701 descensurus
598 671 695 700 erat.
758 660 843 700 Cur
871 659 971 699 haec
1003 658 1114 699 dicta
1142 658 1266 699 sunt?
1322 659 1484 699 Videli-

72 750 137 778 cet
174 750 223 778 ut
261 748 522 793 praesentem
565 737 707 777 locum
745 752 999 791 exponerem
1030 736 1081 775 de
1110 737 1204 776 Noe
1235 747 1276 775 et
1304 735 1482 775 Daniele

72 826 113 855 et
142 816 238 855 Job.
293 814 525 867 Quomodo
559 813 669 854 enim
697 813 828 854 Israel
857 814 985 854 Israel
1015 824 1195 864 generat,
1227 824 1268 852 et
1293 813 1425 853 Jacob
1444 814 1484 868 ¹)

67 893 222 940 Jacob,
263 902 303 931 et
332 892 484 931 Ruben
513 891 686 940 Ruben,
726 890 880 946 reliqui
916 890 1125 945 reliquos,
1164 889 1222 930 sic
1251 891 1344 930 *Noe
1376 891 1482 929 Noe.

67 968 123 1008 Et
153 968 301 1017 dicam,
334 967 430 1023 quia
461 969 512 1009 de
542 968 642 1008 filiis
672 969 778 1018 Noe,
811 968 911 1009 Sem
928 968 969 1023 ²)
1000 969 1094 1008 Noe
1124 967 1264 1016 fuerit,
1295 967 1484 1021 Cham3)

67 1061 167 1085 vero
205 1061 293 1085 non
334 1045 461 1085 fuerit
489 1047 595 1086 Noe.
654 1047 802 1100 Neque
843 1045 955 1085 enim
991 1044 1136 1085 habuit
1164 1043 1485 1084 similitudinem

65 1121 194 1177 patris
224 1121 299 1163 sui.
358 1122 414 1162 Et
441 1135 489 1163 ut
516 1139 603 1163 non
635 1139 791 1171 omnes,
824 1122 896 1178 qui
927 1139 974 1163 ex
995 1121 1215 1171 Abraham,
1243 1120 1325 1161 filii
1353 1122 1486 1161 Abra-

67 1199 176 1249 ham,
209 1198 309 1240 licet
335 1199 417 1240 sint
447 1200 497 1239 de
528 1199 685 1240 semine
717 1199 817 1257 ejus,
847 1216 935 1240 non
956 1210 1051 1240 sunt
1074 1199 1153 1238 filii
1176 1198 1319 1254 ipsius,
1351 1214 1485 1253 quon-

70 1276 154 1317 iam
198 1288 442 1332 peccatores
487 1286 601 1316 sunt:
647 1275 705 1316 sic
750 1277 814 1326 hi,
860 1277 932 1332 qui
974 1277 1128 1316 habent
1164 1275 1485 1315 similitudinem

70 1355 279 1394 factorum
307 1351 517 1401 Danielis,
551 1353 705 1392 Daniel
734 1364 850 1393 sunt:
893 1352 963 1408 qui
995 1352 1211 1392 imitantur
1239 1352 1485 1407 patientiam

68 1432 172 1480 Job,
210 1432 294 1471 Job
324 1431 442 1470 fiunt.
500 1430 603 1471 Noli
642 1446 738 1481 ergo
778 1429 939 1479 dicere,
978 1430 1124 1469 beatus
1153 1430 1246 1470 Noe
1284 1429 1485 1483 quoniam

69 1507 214 1559 dignus
245 1508 420 1554 effectus
452 1506 534 1556 est',
570 1517 618 1546 ut
657 1505 700 1546 in
739 1505 900 1545 diluvio
944 1506 1058 1546 solus
1090 1506 1314 1558 eligeretur
1344 1522 1365 1546 a
1393 1506 1486 1546 Do-

68 1583 208 1635 mino,
253 1595 293 1624 et
325 1583 470 1624 ceteris
500 1583 776 1623 inundatione
807 1583 1080 1638 pereuntibus
1111 1600 1207 1623 cum
1236 1583 1319 1623 suis
1349 1599 1486 1623 serva-

69 1667 185 1701 r'etur
226 1661 472 1701 incolumis:
512 1662 587 1701 sed
611 1659 862 1709 considera,
904 1659 999 1715 quia
1035 1660 1069 1700 si
1100 1672 1141 1701 et
1168 1672 1215 1700 tu
1244 1660 1394 1700 feceris
1426 1676 1486 1709 ea,

71 1753 176 1792 quae
214 1737 316 1777 fecit
353 1739 468 1786 Noe,
509 1736 587 1777 eris
625 1738 732 1778 Noe.
799 1736 914 1776 Audi
951 1736 1215 1776 Salvatorem
1256 1736 1485 1777 dicentem:

70 1813 132 1863 „si
155 1813 196 1869 ⁴)
229 1813 369 1854 essetis
400 1814 479 1854 filii
508 1813 712 1863 Abrahae,
743 1828 872 1868 opera
900 1813 1092 1853 Abrahae
1120 1812 1354 1853 faceretis.“
1407 1812 1487 1864 Igi-

70 1902 138 1931 tur
176 1890 210 1931 si
250 1890 340 1947 quis
380 1890 491 1930 filius
534 1902 594 1931 est
632 1891 863 1940 Abraham,
905 1890 1005 1930 facit
1041 1900 1152 1942 gesta
1186 1890 1412 1930 Abraham:
1452 1890 1487 1930 si

73 1967 163 2023 quis
193 1967 304 2007 filius
337 1978 396 2007 est
426 1968 540 2017 Noe,
571 1966 672 2007 facit
702 1983 808 2022 opus
838 1968 954 2008 Noe:
986 1966 1020 2007 si
1050 1966 1141 2023 quis
1170 1966 1282 2008 filius
1313 1979 1373 2008 est
1401 1968 1488 2008 Da-

70 2043 214 2093 nielis,
243 2043 344 2084 facit
373 2042 439 2093 id,
472 2044 587 2099 quod
616 2044 718 2084 fecit
747 2044 914 2085 Daniel.
975 2044 1021 2086 Si
1051 2043 1142 2100 quis
1172 2044 1381 2100 sequitur,
1411 2061 1489 2101 per

73 2121 188 2177 quod
227 2120 435 2173 gloriosus
465 2121 642 2162 effectus
675 2133 757 2171 est,
797 2133 844 2162 ut
866 2133 969 2178 puta
999 2121 1156 2172 omnis,
1199 2122 1271 2177 qui
1299 2123 1488 2162 substan-

73 2198 177 2239 tiam
205 2215 323 2239 suam
351 2198 514 2254 perdit,
554 2210 594 2239 et
633 2198 838 2240 sustinens
866 2200 1076 2255 patienter
1102 2210 1188 2239 tam
1215 2199 1393 2257 jacturas
1422 2215 1489 2240 re-

72 2292 168 2315 rum
194 2276 488 2326 familiarium,
533 2292 659 2331 quam
693 2287 852 2316 mortes
887 2276 1097 2327 filiorum,
1137 2276 1259 2318 dicit:
1301 2276 1489 2327 „Domi-

71 2368 148 2392 nus
172 2353 214 2409 ⁵)
257 2353 394 2403 dedit,
437 2353 647 2394 Dominus
686 2353 878 2394 abstulit:
925 2366 973 2407 ut
1009 2354 1200 2395 Domino
1239 2353 1375 2395 visum
1413 2365 1487 2403 est,

73 2427 131 2468 ita
154 2428 194 2484 6)
233 2430 391 2470 factum
432 2441 512 2470 est:
550 2430 602 2471 sit
639 2447 796 2471 nomen
822 2431 1002 2472 Domini
1029 2431 1301 2473 benedictum
1328 2432 1373 2472 in
1401 2447 1488 2472 sae-

77 2504 228 2545 cula:“
271 2506 341 2561 qui
369 2507 606 2549 incenditur
636 2508 826 2564 corporis
855 2509 997 2559 malis,
1039 2520 1080 2549 et
1108 2509 1342 2561 flagellatur
1371 2507 1485 2548 vario

194 2669 232 2724 ¹)
267 2670 345 2710 Ed.
365 2671 520 2713 Ruaei:
549 2674 634 2715 Job
652 2676 749 2715 Job.
814 2675 856 2730 2)
882 2676 991 2718 Edd.
1014 2677 1188 2719 B'Ierlini
1211 2677 1341 2717 male:
1373 2674 1486 2717 Seth.

190 2739 232 2794 3)
263 2740 371 2780 Edd.
403 2741 463 2782 M.
495 2759 740 2798 perperam:
773 2746 904 2788 Caim,

190 2807 233 2862 ⁴)
263 2809 338 2850 Ev.
370 2811 517 2852 Joann.
550 2813 667 2862 VIII,
697 2813 763 2857 39.
883 2817 925 2868 ⁵)
960 2816 1045 2858 Cfr.
1076 2817 1174 2857 Job.
1206 2817 1239 2866 I,
1269 2815 1336 2858 21·

190 2878 232 2932 ⁶)
265 2878 396 2921 Deest
427 2880 556 2931 „ita“
587 2881 630 2922 in
661 2883 754 2924 edd.
785 2885 971 2926 Merlini.
