1738 3134
236 144 293 189 20
643 143 862 185 Omnem
892 154 938 182 m
967 141 1262 184 Ilm-:cummim

240 270 474 300 metuentes
497 257 749 299 descendere
768 255 1010 312 priusquam
1025 253 1236 294 Dominus
1256 255 1455 294 virtutum
1479 255 1669 295 omnium

241 352 465 392 rerumque
512 333 787 390 praeciperet.
864 332 1047 386 Quando
1091 343 1230 371 autem
1277 332 1470 372 viderunt
1513 332 1669 387 princi-

242 430 340 469 pem
386 411 562 452 militiae
610 410 802 451 coelestis
846 409 888 449 in
930 409 1195 449 terrestribus
1243 408 1349 448 locis
1401 410 1667 458 commorari,

243 503 342 530 tunc
382 507 459 546 per
497 500 683 545 apertam
724 487 834 527 viam
871 487 1037 538 ingressi
1071 499 1162 526 sunt
1195 498 1414 542 sequentes
1447 486 1667 527 dominum

242 578 450 615 smum-ct
480 577 673 620 parentes
704 564 910 604 voluntati
944 562 1044 619 ejus,
1079 563 1148 618 qui
1183 562 1393 603 distribuit
1426 580 1497 604 eos
1530 576 1669 604 custo-

242 646 315 685 des
347 643 605 684 credentium
637 642 797 682 nomini
830 658 920 682 suo.
982 641 1046 681 Tu
1080 640 1167 680 lieri
1197 641 1273 680 sub
1307 640 1531 680 daemonio
1565 657 1666 688 eras,

242 721 369 761 hodie
408 722 484 761 sub
526 722 687 771 angelo.
768 719 963 769 „Nolim
989 719 1028 772 ¹)
1067 718 1200 773 inquit
1244 717 1479 766 Dominus,
1527 730 1669 758 conte-

241 815 385 839 mnere
411 814 541 838 unum
564 799 614 837 de
641 796 824 837 minimis
851 796 977 843 istis,“
1003 794 1073 850 qui
1095 806 1189 833 sunt
1214 794 1252 834 in
1277 795 1463 836 ecclesia.
1505 798 1668 844 „Amen

243 877 354 917 enim
396 876 491 916 dico
535 875 678 922 vobis,
727 873 821 929 quia
862 872 997 924 angeli
1041 889 1187 912 eorum
1227 889 1304 927 per
1345 873 1483 913 omnia
1525 873 1669 913 vident

243 956 392 995 faciem
424 953 566 1009 patris,
599 951 669 1008 qui
701 963 761 991 est
791 950 833 990 in
867 949 1039 993 coelis,“
1086 949 1390 1005 Obsequuntur
1418 949 1540 989 saluti
1571 961 1667 989 tuac

241 1031 396 1084 angeli,
444 1029 629 1071 concessi
669 1040 764 1069 sunt
800 1029 851 1068 ad
881 1025 1163 1067 ministerium
1195 1027 1273 1066 filii
1303 1026 1411 1075 Dei,
1453 1038 1493 1066 et
1524 1026 1666 1067 dicunt

239 1109 351 1148 inter
380 1124 443 1148 se:
475 1107 507 1147 si
541 1107 613 1146 ille
647 1105 876 1153 descendit,
908 1116 949 1144 et
981 1103 1198 1143 descendit
1228 1104 1269 1144 in
1304 1120 1470 1159 corpus,
1500 1104 1533 1144 si
1556 1121 1669 1144 mor·
1699 1114 1702 1118 '

240 1185 315 1226 tali
345 1184 516 1225 indutus
548 1195 606 1223 est
640 1199 784 1231 carne,
830 1194 870 1222 et
899 1180 1094 1221 sustinuit
1125 1197 1314 1229 crucem,
1353 1193 1392 1221 et
1422 1198 1500 1235 pro
1532 1181 1671 1221 homi-

239 1262 363 1303 nibus
393 1272 585 1301 mortuus
617 1271 698 1308 est,
738 1258 841 1314 quid
879 1273 956 1297 nos
997 1256 1280 1312 quiescimus?
1319 1257 1418 1312 quid
1460 1258 1669 1314 parcimus

240 1339 390 1381 nobis?
448 1337 525 1379 Eia
557 1353 702 1377 omnes
734 1335 869 1388 angeli
903 1335 1204 1375 descendamus
1236 1351 1257 1376 c
1291 1335 1438 1377 coelo!
1492 1337 1595 1376 Ideo
1630 1348 1669 1376 et

238 1416 471 1457 multitudo
510 1414 687 1454 militiae
728 1411 920 1453 coelestis
952 1424 1039 1452 erat
1070 1412 1330 1453 laudantium
1362 1424 1403 1452 et
1434 1413 1670 1464 glorifican-

240 1495 348 1535 tium
386 1493 549 1542 Deum,
593 1491 761 1547 quando
801 1500 921 1529 natus
962 1501 1022 1529 est
1054 1489 1255 1531 Christus.
1317 1489 1471 1531 Omnia
1511 1491 1668 1542 angelis

241 1573 367 1628 plena
395 1582 512 1620 sunt,
545 1568 639 1609 veni
680 1567 846 1619 angele,
885 1565 1050 1621 suscipe
1091 1582 1286 1606 sermone
1329 1583 1576 1607 conversum
1615 1570 1667 1608 ab

240 1665 383 1690 errore
412 1646 606 1703 pristino,
638 1662 660 1686 a
690 1643 883 1685 doctrina
913 1643 1257 1692 daemoniorum,
1287 1645 1339 1683 ab
1373 1644 1592 1700 iniquitate
1623 1645 1665 1686 in

239 1728 371 1767 altum
402 1726 626 1780 loquente:
667 1733 708 1762 et
747 1719 976 1776 suscipiens
1018 1737 1113 1760 eum
1154 1721 1269 1776 quasi
1310 1721 1500 1762 medicus
1528 1724 1664 1763 bonus

239 1805 420 1844 confove
449 1813 576 1856 atque
609 1799 804 1848 institue,
836 1797 1036 1853 parvulus
1069 1808 1142 1847 est,
1173 1798 1301 1838 hodie
1331 1800 1515 1840 nascitur
1542 1816 1664 1840 senex

236 1894 552 1937 repuerascens:
595 1888 636 1917 et
671 1876 837 1931 suscipe
876 1875 1065 1915 tribuens
1106 1874 1143 1914 ei
1172 1875 1429 1930 baptismum
1459 1879 1665 1918 secundae

235 1953 584 2010 regenerationis,
625 1964 666 1993 et
702 1953 861 1992 advoca
901 1951 979 1991 tibi
1024 1950 1130 1991 alios
1170 1952 1308 1992 socios
1338 1954 1558 1994 ministerii
1588 1955 1664 2004 tui,

237 2046 284 2075 ut
314 2032 455 2075 cuncti
485 2029 643 2087 pariter
672 2044 758 2078 eos,
798 2027 870 2083 qui
900 2027 1127 2083 aliquando
1161 2029 1328 2085 decepti
1358 2043 1466 2080 sunt,
1499 2033 1663 2073 erudia-

235 2111 290 2153 tis
321 2111 375 2150 ad
402 2109 545 2149 fidem.
605 2105 850 2157 „Gaudium
873 2107 915 2162 ²)
950 2105 1059 2146 enim
1100 2118 1160 2147 est
1198 2107 1329 2164 majus
1360 2109 1403 2149 in
1436 2110 1564 2150 coelis
1596 2128 1662 2150 su-

235 2204 314 2245 per
340 2203 474 2227 unum
493 2184 772 2241 'peccatorem
801 2181 1108 2238 poenitentiam
1139 2196 1351 2237 agentem,
1383 2203 1507 2242 quam
1537 2205 1661 2243 supra

233 2264 458 2317 nonaginta
486 2278 642 2303 novem
669 2259 814 2318 justos,
847 2260 995 2317 quibus
1025 2278 1111 2302 non
1144 2275 1204 2303 est
1232 2280 1338 2318 opus
1356 2263 1660 2319 poenitentia.“

233 2341 426 2383 Exsultat
458 2339 593 2381 omnis
626 2350 825 2389 creatura,
869 2339 1120 2380 collaetatur
1150 2351 1191 2380 et
1220 2340 1440 2395 applaudit
1469 2340 1545 2390 his,
1586 2341 1658 2397 qui

233 2418 420 2461 salvandi
444 2429 551 2458 sunt.
599 2417 706 2456 Nam
736 2417 1019 2471 „exspectatio
1043 2417 1084 2472 3)
1118 2429 1328 2457 creaturae
1352 2417 1658 2459 revelationem

232 2496 422 2536 filiorum
451 2493 535 2534 Dei
570 2501 821 2547 exspectat.“
872 2493 925 2533 Et
957 2494 1055 2534 licet
1085 2494 1219 2534 nolint
1253 2495 1294 2544 ii,
1330 2494 1401 2549 qui
1432 2494 1655 2550 scripturas

231 2572 483 2627 apostolicas
529 2569 914 2623 interpolaverunt,
969 2571 1207 2611 istiusmodi
1263 2588 1477 2612 sermones
1522 2572 1655 2613 inesse

231 2648 351 2689 libris
388 2663 557 2696 eorum,
604 2646 754 2702 quibus
801 2647 933 2701 possit
973 2660 1140 2689 creator
1182 2649 1370 2690 Clu-istus
1413 2649 1653 2705 approbari,

347 2809 388 2863 ι)
416 2777 510 2848 cfr.
544 2807 876 2855 Mau1..xvm,
910 2807 972 2849 10.
1093 2809 1136 2864 2)
1167 2809 1268 2850 Luc.
1300 2809 1393 2858 xv,
1426 2809 1462 2849 7.

343 2878 387 2933 3)
417 2878 541 2918 Rom.
570 2878 687 2926 vui,
719 2877 783 2919 19.
