1759 3134
236 105 319 150 252
529 104 749 147 Omcmus
779 117 824 146 m
857 105 1037 147 CAtmc.
1073 105 1373 151 CANTmORUM

235 216 565 275 poenitentiam,
604 228 643 257 et
682 217 906 259 adversarii
948 217 1036 275 ejus
1073 235 1238 259 rursum
1270 220 1322 260 ad
1353 219 1508 260 sororis
1547 219 1660 273 signa

238 295 451 345 conversi,
494 294 843 350 praedicaverunt
881 295 1032 344 fidem,
1072 281 1196 350 {luam
1239 306 1333 336 ante
1378 296 1662 338 destruebant,

236 375 332 415 Hoc
360 372 615 428 prophetico
646 372 795 428 spiritu
827 388 978 427 sponsa
1008 389 1121 413 nunc
1151 384 1337 423 cantans,
1379 372 1458 413 ait:
1499 372 1662 423 „dimi-

240 462 438 492 caverunt
469 449 512 506 Ι)
551 449 592 490 in
633 467 722 499 me,
771 461 1003 504 posuerunt
1050 467 1117 490 me
1167 451 1385 491 custodem
1435 450 1478 490 in
1517 449 1662 491 vineis.

236 528 412 570 Vineam
443 543 581 568 meam
615 543 701 568 non
734 526 984 568 custodivi.“
1044 527 1135 579 Ego
1168 528 1356 577 ecclesia,
1389 544 1465 580 ego
1496 543 1665 583 sponsa,

238 622 314 659 ego
345 605 433 646 sine
463 604 641 654 macula,
672 602 953 659 plurimarum
986 615 1122 644 custos
1154 621 1246 645 sum
1277 605 1415 660 posita
1446 604 1663 645 vinearum

236 701 259 725 a
287 683 386 724 filiis
415 682 562 723 matris
589 697 722 730 meae,
754 679 825 736 qui
853 692 997 722 contra
1022 698 1090 722 me
1108 682 1338 737 aliquando
1363 694 1661 738 pugnaverant.

237 760 334 816 Qua
365 758 654 801 sollicitudine
687 774 868 812 curaque
900 758 1107 810 districta,
1148 760 1249 799 dnm
1288 760 1434 815 plures
1466 758 1660 800 custodio

234 837 399 887 vineas,
438 836 605 877 vineam
634 852 771 876 meam
806 852 891 876 non
923 836 1095 877 servavi.
1156 836 1349 890 Intellige
1379 837 1483 878 mihi
1506 837 1548 892 ²)
1579 837 1662 877 hoc

237 916 288 955 dc
305 914 456 964 Paulo,
490 926 531 954 et
562 913 646 954 alio
681 928 935 969 quocunque
969 925 1223 964 sanctorum,
1256 915 1327 969 qui
1357 931 1437 970 pro
1470 914 1662 955 omnium

235 992 289 1034 sit
327 992 459 1033 salute
504 991 736 1032 sollicitus:
778 1001 818 1030 et
856 989 1041 1040 videbis,
1081 993 1301 1047 quomodo
1340 991 1504 1032 vineam
1542 1007 1660 1032 suam

233 1085 320 1111 non
351 1069 605 1118 custodiens,
637 1067 818 1108 aliorum
844 1066 981 1107 vineta
1010 1068 1238 1109 custodiat:
1271 1069 1490 1124 quomodo
1522 1068 1660 1116 etiam,

234 1158 281 1187 ut
318 1146 424 1187 alios
465 1144 722 1194 lucrifaciat,
762 1142 851 1198 ipse
891 1143 934 1183 in
973 1144 1225 1199 quibusdam
1259 1146 1409 1185 damna
1439 1144 1660 1185 sustineat:

235 1222 391 1264 etenim
431 1239 527 1262 cum
567 1221 696 1263 suerit
734 1219 843 1260 liber
882 1236 929 1260 ex
969 1221 1188 1271 omnibus,
1230 1238 1272 1262 se
1313 1221 1453 1277 ipsum
1494 1237 1661 1262 servum

233 1299 347 1351 fecit,
379 1311 427 1340 ut
458 1315 605 1340 omnes
635 1297 926 1339 lucrifaceret:
957 1298 1121 1348 „factus
1144 1300 1190 1353 ³)
1220 1315 1326 1348 sum,
1357 1298 1516 1354 inquit,
1546 1297 1662 1338 infir-

232 1395 326 1419 mus
356 1376 558 1426 infirmis,
594 1376 767 1416 Judaeis
797 1376 1009 1426 Judaeus,
1048 1375 1136 1425 his,
1178 1375 1250 1431 qui
1289 1376 1365 1416 sub
1406 1375 1498 1427 lege
1532 1385 1661 1423 erant,

235 1453 351 1510 quasi
381 1455 458 1494 sub
493 1454 648 1506 lege,“
689 1464 731 1494 et
762 1465 923 1503 cetera,
964 1453 1182 1509 dicatque:
1223 1453 1426 1503 „vineam
1450 1452 1491 1508 4)
1521 1468 1659 1492 meam

231 1548 319 1572 non
351 1530 603 1572 custodivi.“
661 1530 831 1571 Deinde
874 1531 1081 1587 conspicit
1109 1547 1336 1586 sponsum,
1376 1529 1448 1586 qui
1483 1545 1659 1584 conspe-

234 1620 325 1649 ctus
353 1608 542 1648 abscedit
567 1608 622 1663 ⁵).
680 1607 738 1648 Et
772 1608 1019 1663 frequenter
1055 1609 1139 1649 hoc
1178 1608 1220 1648 in
1258 1619 1352 1648 toto
1389 1607 1572 1648 carmine
1602 1607 1661 1647 sa-

235 1685 312 1726 cit:
357 1685 496 1741 quod,
535 1683 616 1725 nisi
647 1684 739 1740 quis
770 1684 861 1740 ipse
890 1684 1095 1740 patiatur,
1124 1701 1211 1725 non
1240 1696 1383 1740 potest
1412 1684 1662 1736 intelligere.

233 1763 384 1819 Saepe,
413 1763 533 1804 Deus
563 1762 680 1804 testis
712 1774 796 1813 est,
827 1779 1029 1818 sponsum
1059 1761 1164 1802 mihi
1195 1762 1420 1803 adventare
1450 1762 1662 1818 conspexi,

233 1852 276 1882 et
310 1856 480 1882 mecum
520 1856 607 1881 esse
648 1856 774 1897 quam
811 1838 1067 1896 plurimum:
1115 1855 1199 1895 quo
1241 1839 1382 1880 subito
1423 1840 1661 1891 recedente,

232 1917 420 1959 invenire
461 1934 549 1959 non
579 1918 726 1975 potui,
767 1918 883 1974 quod
916 1917 1181 1973 quaerebam.
1242 1918 1402 1958 Rursus
1432 1916 1559 1969 igitur
1589 1917 1660 1957 de-

233 1995 373 2036 sidero
406 1994 494 2053 ejus
529 1996 780 2046 adventum,
821 2007 862 2035 et
891 2011 979 2035 non
1009 2010 1226 2049 nunquam
1255 1993 1409 2033 iterum
1439 1993 1574 2034 venit:
1621 2007 1662 2034 et

234 2089 329 2114 cum
369 2073 632 2129 apparuerit,
682 2072 871 2128 meisque
919 2071 1112 2112 manibus
1149 2069 1278 2111 fuerit
1319 2071 1660 2126 comprehensus,

232 2166 399 2190 rursum
431 2150 632 2200 elabitur,
665 2162 707 2190 et
738 2166 833 2190 cum
863 2148 993 2190 fuerit
1023 2148 1211 2203 elapsus,
1251 2164 1416 2189 rursum
1449 2165 1471 2189 a
1501 2165 1568 2189 me
1599 2148 1660 2189 in-

235 2225 437 2282 quiritur,
478 2236 519 2266 et
556 2225 639 2266 hoc
682 2226 830 2266 crebro
870 2225 991 2275 facit,
1031 2225 1167 2265 donec
1198 2224 1322 2265 illum
1354 2242 1449 2266 vere
1481 2238 1659 2276 teneam,

235 2314 277 2344 et
305 2303 557 2345 adscendam
587 2302 726 2343 innixa
747 2302 789 2358 6)
821 2318 949 2359 super
977 2302 1222 2344 fratruelem
1252 2319 1409 2344 meum.

357 2513 394 2566 ²)
427 2512 584 2554 Cantic.
622 2514 653 2563 I,
684 2512 721 2555 6.

349 2583 392 2638 ²)
418 2583 551 2624 Deest
585 2582 761 2633 ‚,mihi“
792 2582 833 2623 in
866 2584 929 2623 cd.
963 2583 1109 2624 Ruaci.

353 2655 396 2710 ³)
427 2655 448 2694 Ι
469 2654 569 2696 Cor.
602 2654 677 2704 IX,
706 2653 772 2696 22.
805 2652 871 2696 20.
994 2655 1035 2710 ⁴)
1068 2654 1228 2696 Camic.
1263 2654 1294 2704 I,
1325 2653 1363 2695 6.

355 2723 400 2778 ⁵)
428 2723 537 2764 Edd.
569 2722 764 2764 Merlini:
798 2724 1006 2766 abscessit.

355 2793 397 2849 ⁶)
426 2793 527 2835 Mss.
568 2793 789 2844 ‚‚innixa.“
849 2794 964 2835 Libri
1008 2793 1129 2835 editi:
1173 2792 1416 2844 ‚,innixus.“
1458 2817 1508 2824 --
1548 2792 1654 2833 Edd.

238 2849 410 2892 blerlini
425 2868 432 2891 :
465 2881 487 2900 ‚,
499 2849 695 2892 invisus.“
