1759 3134
645 123 845 166 HommA
872 122 926 161 X.
1415 122 1495 168 137

78 236 240 277 Judaea
269 247 310 277 et
339 236 390 277 de
420 235 619 285 Samaria,
649 247 690 276 et
719 233 1002 290 captivitatem
1032 232 1239 284 sustinuit,
1269 245 1311 275 et
1339 254 1495 281 nomen

80 313 265 368 accepit,
302 329 388 354 non
425 313 580 354 habens
619 312 781 353 accolas
817 325 926 350 suos·
985 310 1248 353 Restituetur
1282 327 1422 357 autem
1453 331 1495 359 et

79 389 173 439 illa,
202 390 309 430 sicut
338 390 380 431 in
409 389 618 446 principio
648 389 751 442 fuit,
780 404 876 428 cum
906 389 1054 428 decem
1084 388 1215 429 tribus
1243 391 1401 433 fuerint
1428 409 1495 434 re-

80 483 234 516 versae,
264 481 311 507 ut
330 468 516 508 solvatur
538 467 594 516 id,
626 466 741 522 quod
768 465 972 520 scriptum
1001 476 1082 506 est:
1112 467 1327 522 „captivus
1347 470 1387 524 ¹)
1419 471 1495 512 du-

81 555 168 584 ctus
208 555 269 584 est
309 544 492 599 populus
524 543 569 584 in
597 542 788 600 Assyrios
819 559 951 598 usque
981 542 1024 583 in
1053 542 1306 584 hodiernum
1339 546 1494 590 diem.“

79 620 125 661 Si
162 632 303 661 autem
340 633 456 661 tanto
496 632 595 676 post
631 631 823 674 tempore
853 619 1097 660 restituetur
1125 619 1189 669 id,
1229 622 1346 676 quod
1374 640 1494 678 prae.

78 696 197 737 cessit
227 697 270 738 in
299 698 478 750 signum,
522 697 687 752 quando
717 708 765 737 tu
794 696 1048 746 restitueris,
1088 697 1122 737 si
1159 709 1300 739 tamen
1327 701 1496 742 restitu-

78 773 157 813 eris
187 774 443 819 Samaritana
473 785 514 814 et
542 772 749 814 haeretica
778 772 928 823 anima,
963 790 1068 829 quae
1099 773 1332 817 simulacris
1364 789 1406 817 et
1433 779 1494 819 fe-

77 849 147 889 riis
178 867 262 891 non
291 851 420 901 veris,
459 867 506 891 ac
544 850 750 903 figmentis
790 851 841 891 de
870 852 1101 892 Jerohoam
1131 853 1258 893 eorde
1289 854 1496 896 venienti-

78 927 155 967 bus
185 927 427 969 credidisti?
485 926 668 981 Quando
698 926 929 968 restitueris
960 944 985 968 o
1017 927 1154 970 anima
1190 929 1361 981 infelix,
1400 949 1495 973 cum

77 1014 174 1057 post
208 1015 322 1045 tanta
358 1005 524 1046 saecula
564 1005 808 1046 restituatur
849 1006 1089 1061 exemplum
1128 1006 1220 1049 tui?
1278 1008 1325 1050 Si
1354 1021 1496 1051 autem

80 1081 160 1121 hoc
191 1097 316 1137 super
348 1083 538 1124 Sodoma
570 1094 610 1122 et
639 1082 827 1123 Samaria
867 1082 936 1133 fit,
976 1099 1081 1138 quae
1117 1082 1363 1141 justificatae
1401 1100 1497 1130 sunt

77 1160 129 1198 ab
147 1159 395 1209 Jerusalem,
429 1159 531 1215 quid
562 1159 789 1200 dicendum
820 1172 881 1200 est
911 1161 963 1200 de
992 1160 1082 1215 ipsa
1110 1162 1358 1213 Jerusalem,
1387 1181 1494 1220 quae

79 1236 409 1291 supradictarum
440 1237 596 1277 scelera
624 1236 892 1293 justificavit?
949 1237 1040 1287 „Et
1059 1238 1102 1291 2)
1134 1239 1413 1281 restituemini
1443 1241 1497 1283 si-

82 1323 151 1352 cut
179 1314 230 1354 ab
259 1313 379 1354 initio
410 1313 557 1354 fuistis.
611 1313 667 1354 Et
696 1325 742 1353 tu
773 1325 814 1353 et
842 1313 953 1354 filiae
982 1326 1079 1354 tuae
1110 1315 1412 1367 restituemini,
1441 1318 1495 1359 si·-

82 1400 151 1428 cut
179 1389 312 1430 fuistis
341 1389 384 1429 in
414 1390 669 1446 principio.“
728 1390 818 1430 Scit
846 1390 951 1439 hoc,
983 1392 1099 1445 quod
1130 1392 1252 1432 dicit:
1287 1392 1429 1442 „sicut
1452 1396 1494 1450 ³)

80 1465 214 1506 fuistis
252 1465 295 1506 in
331 1465 600 1521 principio:“
639 1477 680 1505 et
708 1466 832 1507 Isaias
873 1466 1027 1507 dicens:
1068 1479 1146 1517 „et
1170 1467 1212 1523 4)
1246 1470 1496 1512 constituam

78 1540 236 1597 judices
266 1553 374 1592 tuos,
404 1553 452 1589 ut
479 1542 609 1597 prius,
642 1553 682 1582 et
713 1542 973 1584 consiliarios
1003 1555 1112 1594 tuos,
1142 1556 1188 1584 ut
1217 1545 1261 1586 in
1280 1548 1498 1590 exordio.“

191 1619 230 1661 4.
276 1619 370 1669 „Et
391 1619 431 1675 ⁵)
462 1619 542 1660 nisi
573 1631 679 1660 esset
707 1620 897 1661 Sodoma
925 1636 1049 1660 soror
1076 1633 1148 1662 tua
1178 1622 1222 1661 in
1252 1624 1422 1675 auditu,
1453 1626 1496 1666 in

80 1712 154 1736 ore
185 1708 282 1746 tuo,
324 1696 367 1736 in
406 1696 554 1736 diebus
591 1696 811 1751 superbiae
840 1708 959 1746 tuae,
1001 1699 1360 1752 quemadmodum
1386 1719 1498 1743 nunc

82 1773 362 1829 opprobrium
393 1789 433 1814 es
463 1772 646 1813 filiarum
676 1772 841 1830 Syriae,
874 1785 915 1813 et
945 1774 1160 1825 omnibus,
1200 1792 1304 1832 quae
1330 1790 1425 1819 sunt
1454 1779 1498 1820 in

81 1851 257 1891 circuitu
286 1862 384 1900 tuo,
424 1849 607 1890 filiarum
636 1849 983 1902 alienigenarum,
1022 1869 1126 1908 quae
1167 1853 1427 1897 circumdant
1455 1868 1498 1897 te

80 1927 123 1968 in
162 1944 275 1985 gyro.
335 1927 578 1983 Impietates
615 1938 705 1967 tuas
743 1938 790 1966 tu
828 1935 994 1983 porta.“
1053 1931 1091 1972 O
1125 1930 1498 1975 clementissimum

77 2005 221 2045 Deum
245 2004 567 2045 satisfacientem
588 2004 640 2044 de
664 2003 958 2054 restitutione„
975 2018 1099 2062 atque
1126 2007 1358 2051 dicentem:
1391 2011 1497 2061 „im-

78 2081 254 2137 pietates
278 2082 322 2137 ὅ)
359 2093 449 2122 tuas
490 2093 531 2122 et
567 2080 806 2137 iniquitates
843 2093 934 2123 tuas
971 2084 1154 2139 porta!“
1210 2087 1309 2127 Non
1345 2088 1499 2131 frustra

82 2159 202 2199 dico:
241 2158 492 2199 restitueris:
535 2158 608 2198 sed
640 2174 735 2198 cum
768 2158 1004 2214 impietates
1032 2172 1146 2212 tuas,
1187 2175 1228 2203 et
1258 2164 1497 2222 iniquitates

80 2247 170 2276 tuas
202 2236 447 2286 exhauseris,
478 2247 577 2276 tunc
607 2235 648 2275 in
680 2236 824 2276 locum
843 2236 1067 2292 pristinum
1086 2240 1328 2284 restitueris.
1377 2243 1498 2298 Quo-

80 2313 210 2352 modo
243 2313 436 2363 vulnera,
479 2328 584 2368 quae
622 2313 663 2353 in
704 2329 883 2368 corpore
923 2327 1040 2366 sunt,
1079 2333 1202 2373 saepe
1232 2336 1362 2375 parvo
1392 2333 1497 2362 tem-

81 2405 186 2445 pore
230 2390 446 2440 accidunt,
490 2391 680 2431 medelae
726 2407 826 2431 vero
874 2393 1098 2436 vulnerum
1144 2413 1240 2437 cum
1276 2398 1496 2440 tormentis

202 2570 241 2623 ¹)
276 2571 317 2611 II
335 2572 460 2623 Regg.
491 2572 628 2622 XVII,
658 2573 724 2617 23.
758 2574 838 2630 (IV
858 2574 982 2629 Regg.

199 2642 241 2695 2)
275 2641 359 2682 Cfr.
389 2640 540 2682 Ezech.
571 2643 686 2693 XVI,
718 2644 784 2688 55.

197 2711 241 2765 ³)
273 2710 423 2750 Ezech.
454 2711 570 2760 XVI,
601 2712 667 2754 55.
787 2713 830 2767 ⁴²)
862 2715 986 2756 Jesai.
1019 2716 1052 2764 Ῑ,
1081 2715 1148 2759 26.

202 2779 243 2835 ⁵)
272 2780 356 2821 Cfr.
389 2780 540 2821 Ezech.
571 2781 688 2831 XVI,
718 2782 785 2826 56.
813 2784 878 2827 57.
911 2784 976 2828 58.

199 2849 241 2904 ⁶)
271 2849 421 2891 Ezech.
453 2850 569 2900 XVI,
599 2849 695 2899 58..
