1759 3134
616 124 815 167 HommA
843 120 959 164 VIII.
1421 122 1502 165 115

71 238 218 279 videro
253 253 338 278 esse
368 237 658 287 meretricem,
690 249 794 292 quae
821 248 908 274 non
941 242 1164 284 congreget
1193 233 1424 282 mercedes,
1455 245 1495 274 ct

72 317 213 369 legero
258 316 311 356 ad
347 315 467 356 istam
507 314 688 363 dictum,
727 310 824 368 quia
862 311 970 349 sacta
1010 309 1062 349 sit
1102 320 1149 349 ut
1182 309 1380 350 meretrix
1408 326 1496 350 non

72 409 322 446 congregans
351 392 581 440 mercedes,
614 389 749 430 dicam
780 385 1022 439 congregari
1050 387 1266 426 mercedes
1286 402 1374 427 esse
1396 402 1496 442 pec—

70 471 204 510 cando
231 470 407 510 divitem
430 469 535 518 fieri,
560 467 774 523 peccando
801 464 980 517 gloriam
1007 463 1050 502 in
1077 463 1357 504 saecularibus
1381 480 1496 505 com-

67 563 236 602 parare,
274 547 489 602 peccando
535 543 716 585 feliciter
746 542 788 581 in
818 541 978 581 mundo
1010 555 1144 591 agere.
1205 538 1387 592 Quando
1419 558 1497 596 per

69 635 311 678 peccatum,
351 635 398 663 ut
438 621 542 670 dixi,
583 621 658 661 ista
697 629 944 667 nascuntur,
985 616 1218 657 fornicatur
1255 616 1412 666 anima,
1452 629 1493 657 et

72 711 294 751 congregat
324 692 539 739 fflercedes
569 694 862 752 fornicationis
893 710 1004 744 suae,
1035 694 1226 747 gloriam,
1256 694 1421 734 divitias
1452 705 1495 733 et

69 776 252 832 reliqua,
299 792 404 832 quae
453 775 495 815 in
540 772 826 829 perditionem
872 772 1034 812 animae
1079 788 1176 813 suae
1216 770 1490 827 conquisivit:

67 855 234 909 quando
267 869 366 892 vero
398 849 653 900 fornicatur,
696 861 738 889 et
782 865 869 890 non
897 850 980 902 agit
1008 866 1211 906 prospere
1241 848 1283 889 in
1314 848 1499 889 saecula-

65 930 178 970 ribus
207 930 354 978 rebus,
387 929 462 969 sed
490 944 568 983 per
597 928 691 977 hoc,
724 927 839 982 quod
869 926 1073 982 peccavit,
1105 927 1233 967 etiam
1263 925 1491 966 infeliciter

63 1003 167 1047 vivit
195 1006 240 1047 in
269 1005 459 1055 saeculo,
499 1004 698 1044 meretrix
738 1016 801 1045 est
836 1020 923 1044 non
963 1020 1215 1057 congregans
1256 1004 1486 1053 mercedes,

63 1086 138 1125 sed
167 1086 206 1139 ¹)
244 1082 453 1124 contraria
494 1082 672 1131 faciens,
717 1081 762 1121 id
801 1093 883 1132 est,
928 1081 1164 1123 fornicariis
1189 1083 1232 1138 2)
1273 1082 1490 1122 mercedes

66 1162 179 1201 ultro
210 1161 410 1202 tribuens.
471 1160 552 1210 „Et
575 1160 617 1215 3)
649 1170 695 1199 tu
726 1157 879 1199 dedisti
908 1161 1124 1200 mercedes
1156 1158 1352 1199 omnibus
1381 1173 1491 1198 a-ma-

66 1238 228 1278 toribus
257 1238 381 1277 tuis.“
438 1238 754 1290 Nonnunquam
784 1236 920 1276 anima
945 1235 987 1291 ⁴)
1021 1235 1170 1276 divites
1201 1235 1301 1276 facit
1331 1246 1491 1275 amato-

65 1331 129 1355 res
159 1331 277 1364 suos,
318 1315 517 1354 laetantes
558 1313 601 1352 in
638 1328 714 1361 e0,
757 1313 874 1367 quod
912 1312 1153 1368 acceperint
1191 1313 1407 1353 mercedes
1437 1312 1488 1351 ab

65 1408 125 1432 ea.
198 1392 287 1432 Sed
333 1390 434 1430 dicit
474 1389 578 1429 mihi
616 1389 806 1429 auditor:
853 1389 1117 1429 Manifestius
1148 1404 1333 1444 expone,
1381 1404 1488 1443 quo-

63 1469 194 1508 modo
233 1467 467 1507 fornicetur
506 1466 643 1506 anima
685 1467 900 1506 mercedes
940 1465 1128 1505 tribuens
1167 1466 1219 1505 de
1257 1466 1382 1505 rebus
1412 1464 1492 1504 viri

62 1545 138 1586 sui.
197 1544 267 1586 Sic
304 1543 418 1584 enim
453 1544 516 1584 vait
552 1555 595 1584 et
633 1543 676 1583 in
715 1542 946 1598 praesenti,
988 1554 1030 1583 et
1057 1542 1101 1582 in
1128 1542 1219 1582 aliis
1248 1542 1492 1597 frequenter

62 1621 166 1662 locis
197 1637 335 1662 sermo
369 1620 555 1670 divinus,
588 1620 684 1676 quia
715 1620 932 1660 sustulerit
961 1635 1022 1668 ea,
1054 1635 1158 1675 quae
1188 1629 1283 1658 sunt
1313 1616 1415 1668 viri,
1449 1629 1489 1657 et

63 1698 227 1738 dederit
255 1697 452 1737 meretrix
467 1696 701 1736 Jerusalem
732 1695 988 1736 amatoribus
1019 1695 1115 1736 suis.
1161 1694 1280 1748 Quid
1307 1705 1368 1734 est
1392 1695 1488 1744 hoc,

63 1775 179 1830 quod
219 1773 387 1826 largitus
419 1784 480 1812 est
510 1772 548 1812 ei
581 1771 644 1811 vir
674 1788 794 1821 suus,
837 1787 942 1826 quae
982 1781 1130 1826 postea
1159 1772 1268 1811 facta
1297 1772 1487 1811 adultera

63 1867 212 1900 omne,
241 1851 355 1906 quod
388 1848 574 1904 accepit,
607 1850 735 1888 donat
766 1847 1022 1887 amatoribus
1052 1847 1164 1889 suis?
1221 1847 1298 1887 Vir
1326 1846 1488 1887 animae

66 1945 204 1969 sermo
235 1927 320 1968 Dei
351 1938 433 1976 est,
473 1942 651 1981 sponsus
683 1936 846 1965 amator
876 1940 1020 1973 verus,
1053 1923 1124 1979 qui
1155 1923 1273 1964 dedit
1302 1924 1341 1964 ei
1373 1924 1492 1964 casti-

64 2092 209 2132 ματα,
243 2072 367 2129 ψυχὴ
400 2065 596 2115 ἒνὸοὗσα
629 2070 794 2125 ἑαυτὴν
821 2074 1075 2129 μοιχᾶσθαι
1106 2075 1202 2117 ταῖς
1233 2068 1489 2124 ἀντικειμέ-

64 2160 162 2193 ναις
205 2140 432 2199 δυνάμεσι
475 2140 553 2185 διὰ
598 2145 674 2196 τῆς
718 2140 962 2199 ἁμαρτίας,
1006 2143 1084 2183 ἵνα
1128 2136 1490 2198 προσποιήσηται

64 2213 195 2274 ἑαυτῇ
215 2211 267 2257 τὰ
289 2211 413 2268 παρὰ
440 2209 719 2269 ἀνθρώποις,
753 2210 895 2261 δόξαν
917 2213 993 2254 καὶ
1015 2211 1263 2253 πλοῦτον.“
1308 2210 1488 2251 Ruaeus.

181 2283 222 2339 ¹)
251 2283 329 2324 Ed.
359 2283 493 2324 Ruaei
522 2283 634 2323 sola:
666 2295 710 2323 et
743 2281 951 2323 contraria
980 2293 1059 2322 etc.

178 2353 221 2408 ²)
251 2353 358 2394 Edd.
389 2353 587 2394 Merlini:
619 2352 852 2393 fornicans:
884 2352 1101 2392 mercedes
1131 2361 1213 2391 etc,

182 2417 342 2477 ³)*Cfr.
373 2423 525 2465 Ezech.
557 2423 674 2472 XVI,
705 2421 772 2466 33.

182 2491 226 2548 ⁴)
259 2491 436 2533 Catenae
466 2494 567 2534 Mss.
613 2489 804 2551 ,,Πὸρνη
839 2492 933 2536 ἐστὶ
962 2491 1280 2548 προσδιδοῦσα
1306 2487 1489 2546 μισθώ-

64 2580 211 2623 ματα,
254 2560 378 2617 ψυχὴ
407 2568 502 2612 ταῖς
531 2561 719 2618 ἡδοναῖς
749 2559 1041 2619 πορνεύσασα
1074 2561 1124 2605 ἓν
1153 2565 1248 2608 ταῖς
1279 2558 1489 2617 ἀκαθάρ-

64 2651 156 2683 τοις
186 2629 431 2688 (Ῑυνὰμεσι,
475 2636 550 2675 καὶ
583 2634 774 2676 διδοῦσα
806 2631 961 2680 αὐταῖς
990 2628 1292 2687 μισθώματα,
1335 2630 1489 2680 ἔμπα-

66 2708 258 2762 ρέχουσα
289 2701 342 2745 τὰ
374 2703 422 2745 ἐκ
454 2703 563 2746 θεοῦ
594 2703 788 2745 δοθέντα
820 2700 928 2761 αὐτῇ
960 2700 1124 2755 αὐτοῖς,
1156 2702 1233 2742 καὶ
1265 2698 1378 2742 κατα
1413 2697 1491 2747 τὰς

67 2778 233 2822 οῗκείας
274 2770 491 2831 δυνάμεις
532 2769 825 2828 ὑπουργοῦσα
866 2775 960 2820 τοῖς
997 2767 1253 2824 θελήμασιν
1283 2767 1485 2812 αὐτῶν.“

66 2846 243 2887 Ruaeus.

1042 2914 1110 2956 84
