1759 3134
707 116 847 158 Lmssn
877 117 931 157 II.
1454 114 1535 161 383

112 231 169 271 Ut
198 230 309 271 enim
341 231 532 282 diximus,
565 229 747 286 duplicis
766 229 930 270 virtutis
961 240 1019 269 est
1041 229 1126 269 sol:
1157 228 1288 286 justos
1305 227 1478 284 quidem
1497 230 1535 284 ¹)

113 307 336 359 illuminat,
367 320 608 365 peccatores
634 323 734 348 vero
760 322 845 346 non
866 305 1090 356 illuminat,
1121 307 1194 346 sed
1220 306 1372 358 adurit,
1403 323 1537 362 quon-

111 385 194 426 iam
233 397 274 426 et
303 385 383 441 ipsi
427 386 608 426 oderunt
650 384 812 434 lucem,
864 383 960 439 quia
990 383 1101 424 male
1141 396 1278 436 agunt.
1338 385 1535 441 Denique

114 464 169 503 ob
201 462 338 518 hoc²)
367 463 484 503 Deus
515 473 658 503 noster
706 460 810 513 ignis
853 459 1008 501 dicitur
1049 476 1136 502 esse
1176 477 1445 512 consumens,
1494 472 1535 502 et

115 539 390 581 nihilominus
421 540 504 590 lux,
535 539 578 580 in
609 554 692 595 quo
723 538 922 579 tenebrae
951 554 1039 578 non
1069 550 1176 579 sunt.
1223 540 1311 579 Lux
1340 539 1428 580 sine
1461 540 1535 580 du·

110 615 182 657 bio
214 615 355 673 justis»,
396 628 437 658 et
465 617 569 670 ignis
600 601 781 657 efficitur
810 615 1130 671 peccatoribus,
1172 626 1219 655 ut
1250 628 1467 657 consumat
1491 616 1533 657 in

108 693 157 734 iis
188 709 337 744 omne,
379 695 495 750 quod
526 694 568 735 in
598 693 733 735 anima
764 682 911 734 eorum
945 692 1312 749 corruptibilitatis
1354 705 1423 735 aut
1452 694 1533 735 fra-

108 771 274 824 gilitatis
305 771 522 812 invenerit.
571 770 702 825 Quod
732 782 870 812 autem
901 771 943 812 in
973 771 1116 812 multis
1154 771 1396 828 Scripturae
1427 771 1532 813 locis

110 861 151 890 et
188 850 253 890 sol
293 861 334 890 et
372 849 476 902 ignis
517 864 604 890 non
643 848 720 890 iste
759 848 958 900 visibilis,
1004 848 1078 890 sed
1117 848 1191 890 ille
1229 848 1449 891 invisibilis
1491 861 1532 891 et

106 925 334 981 spiritualis
383 926 566 977 dicatur,
611 925 700 983 ipse
740 926 867 968 etiam
908 926 943 968 si
982 942 1218 978 recenseas,
1271 927 1532 969 abundanter

106 1002 304 1044 invenies.

217 1081 408 1134 „Filii})
441 1081 584 1123 matris
615 1098 734 1124 meae
767 1082 1073 1125 dimicaverunt
1102 1081 1144 1123 in
1174 1097 1264 1133 me,
1297 1094 1530 1138 posuerunt

105 1175 172 1199 me
212 1159 431 1200 custodem
480 1159 524 1199 in
564 1159 719 1211 vineis,
759 1161 924 1202 vineam
967 1176 1103 1201 meam
1141 1177 1227 1201 non
1268 1160 1489 1201 custodivi.
1505 1166 1528 1185 “

104 1238 255 1278 Adhuc
298 1237 410 1294 ipsa,
461 1254 565 1294 quae
609 1238 726 1279 fusca
768 1238 940 1294 quidem
978 1254 1058 1294 pro
1099 1237 1264 1278 delictis
1302 1238 1530 1293 prioribus,

105 1316 293 1356 formosa
323 1332 424 1356 vero
460 1326 521 1356 est
549 1332 628 1372 pro
669 1315 753 1356 fide
795 1327 836 1356 et
875 1315 1217 1366 conversatione,
1264 1315 1389 1356 etiam
1427 1316 1529 1357 haec

109 1392 232 1445 dicit,
266 1409 499 1435 asseverans
515 1393 570 1450 ⁴),
605 1394 719 1450 quod
742 1393 820 1434 filii
837 1392 980 1434 matris
1008 1409 1105 1433 suae
1123 1392 1425 1434 dimicaverunt
1441 1408 1526 1434 non

220 1612 258 1665 ¹)
290 1610 398 1652 Edd.
429 1611 489 1653 Μ.
522 1617 748 1662 ‚‚autem.“

219 1682 260 1735 ²)
291 1681 399 1722 Edd.
432 1682 490 1722 M.
533 1681 652 1731 „hoc
684 1694 724 1722 et
754 1683 871 1722 Deus
903 1705 955 1712 -—
998 1698 1267 1724 consumens:
1310 1682 1525 1724 nihilomi-

101 1744 212 1779 nus“
246 1749 323 1780 etc.
357 1760 407 1767 —
441 1737 526 1779 Cfr.
558 1738 687 1779 Deut.
719 1739 791 1789 lV,
821 1738 887 1782 24.

218 1809 259 1865 ³)
293 1807 454 1850 Cantic.
487 1808 522 1848 Ι.
551 1806 589 1850 6.

221 1878 264 1934 ⁴)
296 1877 538 1934 Procopius
557 1878 748 1932 Origenis
766 1896 931 1921 sensum
948 1881 1015 1921 vel
1033 1881 1159 1922 verba
1177 1880 1266 1937 ipsa
1292 1881 1349 1922 sic
1374 1882 1523 1923 refert:

103 1985 132 2006 ,,
158 1953 261 1994 Υἱοὶ
302 1946 470 2008 μητρός
507 1966 599 2006 μου
637 1949 918 2006 ἐμαχέσαντο
960 1952 1010 1995 ἐν
1048 1952 1206 2008 ἔμοί.“
1265 1948 1441 2010 ’Ὴγουν
1484 1954 1527 1996 οἵ

100 2020 394 2069 διδάσκοντές
421 2035 479 2077 με
508 2022 712 2075 μαθηταὶ
732 2024 810 2064 τοῦ
832 2025 1047 2079 Χριστοῦ,
1081 2027 1320 2080 καθαίρειν
1348 2039 1407 2080 με
1435 2025 1527 2066 τῶν

96 2094 187 2150 πρὸ
234 2090 396 2137 τούτου
445 2088 718 2147 βουλόμενοι.
766 2096 982 2149 πονηρῶν
1032 2096 1268 2151 λογισμῶν
1313 2097 1389 2137 καὶ
1434 2096 1526 2137 τῶν

100 2160 444 2221 συνεργούντων
473 2164 612 2205 ταῦτα
643 2161 908 2221 δαιμόνων,
959 2165 1240 2221 ἐμαχέσαντο
1270 2162 1446 2214 τούτοις
1475 2165 1525 2208 ἕν

99 2235 220 2292 ἐμοὶ,
246 2237 320 2289 τῆς
339 2232 573 2289 αὐτῆςξμοι
594 2231 762 2289 μητρὸς
779 2229 900 2283 ’ὄντες
918 2236 1024 2278 υἱοί·
1044 2237 1121 2289 τῆς
1137 2236 1373 2293 ἐλευθέρας
1392 2240 1524 2293 φημί·

100 2307 144 2348 οἱ
172 2305 260 2362 μὲν
290 2308 351 2354 εἰς
380 2303 428 2347 τό
461 2303 552 2347 κατ’
587 2304 781 2360 ἐκλογὴν
804 2303 992 2361 χάριτος
1017 2308 1174 2362 λῆμμα
1197 2303 1525 2363 ἀναλαμβανό-

99 2388 255 2431 μενοι·
290 2373 378 2432 ἐγὼ
409 2375 460 2418 δὲ
489 2371 570 2429 τὴν
600 2372 712 2416 κατὰ
747 2373 827 2429 τὴν
858 2371 952 2419 ἷὶνω
981 2374 1268 2433 Ἰερουσαλὴμ
1300 2374 1525 2431 διαθήκην

97 2447 322 2501 λαβοῦσα,
356 2447 430 2488 καὶ
465 2444 510 2494 ἐξ
541 2445 812 2501 ἐπαγγελίας
844 2444 1206 2502 ἀναγεννωμένη.
1263 2447 1326 2489 Οὐ
1356 2444 1524 2503 πρότε-

98 2532 180 2574 ρον
210 2517 261 2559 δὲ
306 2513 472 2570 ταύτην
505 2515 662 2558 ἔθεντο
707 2512 1047 2572 φυλάττουσαν·
1098 2512 1192 2561 εἶτα
1229 2516 1522 2573 ἐμαχέσαντο.

95 2584 433 2644 Μαχεσάμενοι
469 2586 519 2629 δὲ
548 2587 730 2643 πρῶτον
753 2619 764 2640 ,
798 2582 1058 2640 ἒπιτήὸειαν
1087 2587 1309 2642 ἐποίησαν
1338 2589 1418 2631 τοῦ
1447 2604 1523 2633 τε-

93 2658 232 2710 θῆναι
263 2656 314 2698 ἐν
353 2655 616 2712 ἀμπελῶσιν
657 2659 717 2704 εἷς
760 2653 981 2713 φυλακήν.
1044 2659 1259 2711 Νἶωυσῆς
1289 2657 1338 2701 δὲ
1378 2648 1520 2715 οὗτος,

102 2727 178 2768 καὶ
212 2728 255 2768 οἱ
289 2728 537 2782 προφῆται,
576 2718 640 2769 ὧν
670 2726 854 2774 ἕκαστος
886 2725 1025 2783 ἀγρὸς
1052 2720 1110 2782 ἦν
1138 2726 1327 2784 πλήρης,
1361 2724 1415 2772 ὃν
1444 2727 1523 2773 εὐ-

93 2795 268 2853 λόγησε,
289 2794 452 2855 κύριος,
487 2800 560 2841 καὶ
602 2796 844 2854 ἀμπέλων·
880 2799 928 2840 ἓν
961 2793 1024 2847 οἷς
1054 2815 1116 2847 τις
1145 2795 1411 2854 γενόμενος,
1445 2801 1522 2842 καὶ

92 2864 172 2921 τὴν
201 2870 425 2926 προτέραν
467 2868 558 2918 ἕξιν
591 2869 750 2911 ἑαυτοῦ
792 2867 855 2924 μὴ
891 2872 1065 2927 τηρῶν,
1115 2868 1176 2916 ὠς
1217 2870 1264 2911 ἐκ
1294 2866 1521 2926 Σοδόμων
