1759 3134
656 121 907 162 PROLOGUS,
1413 118 1498 164 315

81 234 235 276 merito
265 235 305 291 ¹)
333 234 590 290 praefertur3
620 231 786 274 videtur
807 231 850 288 ²)
881 229 992 272 enim
1024 243 1160 273 cetera
1191 231 1362 283 cantica,
1392 248 1497 290 quae

83 313 149 354 lex
181 324 222 354 et
250 312 482 369 prophetae
514 311 777 360 cecinerunt,
814 308 1014 365 parvulae
1054 310 1189 351 adhuc
1217 326 1419 366 sponsae,
1455 322 1497 352 e't

84 406 190 446 quae
228 388 418 430 nondum
457 389 662 431 vestibula
697 398 885 429 maturae
922 385 1067 427 aetatis
1103 386 1283 440 ingressa
1311 387 1384 439 sit,
1427 389 1499 430 de-

83 479 265 508 cantata:
305 467 386 507 hoc
418 482 516 508 vero
549 465 755 508 canticum
785 463 974 513 adultae,
1016 474 1057 504 et
1095 462 1179 520 jam
1208 465 1330 506 valde
1370 467 1500 507 robu-

82 556 190 595 stae,
231 556 272 586 et
309 560 414 600 quae
452 562 578 601 capax
615 543 668 585 sit
704 541 789 599 jam
824 539 956 581 virilis
992 541 1207 596 potentiae
1235 543 1499 600 perfectique

81 621 283 680 mysterii,
314 621 600 677 decantari3).
660 619 903 662 Secundum
934 619 1050 675 quod
1081 618 1235 660 dicitur
1258 620 1310 661 de
1338 619 1429 676 ipsa
1444 619 1501 675 ⁴),

82 698 180 755 quia
220 714 302 739 una
340 699 393 740 sit
436 700 624 755 perfecta
666 697 874 739 columba.
936 695 1068 750 Quasi
1093 697 1133 754 ⁵)
1172 699 1363 753 perfecta
1401 713 1500 751 ergo

80 776 260 832 perfecti
288 775 367 817 viri
406 792 557 833 sponsa
586 776 797 832 perfectae
823 775 864 830 6)
895 773 1080 830 suscepit
1110 776 1238 817 verba
1269 774 1499 817 doctrinae.

80 853 272 895 Primum
312 869 409 908 ergo
451 853 658 895 canticum
695 851 846 894 cecinit
874 851 971 892 Deo
1002 851 1148 893 Moses
1179 862 1221 893 et
1248 851 1329 893 filii
1359 853 1501 903 Israel,

81 932 249 987 quando
291 931 486 972 viderunt
525 930 754 989 Aegyptios
791 941 984 971 mortuos
1025 930 1078 970 ad
1118 928 1235 971 littus
1264 931 1415 982 maris,
1462 942 1504 972 et

81 1009 248 1064 quando
293 1007 490 1049 viderunt
529 1023 703 1050 manum
745 1009 904 1050 fortem
950 1018 991 1048 et
1026 1007 1247 1050 brachium
1291 1008 1502 1050 excelsum

80 1085 281 1137 Domini,
314 1097 355 1127 et
385 1085 653 1127 crediderunt
680 1086 777 1127 Deo
811 1096 853 1127 et
879 1085 1042 1127 famulo
1074 1084 1162 1144 ejus
1192 1086 1320 1128 Mosi.
1381 1086 1503 1128 Tunc

84 1175 366 1214 cantaverunt,
388 1163 592 1205 dicentes:
617 1174 858 1215 „cantemus
872 1162 914 1219 ⁷)
936 1163 1151 1216 Domin03
1181 1163 1366 1216 gloriose
1388 1163 1501 1205 enim

82 1241 397 1295 glorificatusss)
430 1246 531 1282 est.“
589 1241 681 1294 Ego
710 1253 851 1283 autem
880 1240 1073 1292 arbitror,
1105 1241 1221 1298 quod
1249 1257 1338 1283 non
1368 1241 1504 1298 possit

80 1319 135 1360 ad
163 1318 275 1360 istud
303 1319 542 1375 perfectum
573 1318 664 1374 quis
697 1329 738 1360 et
765 1318 988 1377 mysticum
1028 1318 1236 1360 canticum
1266 1319 1502 1375 pervenire,

83 1407 124 1437 et
153 1397 205 1437 ad
234 1395 355 1436 istam
385 1396 695 1452 perfectionem
723 1412 923 1452 sponsae,
962 1412 1067 1453 quae
1104 1396 1148 1437 in
1185 1395 1262 1438 hac
1298 1395 1503 1453 scriptura

80 1473 332 1524 continetur,
361 1473 441 1514 nisi
471 1473 588 1530 prius
618 1474 806 1515 ambulet
835 1490 911 1530 per
940 1473 1099 1515 siccum
1130 1473 1175 1515 in
1203 1473 1348 1515 medio
1380 1474 1503 1525 mari,

82 1563 125 1593 et
153 1552 226 1593 fiat
256 1551 296 1593 ei
324 1567 430 1608 aqua
458 1568 602 1593 murus
640 1569 664 1593 a
706 1553 874 1593 dextera
913 1552 1135 1608 laevaque,
1175 1563 1216 1593 et
1253 1551 1314 1593 sic
1353 1553 1502 1594 evadat

80 1631 134 1671 de
164 1629 354 1671 manibus
386 1629 712 1687 Aegyptiorum,
755 1629 813 1671 ita
851 1641 898 1671 ut
935 1629 1076 1671 videat
1117 1645 1189 1670 eos
1225 1641 1419 1671 mortuos
1449 1631 1502 1671 ad

82 1707 198 1749 littus
238 1707 383 1761 maris,
423 1718 548 1763 atque
587 1706 753 1749 intuens
782 1723 954 1749 manum
982 1708 1139 1749 fortem
1168 1707 1370 1759 Domini,
1408 1707 1503 1764 quia

83 1785 293 1829 interfecit
312 1784 555 1845 Aegyptios,
588 1785 727 1826 credat
747 1784 938 1828 Domino
968 1797 1009 1828 et
1027 1786 1188 1829 famulo
1210 1784 1298 1843 ejus
1313 1785 1356 1844 ⁹)
1376 1785 1500 1828 Mosi,

198 2032 238 2089 ¹)
267 2033 402 2075 Deest
431 2033 655 2085 „merit0“
685 2033 727 2074 in
761 2035 855 2075 edd.
887 2035 948 2076 M.

196 2103 239 2158 2)
271 2104 379 2145 Edd.
409 2103 602 2146 Merlini:
635 2103 846 2145 videntur.

195 2174 239 2232 ³)
269 2176 319 2216 In
358 2175 476 2217 libris
512 2174 727 2232 impressis
768 2175 827 2230 (v.
860 2191 894 2215 c.
927 2175 1020 2215 edd.
1053 2173 1139 2229 M.)
1176 2185 1275 2229 post
1316 2175 1501 2224 „decan-

79 2231 193 2273 tari“
224 2232 392 2274 additur
422 2232 666 2285 „videtur“,
702 2232 818 2289 quod
847 2233 963 2274 abest
992 2232 1042 2273 ab
1075 2231 1270 2274 omnibus
1305 2232 1406 2275 Mss.
1439 2245 1504 2276 uta

79 2299 182 2345 pote
211 2289 484 2346 superfluum.
542 2291 594 2332 R.

197 2358 240 2414 ⁴)
271 2359 380 2401 Edd.
410 2359 605 2401 Merlini:
638 2377 697 2402 ea.

197 2429 239 2485 5)
271 2430 343 2472 Sic
371 2431 470 2472 Mss.
516 2430 634 2471 Libri
664 2447 765 2472 vero
798 2431 899 2473 editi
929 2432 987 2488 (v.
1020 2450 1053 2474 c.
1088 2433 1182 2475 edd.
1214 2433 1325 2491 M.):
1360 2451 1504 2492 „quae

81 2486 115 2529 si
143 2487 352 2543 perfecta,
382 2503 480 2540 ergo
513 2497 555 2527 et
582 2487 764 2544 perfecti
792 2488 905 2530 viri“
938 2500 1015 2531 etc.
1075 2491 1126 2532 R.

195 2557 238 2611 ⁶)
269 2556 380 2598 Edd.
410 2557 604 2600 Merlini:
634 2559 847 2614 perfectae
875 2560 1020 2617 sponsi
1049 2560 1234 2617 suscepit
1265 2572 1342 2602 etc.

196 2626 237 2682 ⁷)
266 2626 401 2668 Exod.
430 2628 524 2678 XV,
559 2627 594 2671 1.

196 2698 239 2752 8)
270 2698 369 2738 Mss.
410 2698 492 2738 hoc
532 2698 628 2739 loco
671 2711 712 2740 et
750 2699 857 2743 infra
895 2701 990 2758 (cfr.
1029 2721 1120 2760 pag.
1160 2702 1254 2747 316.
1295 2715 1382 2746 not.
1415 2705 1498 2760 2.);

81 2754 520 2855 ,ιῖἰῗιὶἶιὲἰυῗεῖῗαεῌῗει“
584 2754 700 2797 Libri
743 2757 844 2799 editi
883 2761 944 2815 (v.
978 2778 1011 2802 c.
1049 2761 1143 2804 edd,
1175 2760 1281 2819 BI.):
1329 2761 1498 2814 „hono-

197 2882 242 2941 ⁹)
271 2881 380 2951 Edd.
413 2881 607 2928 Merlini:
637 2881 780 2941 ipsius.
