1759 3134
213 147 295 189 ³206
509 146 730 185 Oniessms
760 158 803 185 m
837 144 1020 187 Came.
1056 144 1361 186 CAerconum

218 277 241 300 a
271 262 402 300 verbo
434 259 518 299 Dei
550 257 675 298 etiam
707 258 758 298 ad
799 256 999 305 animam,
1053 272 1157 312 quae
1190 257 1231 296 in
1263 257 1525 312 profectibus
1558 259 1648 313 qui-

221 338 316 378 dem
347 335 487 392 posita
519 345 597 385 est,
639 336 830 376 nondum
860 347 1001 376 tamen
1034 335 1087 374 ad
1117 351 1330 376 summum
1349 335 1388 390 ¹)
1420 335 1650 392 perfectio-

219 414 281 455 nis
313 412 542 455 adscendit.
604 411 725 466 Quae
754 429 834 468 pro
869 430 919 453 eo
953 412 1139 468 quidem,
1172 413 1289 468 quod
1318 412 1511 468 proficit,
1553 412 1649 469 pul-

223 490 319 531 chra
350 489 528 530 dicitur:
560 500 608 530 ut
639 500 779 531 autem
810 489 1030 546 pervenire
1062 488 1253 545 possit2)
1285 501 1326 530 et
1350 490 1401 530 ad
1422 489 1650 546 perfectio-

221 582 341 617 nem,
385 566 460 607 fiat
489 567 542 608 ad
575 582 666 608 eam
704 568 979 609 comminatio
1019 566 1271 608 necessaria:
1318 568 1435 623 quod
1464 566 1543 608 nisi
1574 583 1650 623 per

219 644 298 685 ista
326 644 500 697 singula,
533 661 639 701 quae
671 661 796 701 supra
828 645 1028 695 diximus,
1060 656 1195 685 semet
1225 644 1360 701 ipsam
1391 646 1650 698 cognoverit,

221 734 262 763 et
293 722 514 776 vigilanter
543 721 777 763 exercuerit
805 722 849 763 in
879 724 1010 763 verbo
1041 721 1126 762 Dei
1160 734 1200 764 et
1228 722 1320 776 lege
1352 722 1517 774 divina,
1551 740 1650 765 con-

219 799 352 852 tinget
383 799 421 841 ei
455 801 506 841 de
549 799 612 840 his
652 799 825 852 singulis
866 799 1090 856 opiniones
1133 799 1334 852 colligere
1374 800 1650 853 diversorum,

220 889 262 917 et
291 876 411 933 sequi
442 877 636 919 homines
666 877 772 919 nihil
805 877 1038 931 egregium,
1086 875 1192 918 nihil
1235 893 1283 918 ex
1313 878 1475 934 Spiritu
1504 892 1648 921 sancto

219 955 401 997 locutos.
460 955 556 996 Hoc
596 968 657 997 est
699 955 809 997 enim
851 955 961 997 exire
978 955 1020 1012 ³)
1070 954 1113 996 in
1150 954 1332 1008 vestigiis
1371 972 1567 1009 gregum,
1609 969 1650 999 et

219 1048 368 1073 eorum
401 1033 639 1075 doctrinam
669 1034 830 1084 sectari,
864 1033 936 1089 qui
952 1032 993 1089 4)
1033 1044 1074 1073 et
1103 1033 1185 1088 ipsi
1214 1034 1523 1089 permanserint
1550 1051 1650 1092 pec-

220 1122 403 1161 catores,
447 1123 488 1151 ct
523 1112 692 1152 nullum
722 1110 996 1168 peccantibus
1025 1109 1265 1150 remedium
1303 1112 1532 1167 providere
1571 1130 1650 1170 po-

218 1186 386 1227 tuerint.
449 1185 571 1241 Quos
599 1188 671 1244 qui
701 1188 912 1244 sequitur,
943 1187 1107 1228 hoedos
1139 1187 1309 1244 utique,
1350 1187 1422 1244 qui
1452 1201 1650 1245 peccato-

217 1281 313 1305 rum
351 1263 558 1306 indicium
603 1276 770 1318 tenent,
821 1264 1034 1306 videbitur
1057 1281 1252 1321 pascere,
1303 1265 1553 1308 circumiens
1590 1280 1650 1311 ta-

216 1342 445 1384 bernacula
485 1356 725 1400 pastorum,
776 1344 958 1386 diversas
996 1342 1160 1384 scilicet
1198 1353 1330 1384 sectas
1366 1344 1649 1402 philosopho-

216 1437 323 1461 rum.
384 1420 554 1463 Intuere
586 1438 683 1475 ergo
717 1422 898 1479 plenius,
931 1437 1057 1477 quam
1086 1420 1277 1462 terribile
1312 1433 1393 1473 est,
1426 1424 1542 1480 quod
1571 1426 1649 1466 sub

217 1499 293 1539 hac
333 1500 607 1541 adumbratur
643 1502 788 1554 figura.
850 1498 1052 1555 ‚,Exi⁵),
1093 1498 1253 1554 inquit,
1301 1511 1349 1540 tu
1393 1500 1437 1541 in
1467 1502 1650 1555 vestigiis

216 1582 438 1629 gregum.“
501 1578 633 1633 Quasi
672 1579 725 1619 ad
765 1594 857 1618 eam
896 1576 1107 1633 loquitur,
1157 1593 1263 1632 quae
1309 1577 1420 1619 intus
1466 1577 1550 1636 jam
1598 1580 1651 1621 sit

173 1652 176 1654 ’
218 1655 378 1706 anima,
424 1667 465 1696 et
495 1656 604 1698 intra
634 1655 833 1715 mysteria
864 1656 1093 1697 collocata:
1135 1672 1215 1712 pro
1248 1672 1299 1697 eo
1330 1667 1493 1707 tamen,
1535 1660 1651 1715 quod

218 1733 398 1786 negligat
427 1746 561 1776 semet
592 1734 728 1791 ipsam
761 1749 1038 1786 cognoscere,
1072 1743 1114 1774 et
1142 1734 1358 1791 requirere
1389 1749 1494 1791 quae
1510 1734 1553 1792 ⁵)
1583 1736 1649 1787 sit,

216 1823 257 1852 et
289 1812 413 1868 quid,
459 1813 527 1853 vel
561 1814 781 1870 quomodo
827 1828 948 1865 agere
990 1812 1163 1862 debeat,
1211 1811 1365 1868 quidve
1396 1828 1483 1854 non
1514 1829 1648 1866 agere,

214 1888 370 1930 dicitur
400 1889 458 1931 ei:
505 1891 608 1942 „exi
627 1890 666 1946 ⁷)
696 1897 802 1933 tu:“
835 1890 951 1947 quasi
982 1906 1088 1947 quae
1121 1891 1175 1931 ob
1207 1890 1312 1932 hanc
1343 1891 1527 1933 desidiae
1561 1892 1648 1933 cul-

213 1984 312 2023 pam
352 1969 465 2010 foras
504 1969 697 2011 mittatur
734 1971 786 2011 ab
825 1985 901 2019 e0,
943 1967 1014 2026 qui
1044 1979 1221 2025 praeest.
1283 1968 1354 2010 Sic
1385 1969 1529 2023 ingens
1558 1970 1646 2012 ani-

211 2062 303 2087 mae
335 2047 574 2103 periculum
607 2060 680 2100 est,
711 2047 930 2090 scientiam
961 2047 1025 2088 sui
1050 2047 1392 2104 agnitionemque
1416 2049 1642 2102 negligere.

212 2124 297 2165 Sed
329 2126 529 2177 fortasse,
570 2127 666 2183 quia
707 2126 926 2183 duplicem
966 2125 1274 2182 expositionem
1313 2125 1506 2167 dedimus
1531 2127 1644 2179 agni-

211 2200 339 2243 tionis
378 2219 475 2245 suae
516 2206 702 2256 animae,
749 2204 963 2246 videbitur
1011 2202 1219 2259 cuipiam,
1264 2205 1498 2245 secundum
1547 2221 1639 2246 eam

214 2279 401 2336 quidem,
434 2299 538 2338 quae
569 2284 622 2324 de
652 2283 842 2324 moribus
873 2294 915 2323 et
945 2283 998 2323 de
1029 2281 1189 2323 actibus
1220 2281 1305 2323 suis
1326 2282 1535 2324 discutere
1568 2300 1641 2325 ne-

211 2358 351 2411 gligit,
394 2371 436 2401 et
475 2360 688 2418 inquirere
739 2362 789 2402 de
827 2360 1091 2416 profectibus
1131 2359 1238 2411 suis,
1278 2372 1348 2403 aut
1384 2363 1639 2419 perscrutari

333 2551 372 2608 ¹)
403 2552 481 2593 Ed.
515 2552 671 2594 Ruaei:
702 2569 922 2594 summam.

332 2623 375 2677 2)
407 2623 516 2665 Edd.
549 2624 609 2665 M.
643 2622 812 2679 „possit
843 2641 926 2681 quo
959 2624 1011 2666 ad
1041 2624 1385 2681 perfectionem“
1418 2637 1496 2667 etc.

328 2692 372 2748 3)
402 2692 513 2734 Edd.
548 2695 608 2736 M.
639 2693 786 2745 ‚‚ire.“

330 2762 375 2818 4)
402 2763 512 2805 Edd.
530 2765 591 2806 Μ.
623 2764 774 2822 „quisi
793 2777 840 2807 ut
864 2766 944 2822 ipsi
969 2790 1018 2799 —-
1042 2777 1299 2822 peccatores,
1329 2769 1524 2811 nullum“
1555 2781 1635 2811 etc.

331 2833 373 2890 ⁵)
407 2834 565 2889 Cantic.
599 2836 631 2885 I,
660 2834 700 2877 8.
735 2859 784 2867 ·—
812 2836 946 2879 Deest
975 2842 1094 2887 ‚,tu“
1124 2835 1166 2877 in
1199 2837 1300 2878 edd.
1324 2838 1386 2880 M.

327 2905 368 2961 ⁶)
399 2905 510 2947 Edd.
542 2906 602 2948 M.
636 2937 658 2957 „
672 2905 786 2962 quid.
801 2913 824 2931 “
946 2906 986 2964 ⁷)
1020 2906 1180 2950 Cantic.
1214 2908 1248 2958 I,
1279 2907 1322 2951 8.
