1759 3134
596 162 797 204 Hostum
823 160 922 202 XII.
1388 163 1467 206 157

56 274 304 314 constitutus
342 272 518 314 miseriis
559 273 857 329 suppliciisque
897 283 1130 329 torquetur.
1198 273 1299 315 Vult
1343 273 1468 326 igitur

56 351 187 399 Deus,
219 362 265 391 ut
294 366 402 390 nunc
420 350 636 406 Scriptura
667 360 984 399 commemorat,
1011 361 1305 392 testamentum
1324 351 1470 392 Israeli

56 428 397 469 maledictionem
432 443 516 468 esse
547 428 657 483 apud
686 425 1092 468 Nabuchodonosor.
1144 427 1202 467 Et
1228 427 1341 477 ideo,
1371 428 1467 484 quia

56 504 194 544 voluit
225 520 421 559 spernere
455 516 747 544 testamentum
775 501 1172 543 Nabuchodonosor
1202 520 1273 544 rex
1302 506 1467 546 Jerusa-

58 581 163 630 lem,
205 592 246 620 et
283 580 451 621 mittens
490 581 658 633 angelos
693 595 789 620 suos
827 579 870 619 in
898 580 1136 635 Aegyptum
1173 590 1467 622 testamentum

55 674 150 697 cum
167 657 382 697 Pharaone
407 658 543 698 facere
570 669 738 698 conatus
755 667 828 705 est,
854 655 910 695 ait
924 672 1062 696 sermo
1081 655 1264 696 divinus:
1295 674 1407 706 „non
1427 657 1465 709 ¹)

54 732 266 785 dirigetur,
297 749 383 773 non
414 733 682 774 salvabitur.“
742 732 1018 788 Quapropter
1052 744 1222 788 oportet
1250 749 1328 773 nos
1356 734 1467 773 ferre

52 809 281 864 patienter,
323 826 414 850 cum
456 825 478 849 a
506 809 602 849 Deo
640 809 845 850 tradimur
882 809 1049 851 ultioni.
1110 810 1302 850 Tradidit
1339 827 1467 866 quen-

53 887 149 926 dam
187 887 238 926 de
279 898 402 926 coetu
441 886 639 926 ecclesiae
683 887 912 942 Apostolus
951 886 1124 927 diabolo
1169 886 1212 926 in
1251 886 1467 928 interitum

53 963 204 1003 carnis:
244 975 286 1003 et
322 963 494 1004 tradidit
534 963 577 1003 in
618 964 748 1004 carnis
787 964 1023 1013 interitum,
1061 980 1148 1004 non
1185 975 1233 1004 ut
1269 966 1467 1019 perderet

52 1039 270 1089 traditum,
316 1040 389 1079 sed
427 1052 474 1080 ut
512 1039 706 1095 spiritum
745 1040 888 1081 traditi
933 1053 1210 1082 conservaret.
1282 1040 1344 1081 Ex
1381 1058 1465 1098 quo

53 1116 269 1172 Scriptura
298 1116 374 1156 ait:
407 1118 612 1166 „tradere
635 1118 677 1173 ²)
708 1117 944 1158 istiusmodi
974 1118 1149 1159 Satanae
1178 1118 1220 1158 in
1251 1118 1467 1159 interitum

55 1193 198 1243 carnis,
228 1205 275 1233 ut
304 1193 472 1248 spiritus
503 1195 640 1235 salvus
672 1195 744 1235 fiat
773 1194 816 1234 in
847 1194 915 1235 die
944 1193 1091 1250 judicii
1120 1195 1297 1236 Domini
1325 1197 1468 1237 Jesu.“

52 1270 252 1310 Traditur
293 1282 433 1311 autem
472 1271 692 1311 tormentis
732 1282 952 1326 peccator,
991 1283 1038 1312 ut
1073 1271 1248 1327 recipiat
1277 1272 1319 1312 in
1349 1290 1469 1328 prae-

49 1346 155 1385 senti
184 1346 410 1401 supplicia,
451 1359 490 1386 et
529 1364 607 1402 pro
649 1348 831 1402 peccatis
872 1348 954 1388 suis
998 1349 1202 1389 cruciatus
1242 1348 1283 1389 in
1321 1350 1465 1391 futuro

49 1422 311 1474 refrigerium
355 1435 656 1478 consequatur,
704 1435 745 1463 et
786 1423 870 1463 dici
908 1424 1042 1478 possit
1088 1425 1139 1464 de
1186 1441 1258 1465 eo:
1306 1426 1469 1481 recepit

50 1499 158 1539 mala
197 1516 269 1540 sua
311 1499 354 1539 in
393 1498 477 1539 vita
518 1515 602 1539 sua.
662 1499 709 1540 Si
750 1499 840 1554 quis
879 1499 1006 1552 igitur
1033 1500 1182 1556 poenis
1213 1502 1469 1544 excruciatus

49 1576 160 1633 juxta
189 1575 485 1625 maledictum,
524 1575 567 1616 in
598 1592 682 1631 quo
713 1576 830 1616 Deus
861 1576 1004 1632 posuit
1031 1589 1297 1632 peccatores,
1334 1580 1468 1620 malu-

52 1653 129 1694 erit
157 1655 299 1706 fugere
331 1651 550 1708 supplicia,
582 1664 623 1692 et
651 1652 818 1693 mittere
849 1654 902 1693 ad
928 1655 1166 1711 Aegyptum
1195 1672 1274 1711 pro
1305 1657 1468 1697 auxiliis

52 1730 344 1786 comparandis
367 1730 410 1785 3)
443 1729 494 1769 ad
522 1729 812 1779 Pharaonem,
855 1746 878 1770 a
909 1746 991 1785 quo
1023 1730 1216 1771 liberavit
1244 1733 1361 1773 Deus
1389 1749 1468 1789 po-

50 1808 200 1863 pulum
236 1824 379 1857 suum,
409 1822 496 1846 non
527 1805 750 1858 dirigetur,
784 1822 870 1846 non
901 1807 1137 1849 salvabitur.
1199 1809 1245 1849 Si
1275 1809 1366 1865 quis
1395 1826 1467 1851 au·-

51 1896 136 1924 tem
165 1883 373 1939 patienter
401 1881 746 1922 maledictionem
776 1882 1038 1933 sustinuerit,
1079 1896 1120 1925 et
1149 1886 1357 1941 supplicia
1384 1889 1468 1929 Na-

48 1961 399 2008 buchodonosor,
442 1970 483 1998 et
511 1969 676 2014 tempus
706 1972 979 2014 peccatorum
1007 1977 1181 2002 suorum
1209 1961 1252 2001 in
1283 1963 1469 2004 cruciatu

51 2037 352 2093 compleverit,
384 2037 601 2092 quomodo
634 2035 722 2093 ille,
756 2036 827 2092 qui
857 2038 1087 2078 secundum
1117 2038 1314 2093 epistolas
1343 2039 1469 2080 Pauli

51 2113 305 2155 excruciatus
337 2124 409 2164 est,
432 2125 480 2153 ut
509 2113 677 2169 spiritus
711 2112 797 2170 ejus
827 2114 964 2155 salvus
992 2114 1113 2155 fieret
1142 2114 1185 2155 in
1217 2114 1284 2156 die
1307 2115 1468 2172 judicii,

50 2190 125 2232 iste
166 2191 294 2231 finem
334 2190 543 2246 optimum
584 2202 873 2246 consequetur.
946 2192 1115 2233 Inducit
1150 2207 1248 2245 ergo
1289 2209 1386 2234 eum
1423 2194 1468 2234 in

52 2267 417 2317 maledictionem,
458 2279 499 2308 et
538 2268 664 2309 duces
703 2280 834 2309 terrae
867 2268 953 2327 ejus
983 2268 1184 2325 accipiet,
1220 2281 1268 2310 ut
1295 2271 1397 2311 fiant
1423 2271 1468 2312 in

54 2360 224 2396 regnum
253 2344 422 2385 infirmi.
471 2345 690 2385 Infirmum
721 2347 904 2387 efficitur
931 2363 1118 2399 regnum,
1149 2347 1265 2402 quod
1296 2348 1347 2388 de
1376 2364 1467 2389 san-

55 2432 119 2460 cta
146 2431 256 2460 terra
284 2420 327 2461 in
356 2420 620 2478 Babylonem
646 2424 905 2465 transfertur.
963 2424 1115 2465 Nullus
1150 2423 1307 2479 quippe
1345 2423 1466 2465 fortis

54 2509 115 2537 est
138 2496 180 2552 ι)
224 2496 268 2537 in
305 2497 545 2554 Babylone,
584 2498 629 2540 id
669 2511 750 2551 est,
794 2500 838 2540 in
878 2501 1125 2541 confusione
1164 2500 1315 2541 mentis
1354 2517 1464 2543 suae.

54 2573 240 2616 Omnino
281 2589 368 2614 non
404 2585 545 2628 potest
583 2576 730 2617 extolli
766 2576 920 2630 homo,
958 2577 1030 2635 qui
1068 2577 1265 2619 confusus
1301 2589 1380 2629 est,
1418 2589 1466 2619 ut

171 2741 210 2797 ¹)
242 2741 327 2782 Cfr.
358 2741 507 2782 Ezech.
538 2742 676 2793 XVII,
706 2743 771 2786 15.
890 2745 934 2800 ²)
964 2746 984 2786 I
1005 2745 1102 2787 Cor.
1134 2746 1185 2796 V,
1215 2746 1254 2788 5.

166 2811 209 2866 ³)
240 2810 347 2852 Edd.
378 2811 572 2852 Merlini:
605 2814 913 2869 comparandis:
945 2825 986 2854 et
1008 2813 1189 2856 Pharao:
1222 2831 1245 2856 a
1275 2830 1358 2870 quo
1389 2825 1465 2855 etc.

167 2877 210 2934 ⁴)
239 2880 514 2922 Desideratur
543 2894 639 2933 „est
652 2889 677 2909 ‘⁴
707 2883 751 2924 in
782 2883 846 2924 ed.
877 2883 1022 2925 Ruaei.
