1759 3134
251 116 335 161 316
543 114 765 157 Omossms
794 127 839 157 m
871 113 1055 157 CANTm.
1086 114 1389 159 CANTmonuM

251 229 368 273 Mosi
409 240 549 270 autem
594 227 691 270 dico
736 229 818 282 legi
862 240 987 284 atque
1032 227 1279 282 evangeliis,
1329 230 1606 288 omnibusque
1633 234 1672 290 ¹)

253 307 404 350 divinis
441 305 682 363 scripturis3
721 318 821 348 tunc
865 306 976 348 enim
1015 306 1168 348 merito
1211 307 1412 358 cantabit,
1458 319 1500 350 et
1539 308 1668 352 dicet:

252 397 502 438 „cantemus
525 384 568 439 ²)
609 385 824 438 Domin03
876 384 1060 438 gloriose
1111 383 1223 426 enim
1267 385 1522 439 glorificatus
1560 393 1673 428 est.“

251 464 338 506 Sed
357 460 402 521 3)
439 462 557 505 istius
587 461 796 504 canticum
827 474 947 504 canet
978 461 1090 519 quis,
1136 478 1233 503 cum
1260 462 1447 519 primum
1475 463 1675 506 liberatus

250 540 378 584 fuerit
416 558 438 583 a
475 540 674 583 servitute
717 539 1034 598 Aegyptiorum.
1094 539 1198 581 Post
1235 541 1337 582 haec
1378 552 1539 592 autem,
1578 558 1673 583 cum

250 618 459 661 transierit
496 635 575 676 per
613 619 714 660 haec
757 617 917 669 omnia,
959 635 1063 676 quae
1104 618 1146 659 in
1185 618 1359 670 Exodo,
1405 630 1447 660 et
1486 635 1591 676 quae
1631 619 1674 661 in

248 696 439 739 Levitico
478 696 633 754 scripta
671 708 787 746 sunt,
829 707 870 737 et
908 696 1072 739 venerit
1112 697 1165 738 ad
1203 696 1307 747 hoc,
1347 708 1394 738 ut
1434 696 1478 738 in
1510 696 1674 739 divinos

249 791 449 817 numeros
478 785 722 824 assumatur,
751 785 852 815 tunc
882 773 1036 816 iterum
1059 774 1292 815 secundum
1311 772 1521 816 canticum
1542 787 1676 827 canet,

251 870 348 895 cum
389 851 535 894 exierit
575 853 627 894 de
665 852 773 894 valle
815 852 991 903 zareth,
1040 852 1155 909 quod
1199 852 1500 910 interpretatur
1542 852 1677 895 aliena

250 930 492 982 descensio,
534 942 575 972 et
615 929 778 971 venerit
819 931 871 971 ad
909 942 1109 987 puteum,
1149 931 1201 972 de
1244 947 1327 988 quo
1357 929 1563 987 scriptum
1593 942 1674 972 est:

249 1021 328 1061 „et
353 1010 397 1066 ⁴²)
431 1008 535 1051 dixit
563 1007 775 1048 Dominus
820 1008 869 1048 ad
903 1008 1078 1050 Mosen:
1121 1023 1324 1063 congrega
1348 1007 1594 1065 populum,
1635 1019 1675 1048 et

248 1087 358 1128 dabo
396 1085 446 1127 iis
477 1101 628 1141 aquam
658 1085 710 1126 de
741 1095 872 1140 puteo
904 1084 1092 1126 bibere.“
1151 1086 1219 1127 Ibi
1250 1085 1362 1127 enim
1394 1084 1596 1135 cantabit,
1633 1096 1675 1126 et

248 1163 382 1204 dicet:
424 1160 621 1212 „initiate
646 1161 688 1216 ⁵)
721 1160 758 1202 ei
788 1172 980 1217 puteum.
1018 1162 1265 1204 'Foderunt
1293 1162 1416 1203 illum
1446 1161 1674 1218 principes,

248 1240 505 1282 excuderunt
549 1256 645 1281 eum
675 1255 793 1292 reges
823 1239 1011 1293 gentium
1040 1239 1083 1280 in
1112 1256 1242 1293 regno
1273 1256 1373 1290 suo,
1413 1257 1510 1281 cum
1540 1239 1677 1295 domi-

246 1330 396 1361 uantur
428 1322 619 1360 eorum.“
677 1317 764 1359 Sed
799 1318 851 1359 de
882 1317 944 1359 his
974 1317 1142 1374 plenius
1173 1317 1218 1359 in
1233 1319 1521 1360 Numerorum
1549 1317 1675 1370 libro,

246 1397 478 1440 secundum
508 1396 626 1453 quod
656 1395 774 1437 dedit
802 1395 924 1437 nobis
949 1395 1174 1446 Dominus,
1206 1396 1368 1438 dictum
1400 1408 1472 1438 est.
1533 1396 1676 1453 Opor-

245 1488 307 1518 tet
335 1475 463 1528 igitur
489 1473 632 1516 venire
663 1475 715 1515 ad
746 1486 945 1530 puteum,
986 1474 1057 1531 qui
1089 1491 1112 1516 a
1140 1473 1403 1530 principibus
1433 1476 1569 1516 fossus
1602 1486 1674 1525 est,

248 1566 291 1595 et
329 1570 352 1594 a
389 1553 556 1606 regibus
599 1569 770 1594 excusus
810 1564 892 1604 est,
936 1552 977 1593 in
1019 1570 1103 1609 quo
1145 1569 1275 1609 opere
1314 1568 1439 1593 nemo
1482 1552 1674 1609 plebeius

249 1643 462 1689 operatur,
495 1631 570 1672 sed
605 1646 751 1671 omnes
779 1630 1005 1686 principes,
1038 1647 1184 1672 omnes
1214 1647 1345 1683 reges,
1375 1630 1533 1683 regales
1563 1630 1676 1672 scili—

249 1722 316 1753 cet
345 1721 387 1751 et
415 1708 671 1766 principales
702 1708 887 1759 animae,
930 1725 1037 1766 quae
1077 1709 1345 1751 altitudinem
1376 1708 1495 1765 putei
1524 1725 1675 1765 aquam

248 1789 387 1830 vivam
422 1787 675 1830 continentis
704 1787 935 1844 inquirunt.
995 1788 1100 1830 Post
1130 1787 1239 1829 illud
1271 1786 1480 1829 canticum
1510 1787 1676 1830 venitur

247 1869 298 1909 ad
328 1866 660 1909 Deuteronomii
692 1865 915 1916 canticum,
947 1867 999 1907 de
1030 1883 1114 1923 quo
1148 1865 1251 1907 dicit
1279 1864 1514 1907 Dominus:
1545 1877 1615 1919 „et
1631 1866 1675 1922 ⁵)

245 1964 356 1988 nunc
395 1945 565 1987 scribite
605 1945 726 1986 vobis
766 1946 895 1985 verba
935 1944 1085 1986 cantici
1126 1944 1269 2003 hujus,
1313 1955 1355 1985 et
1385 1945 1536 1984 docete
1566 1943 1675 1984 illud

245 2025 358 2067 filios
387 2024 537 2073 Israel,
576 2035 618 2064 et
654 2022 815 2081 injicite
854 2021 963 2063 illud
1003 2022 1044 2064 in
1086 2039 1133 2064 os
1175 2039 1345 2072 eorum,
1384 2034 1432 2063 ut
1469 2021 1543 2062 fiat
1570 2021 1675 2062 mihi

247 2102 456 2143 canticum
487 2101 598 2143 istud
629 2101 681 2142 ad
711 2100 1004 2142 testimonium
1043 2100 1087 2141 in
1120 2099 1217 2141 filiis
1249 2100 1419 2141 Israel.“
1477 2100 1534 2141 Et
1564 2099 1674 2151 vide,

247 2192 450 2238 quantum
489 2191 530 2220 et
568 2179 691 2235 quale
731 2177 785 2218 sit
815 2178 1025 2219 canticum
1055 2177 1191 2229 istud,
1230 2177 1297 2218 cui
1333 2178 1385 2219 ad
1416 2177 1672 2219 audiendum

245 2273 357 2302 terra
386 2276 472 2301 non
502 2257 682 2308 sufficit,
721 2257 794 2297 sed
836 2266 1094 2297 convocatur
1124 2267 1165 2297 et
1198 2255 1379 2297 coelum.
1438 2255 1511 2296 Ait
1541 2255 1669 2297 enim:

364 2471 408 2527 ¹)
438 2470 547 2511 Edd.
577 2467 775 2511 Merlini:
809 2467 1002 2509 omnibus
1036 2467 1187 2510 divinis
1217 2479 1296 2510 etc.

363 2542 410 2598 2)
440 2540 577 2582 Exod.
607 2539 702 2589 XV,
734 2537 771 2582 1.
806 2565 857 2570 -
891 2539 976 2581 Cfr.
1007 2555 1098 2595 pag.
1133 2538 1228 2583 315.
1260 2550 1348 2580 not.
1368 2538 1410 2582 8.

363 2611 407 2667 ³)
436 2611 546 2652 Edd.
581 2608 776 2652 Merlini:
811 2609 898 2652 Sed
929 2609 1042 2651 istud
1074 2609 1281 2653 canticum
1312 2609 1422 2653 canit
1439 2609 1545 2667 quis,
1576 2627 1671 2653 cum

249 2669 341 2726 quis
370 2668 572 2709 liberatus
603 2678 680 2707 etc.

367 2738 410 2795 ⁴)
445 2738 533 2780 Cfr.
566 2740 692 2780 Num.
723 2737 839 2788 XXI,
871 2737 935 2781 16.

366 2810 409 2866 ⁵)
439 2811 567 2854 Num.
596 2808 715 2859 XXI,
755 2808 820 2852 17.
854 2807 920 2852 18.

363 2880 408 2941 ⁶)
437 2880 567 2923 Dent.
586 2879 749 2933 XXXI,
770 2878 836 2928 19.
869 2903 919 2912 —-
950 2879 1059 2925 Edd.
1079 2880 1272 2924 Merlini:
1305 2880 1346 2925 in
1367 2879 1666 2925 testimonium.
1718 2895 1723 2902 ’
