1759 3134
679 128 877 169 HommA
909 127 939 168 Ι.
1448 127 1531 170 253

221 242 260 283 8.
320 238 557 289 „Annuntia
583 239 620 293 1)
652 239 777 288 mihi,
807 253 931 293 quem
963 236 1115 278 dilexit
1145 237 1280 278 anima
1308 252 1426 286 mea,
1456 238 1529 277 ubi

111 318 260 374 pascis,
290 315 364 356 ubi
396 316 519 355 cubas
550 316 591 356 in
621 315 838 356 meridie.“
897 315 994 354 Non
1026 330 1180 369 quaero
1215 314 1295 355 alia
1324 326 1531 369 tempora,

116 395 282 450 quando
313 408 507 447 vespere,
539 394 706 449 quando
737 391 952 437 diluculo,
990 392 1156 446 quando
1189 392 1230 431 in
1261 392 1362 432 solis
1391 392 1525 447 pa‘scis

114 470 330 513 occubitu:
371 468 479 509 illud
518 468 684 526 temf'ms
725 468 915 524 inquiro,
959 468 1126 523 quando
1155 468 1198 523 ²)
1239 469 1416 509 florente
1447 468 1529 517 die,

112 549 280 605 quando
319 546 444 601 plena
483 547 577 587 luce
616 547 659 587 in
696 545 919 602 majestatis
951 557 1047 585 tuae
1078 545 1309 600 splendore
1342 545 1528 586 versaris.

113 624 364 676 „Annuntia
387 623 426 675 3)
458 623 584 672 mihi,
625 639 749 679 quem
781 622 928 663 dilexit
957 622 1094 663 anima
1124 638 1239 671 mea,
1282 621 1355 661 ubi
1384 621 1532 676 pascis,

113 702 187 742 ubi
219 702 342 741 cubas
374 699 415 740 in
447 699 666 741 meridie.“
724 699 963 751 Diligenter
1003 701 1178 739 observa
1200 699 1264 754 ⁴),
1307 698 1381 738 ubi
1410 697 1535 738 meri-

114 779 229 818 diem
261 777 420 830 legeris.
480 778 609 832 Apud
637 777 797 832 Joseph
826 776 1003 817 meridie
1035 777 1182 817 fratres
1213 775 1439 831 prandium
1470 790 1536 815 ce—

115 855 291 896 lebrant.
351 853 501 906 Angeli
541 853 718 894 meridie
749 853 977 894 Abrahami
1013 853 1297 909 suscipiuntur
1332 852 1537 908 hospitio,

115 944 159 973 et
192 944 328 972 cetera
358 931 608 971 istiusmodi.
672 931 859 985 Quaere,
892 944 933 972 et
961 931 1162 980 invenies,
1192 930 1447 986 scripturam
1476 928 1539 969 di-

117 1009 256 1050 vinam
294 1025 381 1049 non
420 1009 571 1048 frustra
611 1024 684 1048 seu
723 1008 904 1049 fortuitu
945 1023 1291 1064 unumquemque
1335 1022 1537 1063 usurpare

119 1102 370 1128 sermonem.
434 1084 541 1139 Quis
579 1096 699 1140 putas
739 1097 800 1126 est
840 1086 986 1138 dignus
1025 1103 1047 1126 e
1077 1085 1222 1135 nobis,
1258 1096 1306 1125 ut
1334 1086 1388 1125 ad
1415 1084 1543 1125 meri-

120 1164 234 1204 diem
273 1179 404 1218 usque
442 1162 678 1217 perveniat,
718 1174 760 1202 et
800 1163 958 1212 videat,
994 1163 1069 1203 ubi
1108 1173 1272 1218 pascat,
1309 1162 1385 1202 ubi
1417 1163 1541 1202 cubet

121 1239 326 1295 sponsus?
393 1239 642 1288 „Annuntia
667 1239 707 1294 ⁵)
746 1239 871 1289 mihi,
912 1257 1037 1296 quem
1076 1239 1221 1280 dilexit
1260 1239 1397 1280 anima
1433 1255 1542 1288 mea,

120 1316 195 1356 ubi
235 1316 392 1372 pascis»,
432 1316 506 1356 ubi
547 1317 670 1356 cubas
707 1316 750 1356 in
787 1317 976 1358 meridie.
992 1323 1016 1341 “
1074 1316 1166 1357 Risi
1205 1317 1318 1356 enim
1354 1327 1402 1356 tu
1439 1315 1543 1356 mihi

119 1392 443 1442 annuntiaveris,
474 1391 633 1448 incipio
659 1394 891 1433 errabunda
912 1392 1070 1449 jactari,
1103 1406 1158 1443 et,
1188 1395 1290 1434 dum
1308 1378 1351 1433 te
1373 1409 1543 1448 quaero,

122 1470 165 1510 in
197 1470 378 1510 aliorum
408 1485 549 1521 greges
580 1469 761 1510 incurro.
820 1469 898 1519 Et,
938 1470 1035 1526 quia
1064 1471 1245 1511 aliorum
1283 1471 1484 1511 erubesco
1503 1469 1545 1524 6)

124 1549 358 1603 adspectus,
388 1546 539 1588 faciem
571 1563 709 1587 meam
739 1557 863 1601 atque
895 1563 968 1587 ora
996 1564 1097 1588 mox
1123 1560 1346 1600 contegere
1369 1546 1544 1603 incipio.

128 1626 232 1667 Sum
253 1624 411 1680 quippe
436 1641 588 1679 sponsa
616 1624 818 1672 formosa,
850 1635 891 1663 et
920 1624 1011 1665 aliis
1041 1626 1198 1665 nudam
1226 1625 1379 1664 faciem
1408 1641 1547 1664 meam

127 1719 215 1742 non
248 1702 448 1749 ostendo,
478 1700 559 1740 nisi
586 1700 665 1740 tibi
696 1699 801 1749 soli,
838 1716 963 1755 quem
995 1699 1079 1756 jam
1108 1701 1276 1757 pridem
1307 1701 1549 1742 deosculata

130 1796 235 1821 sum.
294 1776 543 1828 „Annuntia
568 1778 608 1834 7)
639 1776 767 1825 mihi,
812 1793 938 1832 quem
980 1776 1126 1818 dilexit
1156 1778 1293 1819 anima
1320 1795 1436 1828 mea,
1474 1778 1549 1819 ubi

129 1856 285 1912 pascis,
322 1855 397 1895 uhi
428 1855 551 1895 cubas
581 1853 623 1894 in
653 1853 855 1903 meridie,
892 1870 945 1894 ne
975 1856 1143 1910 quando
1183 1856 1303 1906 fiam,
1341 1856 1450 1896 sicut
1480 1872 1551 1897 co-

134 1943 283 1989 operta
318 1948 444 1986 super
481 1947 622 1983 greges
656 1930 867 1970 sodalium
896 1938 1111 1972 tuorum.“
1168 1932 1229 1973 Ut
1257 1932 1334 1973 ista
1362 1949 1449 1973 non
1478 1949 1551 1988 pa-

131 2009 235 2059 tiar,
266 2020 312 2049 ut
342 2024 428 2048 non
458 2007 557 2048 fiam
588 2019 811 2063 cooperta,
852 2019 899 2047 ut
929 2024 1001 2049 ora
1031 2025 1118 2049 non
1150 2021 1392 2063 contegam,
1427 2022 1468 2051 et
1499 2011 1552 2051 ad

134 2087 239 2128 alios
277 2101 410 2141 usque
449 2084 719 2141 perveniens,
756 2083 958 2140 incipiam
998 2085 1176 2126 forsitan
1216 2100 1256 2127 et
1299 2104 1371 2128 eos
1401 2104 1552 2138 amare,

134 2181 242 2220 quos
281 2163 443 2204 nescio:
484 2162 642 2203 idcirco
684 2161 881 2203 annuntia
917 2161 1041 2211 mihi,
1079 2162 1155 2203 ubi
1184 2176 1224 2204 te
1257 2181 1475 2221 quaeram,
1515 2178 1556 2206 et

257 2378 298 2431 ¹)
331 2377 489 2418 Cantic.
520 2379 553 2428 I,
585 2378 623 2420 ’7.

258 2448 301 2503 ²)
331 2448 440 2488 Edd.
470 2448 664 2488 Merlini:
698 2450 864 2504 quando
895 2450 938 2490 in
968 2451 1145 2491 florente
1178 2451 1246 2491 die
1281 2463 1356 2492 etc.

258 2519 300 2573 3)
333 2517 490 2559 Cantic.
520 2519 554 2567 Ῐ,
586 2518 624 2560 7.

258 2590 301 2643 ⁴²)
333 2588 441 2629 Edd.
474 2587 667 2628 Merlini:
700 2590 875 2632 observa
904 2590 1128 2631 meridiem
1158 2591 1270 2643 legis.

262 2657 307 2713 ⁵)
339 2658 498 2700 Cantic.
530 2659 564 2710 I,
595 2658 633 2700 7.

263 2729 304 2784 G)
334 2729 442 2769 Edd.
473 2728 665 2769 Merlini:
705 2730 905 2771 erubesco
944 2732 1096 2773 faciem
1136 2743 1259 2787 atque
1291 2747 1364 2771 ora
1396 2729 1550 2770 contin«

145 2802 261 2839 gere:
291 2785 442 2826 faciem
467 2801 605 2825 meam
620 2796 744 2841 atque
763 2802 835 2826 ora
851 2803 943 2828 mea
960 2800 1151 2840 contego.
1183 2789 1287 2830 Sum
1305 2787 1461 2843 quippe
1480 2797 1543 2826 etc

265 2855 304 2909 ⁷)
338 2855 494 2896 Cantic.
527 2856 558 2904 I,
590 2856 626 2897 7.
