1759 3134
260 128 344 174 318
554 127 775 171 Omonms
805 139 851 171 m
883 127 1065 173 CANrm.
1099 130 1401 176 CANrrconum

259 243 360 284 mici
388 241 548 294 David,
588 258 692 298 quos
733 243 776 285 in
815 243 954 300 primo
996 256 1037 285 et
1081 247 1266 287 secundo
1298 247 1542 300 Regnorum
1571 246 1680 291 libro

260 332 427 378 superat
468 337 515 361 ac
550 321 799 377 prosternit,
842 333 883 362 et
920 323 1138 378 quomodo
1172 323 1317 376 dignus
1348 325 1480 366 factus
1512 336 1595 376 est,
1633 338 1680 368 ut

258 398 439 440 Domini
468 397 727 456 adjutorium
755 412 999 452 mereretur,
1031 413 1072 442 et
1093 400 1343 443 liberaretur
1363 403 1414 443 ab
1437 402 1679 461 hujusmodi

257 476 456 519 inimicis:
488 488 588 518 tunc
618 478 778 534 poteris
811 490 850 520 ct
872 491 917 520 tu
944 479 1139 535 quintum
1158 478 1270 520 istud
1291 480 1498 522 canticum
1519 497 1677 523 cancre.

257 555 431 598 Sextum
464 567 525 597 est
555 555 763 597 canticum
793 557 836 598 in
865 557 1005 613 primo
1038 556 1396 613 Paralipomenon
1426 558 1560 609 libro,
1604 558 1679 600 ubi

255 633 472 676 constituit
512 633 654 675 David
692 634 733 674 in
784 635 996 691 principio
1042 636 1095 677 ad
1142 635 1399 676 laudandum
1441 636 1678 678 Dominum

253 713 417 770 Asaph,
460 724 501 753 et
531 712 678 752 fratres
710 710 820 769 ejus,
858 724 899 754 et
939 724 999 754 est
1037 712 1204 753 initium
1243 712 1394 754 cantici
1422 714 1539 755 istius
1569 714 1676 755 tale:

254 791 460 842 „laudate
485 789 524 847 ¹)
555 788 794 831 Dominum
824 803 865 831 et
896 790 1180 841 confitemini,
1212 802 1252 832 et
1283 790 1476 833 invocate
1507 807 1604 833 eum
1632 791 1675 832 in

250 869 423 911 nomine
469 867 584 927 ejus,
636 880 757 910 notas
809 867 933 910 facite
986 869 1030 910 in
1074 869 1248 926 populis
1293 870 1530 911 voluntates
1575 868 1675 927 ejus.

252 947 399 990 Canite
431 947 482 998 ei,
513 959 555 989 et
583 947 787 1005 hymnum
817 946 958 998 dicite,
987 959 1150 989 narrate
1183 965 1329 990 omnes
1356 947 1673 990 adinventiones

251 1025 359 1085 ejus,
401 1042 500 1083 quas
529 1025 632 1066 fecit
661 1024 932 1075 Dominus,“
973 1037 1014 1066 et
1055 1037 1204 1068 cetera.
1263 1027 1494 1069 Sciendum
1533 1039 1673 1068 tamen

249 1116 332 1155 est,
366 1104 482 1161 quod
513 1101 723 1144 canticum
754 1102 950 1159 quidem,
982 1105 1098 1159 quod
1129 1115 1190 1144 est
1217 1103 1261 1144 in
1290 1107 1476 1146 secundo
1505 1106 1674 1158 Regno-

248 1199 343 1223 rum
380 1181 516 1232 libro,
557 1180 681 1221 valde
724 1179 862 1221 simile
901 1192 961 1221 est
999 1181 1164 1236 psalmo
1196 1194 1299 1224 XVII.
1361 1181 1493 1235 Quod
1534 1193 1675 1223 autem

247 1270 309 1301 est
339 1258 380 1299 in
410 1257 551 1315 primo
584 1257 695 1299 libro
713 1257 1075 1314 Paralipomenon
1106 1258 1150 1300 in
1179 1258 1309 1300 initiis
1339 1259 1512 1316 quidem
1539 1275 1671 1316 usque

245 1338 300 1379 ad
329 1353 426 1378 eum
456 1337 624 1389 locum,
654 1338 729 1378 ubi
759 1337 882 1379 dicit.-
922 1350 1000 1388 „et
1023 1338 1066 1394 ²)
1098 1338 1139 1379 in
1170 1337 1391 1394 prophetis
1419 1336 1554 1378 nolite
1583 1353 1672 1378 ma-

244 1415 454 1470 lignari:“
485 1415 623 1457 simile
655 1427 716 1458 est
749 1429 834 1459 clv.
857 1416 1034 1473 psalmo,
1093 1415 1337 1457 Posteriora
1372 1432 1474 1458 vero
1506 1417 1557 1457 ab
1588 1416 1670 1457 hoc

244 1493 344 1535 loco
378 1493 702 1536 similitudinem
733 1506 881 1548 gerunt
909 1494 1142 1551 primarum
1158 1493 1343 1551 partium
1366 1507 1483 1538 XCVI.
1503 1494 1670 1551 psalmi,

244 1572 316 1613 ubi
347 1571 521 1613 dicitur:
564 1584 763 1624 „cantate
787 1574 829 1630 ³)
855 1572 1048 1614 Domino
1081 1572 1217 1614 omnis
1248 1578 1414 1614 terra:“
1454 1589 1585 1629 usque
1617 1572 1669 1613 ad

241 1666 340 1691 eum
384 1650 550 1703 locum,
596 1650 670 1691 ubi
715 1651 793 1692 ait:
844 1650 979 1707 „quia
1003 1651 1046 1708 ¹²)
1089 1650 1204 1692 venit
1240 1649 1427 1708 judicare
1463 1655 1667 1693 terram.“

238 1727 372 1781 Igitur
413 1729 448 1770 si
494 1728 539 1770 in
584 1728 648 1770 his
697 1728 1013 1771 concludendus
1057 1741 1118 1771 est
1153 1744 1354 1771 numerus
1392 1726 1667 1780 cantieorum,

237 1806 422 1864 septimo
477 1806 521 1848 in
564 1807 663 1849 loco
709 1808 932 1864 ponendus
981 1807 1195 1867 viglebitur
1238 1807 1349 1849 liber
1389 1806 1458 1848 hic
1503 1806 1667 1850 Cantici

241 1885 526 1928 Canticorum.
588 1885 636 1928 Si
666 1885 757 1943 quis
788 1902 890 1928 vero
922 1885 1049 1928 etiam
1077 1885 1223 1928 Esaiae
1249 1886 1295 1943 ⁵)
1329 1884 1538 1927 canticum
1569 1901 1664 1927 cum

240 1964 388 2005 ceteris
433 1965 739 2006 numerandum
792 1976 935 2022 putet,
993 1964 1095 2006 licet
1139 1981 1228 2005 non
1270 1964 1393 2006 valde
1439 1964 1667 2006 convenire

237 2041 452 2094 videatur,
488 2054 537 2084 ut
575 2042 848 2099 praecessisse
886 2054 1062 2099 putetur
1095 2042 1242 2084 Esaiae
1274 2042 1506 2094 canticum,
1546 2041 1663 2098 quod

236 2118 362 2174 longe
400 2121 708 2177 posterioribus
746 2121 1011 2178 temporibus
1049 2119 1190 2162 Esaias
1230 2119 1464 2176 scripserit:
1507 2132 1662 2171 tamen,

235 2198 270 2239 si
299 2199 394 2255 puis
425 2211 570 2256 putet,
608 2201 725 2258 quod
760 2199 1011 2256 prophetica
1051 2197 1162 2240 dicta
1198 2213 1286 2239 non
1311 2198 1353 2256 ⁶)
1382 2198 1661 2255 temporibus,

234 2277 307 2317 sed
337 2277 499 2319 ratione
530 2280 743 2336 pensanda
771 2278 876 2329 sint,
914 2276 1111 2336 adjunget
1150 2275 1277 2318 etiam
1316 2275 1427 2318 iliud
1451 2276 1492 2334 ⁷)
1532 2275 1660 2318 canti·

234 2371 353 2397 cum:
389 2368 429 2398 et
461 2357 573 2399 dicet
602 2357 704 2408 hoc,
738 2356 853 2414 quod
885 2355 1091 2397 Salomon
1122 2354 1285 2406 cecinit,
1319 2354 1537 2397 Canticum
1572 2370 1659 2398 esse

352 2563 391 2618 ¹)
424 2562 509 2605 Cfr.
541 2562 736 2605 IChron.
767 2561 884 2613 XVI,
914 2562 951 2606 8.
984 2561 1022 2606 9.

349 2635 392 2690 ²)
424 2635 443 2674 I
465 2633 621 2678 Chron.
649 2633 765 2683 XVI,
796 2632 864 2676 22.
984 2633 1027 2689 ³)
1057 2632 1211 2676 Psalm.
1241 2631 1396 2684 XCVI,
1426 2632 1464 2678 1.

349 2705 392 2761 ⁴)
422 2704 576 2746 Psalm.
606 2703 759 2754 XCVI,
792 2703 856 2747 13.
978 2704 1018 2760 ⁵)
1051 2704 1138 2750 cfr,
1167 2704 1290 2746 Jesai.
1322 2705 1395 2746 VI.

347 2776 390 2831 6)
423 2775 532 2816 Edd.
563 2774 760 2816 Merlini:
791 2791 876 2816 non
908 2786 1121 2831 tempore:
1153 2776 1227 2816 sed
1256 2774 1421 2816 ratione
1452 2785 1527 2816 ete.

347 2846 388 2903 7)
418 2845 528 2887 Edd.
560 2845 752 2888 Merlini:
793 2878 816 2898 „
831 2846 957 2888 illud:
999 2846 1208 2888 canticum
1238 2846 1343 2899 hoc,
1380 2846 1498 2902 quod
1527 2843 1649 2889 Salo-

226 2909 361 2945 mon“
398 2913 479 2947 etc.
