1759 3134
644 149 840 190 HommA
868 147 939 188 VI.
1452 151 1505 194 93

90 259 293 300 cinctorio
325 259 556 315 Apostolus
584 260 793 315 loquitur:
837 269 1023 307 „stantes
1051 258 1091 314 1)
1131 261 1359 314 praecincti
1399 261 1505 303 lum—

88 337 163 377 bos
206 347 364 376 vestros
403 336 445 376 in
478 336 691 376 veritate.“
749 334 911 375 Veritas
944 335 1054 374 enim
1085 353 1163 390 pro
1195 338 1318 394 bysso
1350 339 1504 395 accipi-

90 425 166 453 tur.
226 413 317 462 „Et
339 413 381 469 2)
416 413 569 468 operui
598 424 640 453 te
670 411 922 467 trichapt0.“
981 412 1079 451 Non
1103 412 1145 466 3)
1177 413 1404 464 inveniens,
1435 432 1508 456 ne-

89 506 168 544 que
199 489 459 541 intelligens,
490 489 591 545 quid
622 500 728 529 esset
755 488 1034 544 trichaptum,
1064 489 1206 529 inveni
1234 489 1278 529 in
1309 491 1388 532 alia
1420 493 1507 533 edi-

86 566 203 606 tione
233 583 312 622 pro
343 567 573 622 trichapto:
605 566 845 615 „florens:“
877 577 918 605 et
943 566 987 605 in
1012 566 1111 606 alia:
1143 565 1506 615 „indumentum.“

89 642 221 694 Igitur
250 643 387 684 induit
415 659 491 683 nos
512 643 629 683 Deus
658 654 756 697 post
785 642 938 683 variam
968 655 1142 693 vestem,
1175 654 1215 682 et
1243 643 1414 684 florenti
1442 657 1507 685 tu-

87 718 192 760 nica.
253 721 341 770 „Et
362 721 404 776 ⁴²)
437 719 580 759 ornavi
610 731 651 759 te
685 731 954 769 ornamento,
987 732 1028 760 et
1053 721 1093 776 ⁵)
1123 720 1309 775 imposui
1337 721 1415 761 tibi
1446 738 1508 762 ar-

87 796 224 837 millas
266 797 374 837 circa
410 812 554 837 manus
593 802 724 836 tuas.“
786 796 893 837 Cum
931 796 1036 836 mihi
1070 796 1234 836 dederit
1265 798 1506 839 occasiones

87 874 298 913 bonorum
323 866 504 923 actuum,
528 873 710 913 armillas
737 873 967 914 circumdat
989 874 1181 914 manibus
1204 874 1320 914 meis.
1368 876 1449 924 „Et
1464 875 1506 931 ⁶)

87 961 230 990 catena
270 951 377 990 circa
417 951 576 990 collum
613 956 775 990 tuum.“
846 950 891 991 Si
930 967 997 997 me
1036 961 1134 1006 post
1172 963 1284 1003 gesta
1321 951 1504 1007 justitiae

85 1027 305 1068 intellectu
342 1028 552 1068 ornaverit
590 1027 797 1076 veritatis,
841 1038 941 1067 ωηο
971 1027 1075 1067 mihi
1107 1040 1401 1068 ornamentum
1430 1046 1507 1069 nu-

87 1103 238 1158 ptiale,
276 1116 375 1144 tunc
416 1116 558 1144 catena
582 1105 622 1160 ⁷)
666 1104 779 1145 collo
813 1105 967 1145 decora
997 1104 1292 1146 circumdatur.
1353 1107 1442 1155 „Et
1464 1107 1507 1163 ⁸)

88 1181 186 1220 dedi
225 1180 414 1221 inaurem
453 1181 562 1222 circa
600 1197 745 1221 narem
775 1187 932 1222 tuam.“
993 1181 1175 1235 Quando
1207 1198 1303 1222 vere
1333 1199 1508 1238 possum

87 1257 298 1298 suavitatis
329 1269 370 1298 et
398 1258 502 1298 boni
534 1258 677 1298 odoris
707 1270 963 1299 sacramenta
991 1259 1225 1314 suscipere,
1264 1271 1364 1299 tunc
1403 1261 1509 1300 mihi

89 1346 209 1375 ornat
237 1336 354 1375 Deus
384 1335 597 1375 inauribus
625 1351 782 1375 narem.
842 1335 933 1384 „Et
958 1336 1000 1389 ⁹)
1040 1336 1199 1376 rotulas
1229 1336 1274 1375 in
1303 1337 1508 1378 auriculas

89 1417 220 1452 tuas.“
277 1412 335 1452 Ut
373 1428 460 1451 non
500 1412 640 1451 solum
678 1411 910 1460 auriculae,
948 1413 1022 1452 sed
1063 1412 1186 1452 etiam
1223 1413 1386 1463 grandis
1415 1425 1508 1453 rota

88 1504 211 1528 aurea
239 1488 292 1528 sit
323 1487 430 1528 circa
461 1488 652 1528 auditum
680 1499 814 1528 tuum.
873 1488 1013 1528 Aurea
1042 1504 1143 1527 vcro
1174 1499 1268 1528 rota
1297 1500 1370 1538 est,
1402 1506 1507 1545 quae

87 1564 369 1604 intellectibus
400 1564 587 1604 volvitur
615 1555 776 1605 sacriss
812 1564 906 1613 „Et
934 1565 1000 1618 ¹⁰)
1041 1581 1198 1605 corona
1238 1565 1508 1617 glorificatio-

86 1641 150 1681 nis
192 1657 319 1697 super
357 1653 483 1697 caput
520 1647 684 1682 tuum.“
744 1641 1027 1696 Omnipotens
1057 1643 1175 1682 Deus
1213 1653 1254 1682 et
1282 1642 1404 1682 nobis
1434 1644 1510 1684 tri-

84 1720 181 1767 bue,
211 1730 258 1758 ut
288 1718 401 1770 digni
432 1718 667 1758 efficiamur
695 1734 851 1758 corona
880 1717 1197 1769 glorificationis
1228 1735 1354 1773 super
1384 1733 1509 1775 caput

84 1806 288 1836 nostrum.
346 1794 436 1844 „Et
464 1795 530 1850 ¹¹)
563 1805 708 1835 ornata
737 1810 778 1834 es
811 1800 971 1843 auro,“
1003 1794 1048 1834 id
1080 1806 1160 1844 est,
1200 1795 1350 1835 divinis
1380 1797 1508 1837 sensi-

86 1874 183 1919 bus:
216 1884 285 1922 „et
310 1872 377 1928 ¹²)
408 1878 629 1923 argent0‚“
661 1872 705 1912 id
737 1883 810 1921 est,
841 1870 1104 1912 sermonibus
1133 1870 1268 1911 sacris.
1329 1872 1508 1929 „Et¹3)

194 2017 242 2072 ’1)
272 2017 426 2072 Ephes.
458 2019 531 2067 VI,
563 2018 628 2061 14.

202 2087 248 2141 ²)
277 2086 429 2127 Ezech.
458 2088 574 2139 XVI,
606 2089 672 2133 10.
705 2113 755 2119 —
786 2089 895 2130 Edd.
927 2088 1123 2130 Merlini:
1154 2088 1350 2144 tricapto.

201 2157 244 2211 3)
274 2158 324 2197 R.
356 2157 400 2197 in
429 2158 562 2199 notis:
594 2161 804 2210 „Catenae
833 2160 934 2200 Mss.
985 2162 1248 2216 Τρίχαπτον
1277 2158 1509 2216 ἡρμήνευ-Ρ

90 2242 177 2270 oar
220 2229 263 2270 οἱ
301 2222 426 2271 ἄλλοι
458 2229 726 2287 ἑρμηνευταὶ
760 2226 965 2287 ἰὶνῧιμον
995 2230 1071 2270 καὶ
1103 2229 1351 2287 ἕπένὸυμα.
1402 2227 1511 2274 ''Av—

89 2302 233 2353 θιμον
271 2299 324 2342 δέ
360 2299 480 2342 ἐστιν
518 2298 706 2356 ἱμάτιον
742 2298 956 2358 λαμπρὸν
993 2301 1070 2342 καὶ
1101 2300 1358 2357 φωτοειδές.
1418 2305 1510 2344 Καὶ

89 2369 221 2410 τοῦτο
254 2368 303 2411 δὲ
334 2369 383 2411 ἓν
412 2371 473 2424 τῷ
505 2366 663 2427 κόσμῳ
691 2372 766 2424 τῆς
801 2370 958 2426 ἀρετῆς
984 2371 1271 2428 θεωρεῖταιές

204 2437 246 2493 4)
278 2437 427 2481 Ezech.
456 2438 573 2490 XVI,
604 2439 670 2482 11.

206 2507 247 2562 ⁵)
278 2507 410 2548 Deest
440 2515 550 2558 ‚,et“
580 2509 623 2550 in
655 2511 718 2551 ed.
750 2511 896 2552 Ruaei.

209 2577 251 2630 ⁶)
284 2576 435 2618 Ezech.
466 2578 582 2628 XVI,
615 2579 679 2622 11.

211 2647 251 2702 7)
282 2647 390 2686 Edd.
423 2647 616 2689 Merlini:
658 2662 846 2692 catenam
886 2650 1000 2691 collo
1034 2652 1232 2692 decoram
1264 2651 1504 2692 circumdat.

209 2716 251 2772 8)
283 2717 432 2757 Ezech.
464 2718 579 2768 XVI,
611 2719 676 2761 12.
797 2721 838 2776 9)
869 2720 1020 2762 Ezech.
1051 2723 1166 2771 XVI,
1200 2720 1263 2763 12.

185 2786 251 2842 ¹⁰)
281 2787 432 2829 Ezech.
462 2788 578 2836 XVI,
613 2788 675 2830 12.
771 2791 839 2842 ¹¹)
871 2791 1021 2831 Ezech.
1053 2792 1168 2840 XVI,
1203 2791 1265 2835 13.

180 2856 249 2911 ¹2)
281 2858 430 2898 Ezech.
463 2858 578 2907 XVI,
612 2857 674 2901 13.
774 2859 839 2914 ¹³)
871 2860 1020 2902 Ezech.
1053 2862 1168 2909 XVI,
1202 2860 1265 2903 13.
