1759 3134
208 129 292 174 358
500 129 720 170 OmGENis
753 142 795 169 m
828 128 1007 170 CANTm.
1043 126 1342 170 Carmonem

211 257 334 298 quam
373 242 569 298 parvulae
613 241 784 291 bibunt,
827 241 1056 282 dilecturae
1096 241 1178 281 sint
1212 242 1341 281 ubera
1379 242 1544 297 sponsi,
1585 243 1625 283 id

211 331 284 371 est,
313 318 613 376 propensiores
643 320 808 361 suturae
841 336 933 372 erga
962 318 1174 374 perfecta,
1216 328 1258 358 et
1296 317 1412 359 omni
1446 318 1629 374 plenitu-

210 396 306 437 dine
345 397 513 436 decreta
551 397 746 449 dogmata
784 396 961 445 Christi,
1002 411 1126 451 quam
1164 393 1248 453 jam
1277 407 1421 445 antea,
1467 396 1554 437 sive
1584 395 1629 437 in

209 472 503 514 communibus
541 475 710 525 studiis,
748 474 834 516 sive
872 474 914 514 in
957 472 1057 525 legis
1098 484 1139 513 et
1176 474 1482 529 prophetarum
1518 474 1629 516 visae

208 561 304 591 sunt
341 549 674 594 institutionibus
715 552 927 594 exstitisse.
1002 549 1240 607 „Aequitas
1265 550 1306 607 ¹)
1349 550 1495 592 dilexit
1535 558 1626 593 te.“

205 627 347 670 Etiam
384 629 465 670 hoc
504 629 607 671 mihi
640 629 835 671 videntur
876 628 1218 670 adolescentulae
1247 628 1473 685 proloqui,
1513 630 1630 671 velut

206 705 503 748 satisfacientes
533 723 612 763 pro
646 724 711 757 eo,
745 709 861 763 quod
893 707 1118 748 dilecturas
1147 721 1275 761 super
1299 705 1446 748 vinum
1466 723 1509 747 se
1528 723 1630 763 pro-

205 783 410 824 miserunt
446 785 575 825 ubera
614 784 777 840 sponsi,
819 797 860 825 ct
899 802 983 826 non
1014 784 1097 841 jam
1128 784 1170 824 in
1199 784 1410 840 praesenti
1442 784 1630 838 diligant,

205 876 342 917 neque
379 861 584 915 integram
625 862 709 903 vim
742 863 923 905 caritatis
955 863 1187 904 ostendant.
1247 862 1323 902 Est
1343 863 1387 917 ²)
1418 878 1516 915 ergo
1547 879 1629 905 vox

204 937 281 979 ista
320 938 436 980 velut
475 939 754 982 incusantium
790 952 923 983 semet
962 940 1094 997 ipsas:
1137 938 1255 996 quasi
1294 956 1399 996 quae
1437 942 1628 983 nondum

202 1015 365 1074 abjecta
396 1017 512 1059 omni
542 1017 777 1073 iniquitate,
793 1018 1064 1076 pervenerint
1083 1018 1136 1059 ad
1155 1017 1422 1074 aequitatem,
1453 1030 1500 1060 ut
1528 1036 1629 1076 pos-

203 1093 285 1134 sint
322 1093 406 1151 jam
447 1094 621 1148 diligere
643 1096 686 1152 ³)
725 1111 852 1151 super
890 1095 1037 1135 vinum
1074 1096 1204 1137 ubera
1241 1095 1406 1151 sponsi,
1450 1096 1629 1139 scientes

204 1170 503 1213 inconveniens
534 1188 642 1222 esse,
673 1183 721 1212 ut
751 1171 914 1228 aliquid
943 1172 1079 1213 adhuc
1108 1172 1290 1213 resideat
1319 1172 1549 1229 iniquitatis
1584 1173 1629 1215 in

204 1263 277 1298 eo,
320 1249 392 1305 qui
426 1249 477 1290 ad
508 1248 819 1305 perfectionem
848 1247 1077 1305 spiritualis
1109 1261 1151 1291 et
1179 1249 1379 1307 mysticae
1412 1250 1629 1292 doctrinae

200 1326 453 1381 pervenerit.
501 1327 614 1382 Quia
634 1343 731 1383 ergo
754 1343 918 1369 summa
946 1327 1222 1384 perfectionis
1253 1327 1296 1369 in
1326 1327 1497 1370 caritate
1528 1345 1629 1370 con-

200 1403 325 1455 sistit,
366 1405 513 1447 caritas
545 1417 686 1447 autem
715 1405 819 1446 nihil
851 1405 1085 1462 iniquitatis
1117 1405 1324 1457 admittit3
1364 1428 1418 1437 ·-—-
1451 1406 1528 1447 ubi
1557 1423 1628 1447 au-

199 1492 285 1523 tem
315 1481 419 1523 nihil
464 1482 694 1539 iniquitatis
726 1495 808 1533 est,
848 1482 909 1523 ibi
949 1483 1037 1524 sine
1078 1483 1208 1525 dubio
1241 1494 1303 1524 est
1331 1483 1536 1541 aequita53
1574 1509 1629 1517 —-

199 1559 353 1600 merito
395 1576 492 1613 ergo
531 1561 716 1617 aequitas
757 1576 844 1602 esse
885 1559 1060 1611 dicitur,
1103 1577 1208 1618 quae
1243 1560 1381 1614 diligit
1410 1578 1623 1617 sponsum.

197 1637 253 1679 Et
286 1637 402 1687 vide,
442 1638 475 1679 si
505 1655 591 1680 non
623 1640 679 1680 ob
710 1639 792 1680 hoc
824 1637 951 1680 etiam
981 1638 1149 1680 videtur
1178 1638 1289 1680 illud
1318 1638 1362 1680 in
1391 1639 1622 1693 Evangelio

198 1732 220 1755 a
251 1716 459 1758 salvatore
492 1716 674 1759 dictum:
708 1717 779 1768 „si
805 1716 846 1774 ¹¹)
879 1716 1051 1770 diligitis
1081 1732 1163 1767 me,
1194 1718 1390 1759 mandata
1418 1733 1513 1758 mea
1541 1733 1626 1759 ser-

198 1800 334 1836 vate.“
394 1795 440 1838 Si
474 1812 588 1848 ergo,
620 1796 692 1852 qui
724 1795 861 1848 diligit
886 1794 1114 1846 Christum,
1145 1796 1339 1837 mandata
1369 1794 1456 1852 ejus
1489 1807 1626 1837 custo-

198 1872 260 1913 dit
281 1874 346 1929 ⁵)‚
387 1873 503 1915 nulla
535 1884 596 1914 est
624 1872 666 1914 in
698 1889 749 1914 eo
782 1873 1002 1931 iniquitas,
1043 1874 1116 1915 sed
1156 1874 1343 1931 aequitas
1372 1873 1416 1915 in
1447 1890 1499 1915 eo
1529 1891 1625 1931 per-

195 1962 358 2003 manet3
398 1952 584 2009 aequitas
616 1968 714 2005 ergo
748 1963 831 2003 est,
864 1968 970 2009 quae
999 1953 1195 1994 mandata
1227 1951 1314 2009 ejus
1345 1952 1550 2003 custodit,
1584 1965 1625 1994 et

198 2027 336 2081 diligit
359 2029 583 2071 Christum.
644 2030 700 2070 Et
735 2047 920 2071 rursum:
953 2030 987 2071 si
1017 2029 1065 2080 is,
1097 2030 1168 2087 qui
1199 2031 1393 2072 mandata
1424 2031 1621 2082 custodit,

197 2104 286 2161 ipse
318 2105 454 2158 diligit
487 2106 713 2157 Christum,
744 2108 939 2149 mandata
973 2119 1113 2149 autem
1143 2108 1187 2148 in
1218 2107 1427 2164 aequitate
1457 2125 1622 2150 servan-

195 2195 284 2233 tur,
323 2195 364 2224 et
394 2185 578 2241 aequitas
610 2195 690 2234 est,
733 2201 838 2240 quae
869 2185 1006 2238 diligit
1038 2185 1272 2227 Christum:
1314 2186 1385 2241 qui
1427 2186 1618 2244 iniquum

193 2260 354 2318 aliquid
385 2261 511 2315 gerit,
542 2277 678 2318 neque
709 2263 903 2303 mandata
935 2262 1139 2313 custodit,
1170 2278 1307 2321 neque
1341 2263 1479 2317 diligit
1500 2265 1621 2307 Chri-

193 2350 316 2380 stum.
386 2339 496 2395 Erit.
519 2355 643 2394 erg0,
681 2351 749 2391 ut,
792 2351 995 2397 quantum
1031 2340 1263 2398 iniquitatis
1302 2341 1345 2383 in
1384 2342 1506 2385 nobis
1545 2355 1619 2395 est,

314 2544 354 2597 ¹)
388 2543 548 2586 Cantic.
579 2544 614 2592 Ι,
644 2542 682 2586 4.

308 2614 351 2670 ²)
385 2613 495 2656 Edd.
526 2613 725 2656 Merlini:
753 2614 858 2656 Esto
891 2631 990 2670 ergo
1023 2627 1098 2658 etc.

308 2680 352 2740 ³)
382 2684 490 2729 Edd.
520 2684 719 2727 Merlini:
749 2684 925 2739 diligere
954 2686 1101 2730 vinum
1129 2704 1257 2745 super
1285 2690 1417 2731 ubera
1448 2700 1525 2732 etc.

310 2752 354 2812 ⁴)
385 2755 463 2797 Ev.
492 2756 646 2799 Joann.
676 2756 794 2808 XIV,
826 2755 891 2799 15.

309 2824 351 2880 ⁵)
381 2824 490 2867 Edd.
521 2825 720 2869 Merlini:
753 2829 991 2879 ‚,cust0dit:
1025 2841 1067 2872 et
1096 2829 1169 2887 qui
1198 2831 1393 2874 mandata
1423 2830 1511 2892 ejus
1542 2849 1612 2874 cu-

192 2880 344 2933 stodit,
374 2881 529 2924 nulla⁰‘
561 2894 637 2925 etc.
