1759 3134
205 140 261 184 52
603 138 823 180 OmGEms
853 151 899 179 m
928 137 1220 179 Ezncnmmm

211 252 354 294 dicum
385 252 532 292 decem
573 250 758 300 vadunt,
796 251 943 290 decem
983 249 1181 289 habentes
1220 247 1378 304 species
1419 247 1638 289 infirmita—

211 342 314 370 tum.
375 330 472 370 Non
505 342 650 368 omnes
682 327 834 367 eodem
864 327 995 367 modo
1031 337 1167 375 curat,
1198 324 1273 364 sed
1301 324 1431 364 alium
1459 324 1561 375 isto,
1594 338 1634 366 et

212 407 342 447 alium
382 405 486 454 illo,
528 416 576 445 ut
614 416 736 460 puta,
776 416 890 445 sanat
932 404 1181 459 emplastro,
1222 401 1293 442 alii
1335 402 1450 442 aliud
1487 402 1635 442 tribuit

211 483 589 531 medicamentum,
635 481 873 529 nonnullis,
922 482 1037 536 quod
1084 478 1313 520 cauterium
1357 490 1634 534 nuncupatur,

214 559 410 616 imponit,
441 559 570 599 alium
601 575 760 608 amara,
801 558 929 597 alium
964 556 1077 596 dulci
1109 568 1316 610 temperat
1344 556 1535 611 potione,
1567 573 1636 596 cu—

213 637 377 695 jusdam
416 652 515 676 vero
556 636 728 675 vulnera
777 633 974 674 crassiore
1020 632 1201 684 unguine
1249 633 1410 673 delinit.
1486 633 1557 674 Sic
1597 644 1638 672 et

212 730 350 755 sermo
382 712 466 754 Dei
504 728 582 768 pro
625 711 894 767 qualitatibus
932 710 1153 749 hominum
1184 709 1399 764 loquitur,
1437 726 1515 750 nec
1545 725 1638 765 pas-

213 791 292 832 sim
321 789 549 846 sapientiae
574 805 669 829 suae
696 787 845 840 ingerit
877 798 1143 832 sacramenta.
1189 786 1262 826 Ait
1284 786 1444 842 itaque:
1475 803 1580 839 „ego
1601 786 1640 842 ¹)

214 868 482 924 respondebo
523 865 561 905 ei
599 864 641 905 in
684 864 835 921 quibus
878 864 1091 904 detinetur
1127 880 1243 903 mens
1285 863 1429 921 ejus:“
1474 875 1522 904 ut
1560 863 1639 903 ista

216 945 416 986 videlicet
455 958 618 991 curem,
658 941 700 981 in
742 940 891 996 quibus
930 958 1047 982 mens
1090 941 1175 998 ejus
1208 940 1440 991 detinetur,
1479 953 1525 981 ut
1553 956 1640 981 non

214 1021 340 1062 faeiat
384 1020 594 1062 declinare
641 1019 816 1058 domum
865 1019 1004 1059 Israel.
1086 1018 1342 1074 Quicunque
1399 1032 1441 1057 se
1500 1016 1638 1072 ipsum

217 1099 459 1154 exemplum
494 1112 583 1138 non
619 1096 794 1150 praebet
822 1096 958 1136 bonae
990 1096 1119 1145 vitae,
1160 1097 1234 1135 sed
1275 1110 1496 1150 perversus
1526 1093 1640 1134 ince-

217 1175 301 1225 dit,
340 1175 418 1215 iste
455 1190 533 1229 per
571 1188 688 1212 suam
730 1171 1003 1227 pravitatem,
1047 1174 1148 1212 dum
1178 1172 1382 1221 adhaec,
1421 1187 1525 1226 quae
1555 1187 1641 1211 non

217 1251 365 1301 debet,
396 1249 642 1298 inclinatur,
672 1247 774 1288 facit
807 1248 1126 1303 quodammodo
1163 1248 1289 1288 etiam
1316 1248 1402 1288 Dei
1431 1248 1642 1303 populum

219 1326 430 1366 declinare
460 1326 692 1366 secundum
725 1325 853 1365 corda
885 1341 1053 1375 eorum,
1097 1341 1201 1380 quae
1232 1324 1589 1379 abalienatarsunt
1619 1341 1641 1365 a

216 1420 298 1443 me.
357 1403 413 1444 Et
451 1402 523 1458 qui
562 1402 644 1442 hoc
682 1401 783 1442 facit
822 1403 1055 1442 secundum
1095 1402 1324 1443 alienatum
1365 1419 1439 1443 cor
1477 1419 1499 1443 a
1527 1403 1641 1453 Deo,

218 1479 263 1520 in
306 1478 631 1531 cogitationibus
669 1479 752 1520 suis
790 1479 902 1520 facit.
975 1479 1160 1535 Propter
1201 1480 1317 1535 quod
1359 1481 1642 1535 respondetur

216 1555 268 1597 iis
300 1555 343 1595 in
366 1555 429 1604 iis,
458 1555 501 1596 in
523 1556 672 1611 quibus
695 1556 907 1597 detinetur
930 1572 1003 1596 cor
1023 1572 1184 1606 eorum,
1218 1568 1258 1596 et
1280 1556 1451 1597 dicitur:
1485 1556 1580 1606 „dic
1595 1557 1638 1613 ²)

215 1634 269 1673 ad
302 1633 479 1673 domum
508 1633 658 1673 Israel:
688 1633 790 1674 haec
821 1632 924 1673 dicit
952 1633 1119 1673 Adonai
1148 1633 1381 1674 Dominus:
1415 1633 1639 1675 Converti-

216 1709 343 1760 mini,
383 1720 424 1750 et
461 1709 635 1750 avertite
678 1725 752 1749 vos
792 1725 816 1749 a
851 1708 998 1749 studiis
1029 1709 1219 1750 vestris.“
1280 1709 1390 1764 Quia
1420 1710 1639 1765 pollicitus

218 1799 299 1836 est,
340 1787 585 1827 locuturum
614 1803 656 1827 se
689 1786 739 1827 iis
770 1802 838 1835 ea,
876 1785 921 1826 in
952 1786 1102 1842 quibus
1134 1787 1344 1828 detinetur
1374 1803 1448 1828 cor
1479 1803 1640 1838 eorum,

214 1864 313 1905 ideo
351 1881 464 1905 nunc
494 1863 611 1919 quasi
640 1863 943 1920 peccatoribus
966 1864 1180 1920 loquitur,
1220 1865 1383 1905 dicens:
1428 1881 1640 1915 „conver-

214 1940 354 1982 timini
375 1940 444 1995 ³),
477 1951 518 1980 et
548 1940 723 1981 avertite
754 1957 829 1980 vos
860 1956 883 1980 a
912 1941 1059 1981 studiis
1091 1941 1261 1991 vestris,
1303 1953 1343 1981 et
1373 1942 1547 1983 avertite
1578 1944 1638 1983 fa-

218 2017 300 2058 cies
341 2023 538 2058 vestras.“
602 2018 755 2057 Nonne
802 2016 880 2057 tibi
929 2016 1096 2057 videtur
1139 2018 1221 2057 hoc
1259 2019 1425 2060 facere?
1490 2018 1639 2060 Facies

168 2145 171 2148 Δ
216 2105 376 2134 vestrae
409 2094 654 2134 obfirmatae
685 2105 781 2134 sunt
819 2110 946 2149 super
976 2111 1044 2144 ea,
1088 2111 1193 2150 quae
1223 2111 1311 2135 non
1342 2096 1509 2146 debent,
1541 2113 1641 2137 con-

215 2171 366 2212 vertite
406 2187 471 2211 eas
511 2181 552 2210 et
591 2171 812 2211 obfirmate
850 2171 893 2211 in
931 2172 1052 2221 haec,
1094 2188 1198 2227 quae
1229 2184 1366 2213 vestro
1398 2185 1494 2213 sunt
1524 2189 1641 2213 emo—

216 2249 421 2289 lumento,
471 2247 682 2303 „Propter
703 2247 748 2303 4)
780 2248 896 2303 quod
925 2248 1055 2288 horno
1086 2248 1217 2289 homo
1250 2249 1301 2289 de
1334 2250 1463 2290 domo
1496 2251 1639 2301 Israel,

216 2337 258 2367 et
290 2327 342 2366 de
371 2325 618 2382 proselytis,
657 2324 730 2380 qui
761 2325 989 2366 adveniunt
1018 2325 1061 2366 in
1090 2326 1242 2376 Israel,
1275 2325 1512 2382 quicunque
1543 2328 1638 2368 aba-

214 2403 391 2444 lienatus
421 2400 590 2442 fuerit.“
648 2402 796 2442 Potest
826 2402 932 2453 fieri,
962 2414 1003 2443 et
1031 2403 1248 2443 hominem
1276 2403 1519 2453 hominem,
1550 2403 1652 2458 sivex

214 2490 401 2521 creatum
429 2478 647 2518 hominem
677 2478 915 2529 hominem,
956 2495 1029 2519 seu
1059 2480 1296 2534 perfectum
1327 2480 1390 2520 sui
1420 2480 1637 2520 hominem

212 2556 430 2597 hominem
470 2555 672 2596 effectum
710 2555 936 2597 abalienari
969 2555 1192 2608 contingit:
1233 2556 1266 2597 si
1299 2557 1472 2612 quidem
1503 2567 1544 2596 et
1572 2555 1636 2612 ju-

212 2645 298 2675 stus
327 2633 560 2675 secundum
605 2634 784 2673 eundem
814 2633 1083 2675 Ezechielem
1117 2633 1379 2674 convertitur
1406 2633 1633 2689 aliquando

330 2801 371 2858 ¹)
401 2801 551 2842 Ezech.
582 2802 700 2851 XIV,
730 2801 768 2843 4.
890 2801 932 2856 ²)
962 2801 1112 2842 Ezech.
1142 2802 1258 2851 XIV,
1289 2802 1327 2844 6.

325 2870 369 2927 ³)
397 2870 547 2912 Ezech.
577 2870 694 2921 XIV,
722 2868 761 2912 6.
882 2870 924 2926 4)
957 2871 1109 2913 Ezech.
1140 2871 1257 2921 XIV,
1289 2869 1326 2912 7.

1619 3051 1642 3069 ’ἐξ
