1738 3134
681 154 879 196 nomm
910 155 941 194 l.
1466 153 1521 197 25

98 265 249 305 viderit
280 278 568 321 peccatorem,
599 283 683 306 non
713 266 1038 315 scandalizetur,
1071 282 1210 321 neque
1241 265 1370 306 dicat:
1411 281 1523 313 ecce,

99 354 298 396 peccator
335 343 375 382 in
421 355 544 383 coetu
586 354 727 383 sancto
769 354 840 383 est.
902 343 946 383 Si
978 343 1058 382 hoc
1093 343 1202 393 lieet,
1245 342 1278 384 si
1312 343 1391 381 lioc
1423 358 1522 381 con-

103 418 285 468 ceditur,
326 436 452 474 quare
494 432 534 460 et
574 435 648 470 ego
687 436 773 458 non
812 419 1015 474 peccem?
1073 420 1187 459 Dum
1230 420 1270 459 in
1313 411 1525 473 praescisti
1574 468 1577 469 ⁷

103 496 271 535 saeculo
304 513 467 545 sumus,
513 497 555 535 id
589 507 648 536 est
679 496 718 535 in
750 513 864 544 oren,
912 508 951 536 et
982 496 1023 535 in
1056 512 1223 547 sagena,
1270 507 1310 535 et
1348 494 1450 535 honi
1483 505 1525 533 et

99 572 200 611 mali
231 572 273 612 in
306 589 350 612 ea
383 572 660 612 continentur.
723 572 906 626 Quando
948 585 1087 613 autem
1127 571 1288 611 venerit
1320 570 1522 617 Christus,

101 649 174 689 fiet
204 649 425 698 discretio,
467 661 505 688 et
538 650 787 704 implebitur
815 649 946 698 illud,
985 650 1099 705 quod
1129 650 1180 688 ab
1212 647 1424 702 Apostolo
1461 645 1523 685 di·

104 725 229 766 citur:
271 742 444 775 „omnes
470 726 505 778 ¹)
536 742 613 765 nos
644 737 815 780 oportet
845 726 1031 766 assistere
1063 738 1156 766 ante
1189 723 1373 765 tribunal
1405 721 1524 763 Chri-

100 801 173 851 sti,
211 813 257 842 ut
293 814 483 856 reportet
523 802 808 858 unusquisque
850 803 1022 858 propri-‘1
1062 801 1251 857 corporis
1289 800 1375 848 sui,
1417 814 1522 854 quae

101 878 244 930 gessit,
284 879 370 919 sive
401 880 533 927 bona,
574 879 659 919 sive
690 879 842 919 mala.“
902 880 1016 920 Haec
1047 880 1089 919 in
1120 876 1345 935 prooemio
1378 877 1431 916 de
1461 874 1524 915 in·

100 955 470 1010 terpretationibus
511 955 719 996 visionum
751 968 940 996 aestuans
970 956 1130 996 animus
1163 966 1223 995 est
1253 955 1444 1001 locutus,
1481 961 1523 991 et

100 1031 312 1083 ambigens
350 1049 454 1088 quae
491 1032 637 1084 sileat,
680 1049 784 1088 quae
822 1034 1032 1088 proferat,
1079 1048 1182 1087 quae
1227 1031 1378 1071 leviter
1415 1039 1524 1070 tacta

102 1107 305 1158 dimittat,
351 1126 454 1165 quae
495 1126 542 1149 ex
583 1109 633 1151 iis
670 1109 955 1159 manifestius,
1004 1126 1108 1165 quae
1150 1106 1367 1149 obscurius
1396 1121 1525 1160 expo·

100 1187 235 1225 nenda
264 1186 358 1236 sint,
389 1186 421 1226 si
454 1197 594 1226 tamen
623 1186 857 1242 poterimus
888 1186 1067 1241 implere
1100 1187 1215 1242 quod
1247 1182 1451 1238 cupimus.

216 1261 280 1303 12.
325 1262 517 1302 Primum
564 1280 661 1314 ergo
709 1262 876 1303 videtur
919 1263 1090 1318 spiritus
1120 1264 1162 1318 ²)
1211 1262 1414 1302 auferens.
1474 1259 1525 1298 Id

105 1339 218 1393 quod
269 1339 397 1393 paulo
444 1351 536 1380 ante
587 1340 790 1389 diximus,
842 1339 938 1394 quia
977 1338 1188 1379 Dominus
1234 1348 1377 1377 noster
1421 1333 1526 1386 ignis

106 1431 353 1456 consumens
393 1415 468 1465 sit,
515 1416 639 1456 etiam
678 1433 788 1456 nunc
834 1416 1090 1471 repetimus,
1136 1426 1176 1454 et
1215 1412 1391 1452 dicimus
1427 1409 1526 1450 huie

104 1492 349 1532 testimonio
405 1509 647 1544 congruere.
710 1492 944 1546 Quomodo
994 1491 1169 1547 ponitur
1206 1488 1376 1544 spiritus
1414 1489 1529 1528 ause-

105 1569 230 1610 rens?
283 1569 400 1610 Deus
454 1569 624 1624 spiritus
670 1580 751 1618 est,
799 1581 840 1609 et
880 1568 1050 1624 spiritus
1095 1569 1290 1614 auferens
1333 1565 1529 1605 cernitur.

106 1643 225 1699 Quid
255 1661 278 1686 a
306 1662 374 1686 me
404 1648 563 1696 aufert,
606 1657 646 1686 et
677 1647 728 1685 ab
763 1645 899 1686 anima
931 1662 1044 1695 mea,
1075 1656 1122 1685 ut
1152 1644 1304 1684 merito
1336 1643 1527 1682 auferens

104 1721 401 1777 praedicetur?
451 1721 609 1777 Utique
639 1723 768 1762 mala:
802 1734 841 1761 et
872 1734 970 1761 tunc
999 1722 1133 1761 sentio
1164 1720 1395 1760 bonitatem
1426 1715 1527 1774 ejus,

105 1797 136 1837 si
169 1814 190 1838 a
220 1815 288 1838 me
328 1799 510 1853 pessima
549 1815 738 1854 quaeque
774 1798 1000 1838 sustulerit.
1061 1799 1208 1852 Neque
1249 1811 1348 1836 vero
1380 1805 1531 1849 putan-

107 1876 207 1914 dum
247 1886 307 1915 est
347 1876 473 1915 finem
514 1891 601 1915 esse
644 1874 934 1924 beatitudinis,
974 1875 1008 1915 si
1049 1891 1071 1915 a
1110 1871 1233 1916 malis
1276 1871 1526 1912 liberemur:

106 1950 273 1991 initium
304 1951 514 1992 felicitatis
555 1964 615 1992 est
643 1968 782 1992 carere
812 1962 1001 2007 peccato.
1060 1951 1116 1991 Et
1146 1950 1186 1990 in
1217 1947 1400 1989 Jeremia
1429 1946 1530 1987 scri-

105 2027 238 2068 bitur:
273 2051 323 2058 -—-
356 2028 495 2069 omnia
527 2029 710 2085 quippe,
750 2045 855 2084 quae
894 2028 937 2068 in
974 2026 1196 2083 prophetis
1235 2025 1390 2081 scripta
1421 2035 1529 2072 sunt,

107 2105 433 2146 clementissimo
466 2106 562 2146 Deo
602 2106 780 2146 vendico
814 2123 886 2146 —:
925 2121 1065 2155 „ecce,
1096 2106 1138 2161 ³)
1180 2103 1279 2144 dedi
1316 2117 1530 2143 sermones

107 2199 224 2222 meos
256 2182 298 2222 in
331 2200 376 2223 os
407 2194 547 2233 tuum3
581 2200 692 2234 ecce,
723 2182 920 2224 constitui
948 2194 990 2223 te
1025 2199 1152 2238 super
1171 2192 1311 2234 gentes
1332 2192 1372 2220 ct
1393 2194 1530 2231 regna,

110 2258 341 2309 eradicare,
384 2271 424 2300 et
463 2261 702 2310 suffodere,
744 2273 785 2301 et
822 2260 1086 2316 disperdere,
1128 2271 1168 2300 et
1207 2258 1452 2305 aedificare,
1491 2266 1531 2294 et

109 2336 339 2390 plantare.“
397 2336 609 2389 Benignus
650 2349 711 2378 est
746 2338 877 2387 Deus,
916 2338 1016 2377 dans
1054 2353 1268 2377 sermones
1308 2335 1360 2375 ad
1399 2331 1532 2373 eradi-

113 2413 303 2453 candum.
363 2415 521 2454 Verum
553 2413 655 2470 quid
687 2426 767 2464 est,
799 2415 913 2470 quod
946 2413 1146 2454 eradicari
1177 2414 1340 2460 debeat,
1371 2421 1412 2450 et
1437 2410 1533 2449 sub-

113 2488 248 2529 verti?
306 2489 351 2531 Si
381 2507 458 2545 qua
491 2491 695 2546 plantatio
728 2491 771 2533 in
801 2492 941 2532 animo
972 2492 1081 2532 mala
1113 2503 1194 2540 est,
1237 2489 1270 2530 si
1312 2504 1392 2543 qua
1421 2497 1532 2526 secta

113 2582 307 2620 nequam,
336 2567 441 2608 hanc
473 2568 675 2617 eradicat,
706 2569 810 2608 hanc
841 2569 1047 2609 subvertit
1075 2585 1212 2609 sermo
1245 2563 1530 2622 propheticus.

112 2642 283 2682 Utinam
313 2655 453 2683 autem
489 2644 712 2699 contingat,
744 2657 789 2688 ut
820 2646 920 2686 mihi
952 2646 1046 2688 talis
1072 2662 1210 2687 sermo
1237 2645 1430 2689 donetur·
1462 2638 1533 2694 ‘l'¹⁴¹

235 2804 273 2855 ¹)
307 2804 346 2843 ll
382 2804 480 2845 Cor.
511 2805 562 2853 V,
596 2804 658 2847 10.
778 2807 820 2861 2)
852 2806 937 2847 Csr.
971 2806 1109 2847 Ezech
1154 2807 1186 2853 l,
1218 2804 1255 2846 4.

232 2873 275 2928 ³)
304 2875 458 2915 Jerem.
493 2875 524 2924 I,
555 2872 592 2915 9.
628 2874 690 2917 10.
