1759 3134
642 121 840 162 HolvaA
871 120 924 160 ΙΙ.
1408 124 1485 166 271

72 232 251 287 „posuit
278 232 320 287 Ι)
359 247 425 272 me
462 232 505 272 in
544 231 731 284 sagittam
775 231 973 280 electam,
1019 243 1059 272 et
1103 232 1143 272 in
1181 234 1373 288 pharetra
1417 251 1487 275 sua

76 310 255 350 servavit
284 326 365 351 me.
422 309 477 349 Et
508 309 610 350 dixit
638 308 762 348 mihi:
793 323 988 359 magnum
1019 320 1080 349 est
1109 309 1186 350 tibi
1216 311 1313 360 hoc,
1345 312 1485 352 vocari

73 402 254 441 puerum
282 392 465 426 meum.“
524 386 718 438 Intellige
746 384 957 436 sagittam,
998 386 1098 441 quid
1140 387 1272 437 dicat,
1311 400 1351 429 et
1381 405 1487 445 quo-

73 465 203 504 modo
243 480 266 504 a
294 464 391 504 Deo
430 463 483 504 sit
523 465 667 504 electa.
728 462 868 515 Quam
904 464 1074 503 beatum
1115 474 1196 512 est,
1234 465 1315 505 hoc
1346 465 1483 522 jaculo

73 539 310 582 vulnerari?
366 541 455 581 Hac
485 541 630 593 sagitta
659 538 865 579 vulnerati
894 540 1064 580 fuerunt
1094 540 1173 589 illi,
1206 541 1278 595 qui
1307 544 1417 582 inter
1441 561 1483 584 se

71 617 251 657 invicem
283 619 578 658 conferebant:
614 632 787 666 „nonne
811 617 856 665 2)
899 633 972 656 cor
999 628 1192 658 nostrum
1222 619 1370 659 ardens
1400 632 1487 660 erat

70 692 113 732 in
143 692 220 742 via,
253 711 348 735 cum
378 695 560 750 aperiret
587 694 708 734 nobis
738 693 1040 749 Scripturas?“
1099 694 1146 735 Si
1175 695 1266 750 quis
1289 712 1484 736 sermone

68 780 235 820 nostro,
280 769 314 810 si
353 772 442 826 quis
482 771 710 827 scripturae
750 770 914 811 (livinae
950 771 1190 823 magisterio
1230 773 1487 823 vulneratur,

71 856 112 885 et
149 858 291 901 potest
330 848 488 899 dicere,
529 849 626 905 quia
664 850 904 889 vulneratae
947 848 1125 888 caritatis
1165 865 1259 901 ego,
1301 850 1411 891 hunc
1444 863 1483 891 et

69 921 178 963 illud
207 925 382 965 forsitan
412 925 611 981 sequitur.
672 926 789 981 Quid
828 925 1002 966 forsitan
1033 925 1160 967 dico?
1216 927 1482 969 RIanifestam

68 1016 220 1054 promo
250 1003 510 1044 sententiam.

179 1078 218 1121 9.
263 1079 468 1128 „Sinistra
493 1081 534 1137 3)
565 1081 652 1138 ejus
681 1082 758 1122 sub
791 1081 925 1136 capite
954 1097 1068 1130 meo,
1100 1092 1141 1121 et
1171 1082 1339 1122 dextera
1368 1081 1482 1122 illius

67 1156 374 1210 amplexabitur
412 1165 522 1199 me.“
595 1159 734 1199 Habet
774 1170 814 1198 et
849 1157 890 1198 in
932 1157 1114 1207 sinistra,
1156 1170 1197 1198 et
1234 1159 1278 1198 in
1316 1160 1485 1200 dextera

67 1247 205 1272 sermo
227 1232 311 1273 Dei
341 1235 600 1290 sapientiam,
631 1251 735 1291 quae
753 1235 812 1289 ⁴),
844 1251 940 1274 cum
969 1250 1048 1290 pro
1078 1234 1320 1276 intellectus
1351 1236 1484 1277 varie-

66 1320 150 1349 tate
181 1310 234 1350 sit
261 1311 506 1366 multiplex,
545 1313 588 1353 in
629 1311 861 1368 subjacenti
899 1327 982 1351 una
1013 1322 1087 1352 est.
1146 1312 1243 1366 Ipse
1276 1313 1480 1353 Salomon

65 1387 118 1426 de
149 1386 266 1427 laeva
296 1400 337 1428 et
353 1389 520 1429 dextera
543 1388 769 1443 sapientiae
788 1387 947 1437 docuit,
979 1387 1137 1428 dicens:
1169 1388 1482 1445 „longitud05)

65 1462 176 1503 enim
200 1475 241 1504 et
265 1465 362 1505 anni
389 1466 495 1505 vitae
519 1464 562 1504 in
585 1466 752 1505 dextera
778 1464 888 1520 ejus:
920 1465 962 1505 in
992 1464 1155 1505 sinistra
1182 1476 1322 1504 autem
1352 1465 1483 1521 ipsius

65 1539 234 1582 divitiae
265 1553 306 1582 et
336 1542 510 1594 gloria.“
566 1542 700 1594 Igitur
730 1542 848 1582 laeva
879 1541 966 1599 ejus
995 1543 1072 1582 sub
1104 1541 1241 1596 capite
1271 1559 1392 1592 meo,
1434 1555 1481 1584 ut

63 1634 131 1658 me
155 1616 197 1673 6)
227 1619 352 1660 faciat
381 1620 666 1675 requiescere,
711 1631 751 1659 et
779 1618 998 1659 brachium
1027 1618 1172 1674 sponsi
1200 1619 1272 1659 fiat
1304 1620 1482 1661 cervical

62 1712 228 1746 meum,
269 1708 310 1736 et
344 1696 572 1737 reclinetur
608 1696 768 1735 animae
805 1695 1039 1750 principale
1077 1711 1205 1751 super
1241 1712 1480 1738 sermonem

62 1771 158 1812 Dei.
217 1773 442 1827 „Laeva7)
473 1771 560 1829 ejus
589 1774 666 1812 sub
699 1772 834 1827 capite
863 1778 1004 1812 meo.“
1060 1773 1159 1813 Non
1191 1774 1360 1828 expedit
1388 1775 1481 1825 tibi,

63 1850 216 1890 habere
257 1849 497 1899 cervicalia,
539 1866 643 1906 quae
683 1849 926 1890 lamentatio
958 1861 1156 1905 sequatur
1178 1850 1236 1905 ⁸).
1297 1852 1346 1891 In
1375 1851 1480 1892 Eze-

63 1926 198 1966 chiele
227 1927 430 1982 scriptum
462 1938 544 1968 est:
575 1944 687 1977 „vae
710 1929 752 1983 9)
782 1927 854 1976 iis,
887 1944 991 1983 quae
1025 1940 1231 1968 consuunt
1262 1929 1480 1970 cervicalia

61 2004 138 2043 sub
170 2003 287 2044 omni
318 2005 462 2045 cubitu
490 2005 697 2046 manus!“
753 2005 856 2046 Noli
888 2020 1090 2045 consuere
1120 2005 1359 2056 cervicalia,
1388 2006 1480 2047 noli

61 2080 190 2136 capiti
218 2080 387 2122 aliunde
417 2081 607 2137 requiem
638 2098 861 2138 quaerere,
902 2082 1007 2122 habe
1037 2082 1181 2138 sponsi
1211 2083 1374 2124 laevam
1402 2086 1478 2125 sub

61 2157 197 2213 capite
225 2170 316 2209 tuo,
348 2170 389 2199 et
411 2159 497 2199 dic:
530 2159 675 2209 „laeva
691 2160 763 2213 ¹⁰)
788 2157 875 2216 ejus
899 2160 976 2200 sub
998 2159 1134 2215 capite
1151 2167 1293 2202 meo.“
1339 2160 1477 2215 Quam

181 2352 222 2406 ¹)
252 2353 376 2394 Jesai.
406 2355 560 2405 XLIX,
590 2355 628 2398 2.
661 2356 699 2399 6.
819 2357 864 2412 ²)
895 2357 994 2399 Luc.
1026 2357 1186 2406 XXIV,
1216 2356 1282 2400 32.

176 2422 220 2477 3)
253 2422 410 2465 Cantic.
441 2425 497 2475 Π,
527 2424 565 2468 6.

176 2493 219 2547 ⁴)
249 2492 382 2533 Deest
410 2501 590 2550 „quae“
620 2495 661 2535 in
694 2497 790 2537 edd.
820 2497 882 2539 M.

179 2562 219 2617 ⁵)
251 2562 378 2604 prov,
411 2564 488 2614 III,
525 2563 564 2609 6.

176 2632 221 2684 ⁶)
252 2633 384 2673 Deest
416 2641 555 2683 ,‚me“
585 2635 626 2676 in
659 2637 726 2677 ed.
756 2638 902 2680 Ruaei.

178 2702 222 2756 ⁷)
254 2703 412 2745 Cantic.
444 2705 500 2754 II,
531 2704 568 2747 6.

175 2773 222 2828 ⁸)
251 2773 359 2814 Edd.
392 2774 586 2816 Merlini:
618 2776 817 2833 sequitur.

176 2843 217 2895 ⁹)
247 2843 397 2885 Ezech.
428 2845 550 2895 XIII,
582 2845 645 2889 18.
771 2848 840 2901 ¹⁰)
872 2848 1030 2891 Cantic.
1064 2853 1118 2900 ll,
1149 2850 1188 2892 6.
