1759 3134
232 154 285 197 76
630 154 852 197 Omossms
879 168 924 197 m
954 154 1249 196 Ezscfflnuzm

228 265 312 307 Dei
354 265 594 307 ministeriis
631 266 883 317 serviebant,
924 279 963 308 ct
1002 266 1129 307 ceteri
1168 264 1357 314 ordines,
1399 280 1503 319 quos
1531 262 1644 304 Scri-

228 355 375 398 pturae
403 344 440 398 ¹)
479 359 617 384 sermo
658 344 998 400 comprehcndit,
1040 344 1080 383 in
1113 359 1158 382 ea
1188 343 1468 382 morabantur.
1528 340 1642 379 Haec

229 420 381 474 accipit
412 432 592 475 quatuor
620 421 801 461 ultiones
831 421 1050 476 pessimas,
1086 436 1189 475 quae
1229 435 1313 459 non
1354 427 1448 458 sunt
1485 414 1643 455 similes

232 496 273 536 in
303 495 388 546 his,
426 496 495 552 qui
526 495 569 536 in
601 514 648 538 ea
677 498 874 538 habitant.
933 501 1080 553 Reque
1113 497 1223 537 enim
1255 497 1407 535 eodem
1436 493 1568 533 modo
1604 502 1644 530 et

230 574 282 613 ad
312 574 535 629 populum,
568 586 609 615 et
633 576 685 615 ad
718 576 861 615 levitas
892 575 1161 615 comminatio
1187 572 1389 625 dirigitur.
1436 568 1644 611 Israelites

232 650 342 691 enim
372 667 547 706 peccans
579 652 622 691 in
653 652 930 692 Israeliticum
950 653 1151 692 delictum
1174 649 1343 691 corruit.
1389 647 1476 701 Qui
1506 657 1645 685 autem

231 728 366 785 major
396 741 455 769 cst
485 730 536 768 ab
568 730 768 779 Israelita,
801 742 955 784 quanto
988 729 1174 769 nobilior
1202 727 1329 767 suerit
1358 725 1399 764 in
1434 722 1581 763 ordine
1603 721 1646 775 ²)

232 805 368 854 Mem,
399 805 545 845 levites
578 818 617 846 et
647 808 861 856 sacerdos,
900 818 1015 847 tanto
1049 805 1206 862 majora
1235 801 1443 858 supplicia
1471 799 1647 841 sustine-

231 882 306 923 bit.
365 882 411 923 Si
449 894 587 922 autem
629 883 824 939 princeps
863 884 1128 924 sacerdotum
1167 879 1423 937 peccaverit,
1464 875 1567 917 dicit
1596 875 1648 914 ad

233 976 328 999 cum
361 959 458 999 Heli
491 962 765 1001 consacerdos
802 978 921 1001 suus:
963 959 1030 1010 „si
1054 960 1097 1013 3)
1136 957 1382 1012 delinquens
1413 951 1650 1009 peccaverit

233 1036 295 1076 vir
326 1037 368 1076 in
398 1036 559 1087 virum,
599 1039 777 1077 orabunt
810 1054 888 1092 pro
931 1053 1001 1077 co:
1043 1035 1074 1076 si
1106 1047 1245 1075 autem
1275 1034 1316 1074 in
1347 1031 1581 1073 Dominum
1606 1029 1648 1084 ⁴)

231 1113 488 1168 peccaverit,
530 1113 619 1169 quis
662 1114 800 1153 orabit
837 1130 915 1168 pro
949 1113 1062 1153 eo?“
1121 1113 1236 1152 Ilaec
1268 1110 1309 1150 in
1343 1108 1649 1164 expositionem

234 1189 320 1246 ejus
348 1189 578 1239 sermonis,
621 1206 704 1245 quo
737 1190 1100 1230 comminabantur
1130 1200 1171 1228 et
1200 1187 1384 1239 singulae
1412 1183 1652 1239 specialiter

233 1267 274 1306 in
303 1266 583 1321 peccatricem
615 1277 769 1306 terram
799 1266 1005 1315 ultiones,
1048 1277 1088 1305 et
1121 1264 1279 1320 pariter
1310 1272 1579 1314 congregatae
1609 1259 1650 1299 in

231 1343 447 1384 infelicem
476 1343 724 1383 Jerusalem.

346 1421 383 1462 5.
430 1420 654 1460 Videamus
692 1431 832 1459 autem
872 1431 913 1459 et
952 1418 1168 1474 sequentia
1207 1418 1462 1471 Scriptus-‘tm
1532 1413 1652 1467 Quae

233 1514 328 1537 cum
367 1496 410 1536 in
446 1497 649 1552 parabola
691 1496 870 1537 audierit
908 1497 1139 1551 propheta,
1178 1511 1256 1535 nos
1296 1505 1456 1534 tantum
1487 1509 1652 1533 sensum

233 1575 433 1614 debemus
468 1589 690 1629 exponere,
722 1573 858 1628 ipsum
890 1573 1121 1613 testimonii
1146 1572 1338 1612 ordinem
1359 1570 1654 1624 derelinquen-

232 1663 315 1701 tes,
356 1662 396 1690 et
435 1651 674 1691 auditorem
714 1650 926 1690 mittentes
957 1652 1009 1690 ad
1042 1650 1209 1690 librum.
1268 1648 1445 1700 Lignum
1470 1647 1512 1702 5)
1545 1646 1652 1694 vitis,

233 1738 279 1766 ut
309 1726 352 1765 in
382 1727 523 1766 fructu
555 1738 615 1766 est
645 1726 937 1766 honorabilius
970 1726 1092 1778 lignis
1123 1724 1340 1774 omnibus,
1369 1724 1546 1764 maxime
1578 1723 1653 1771 his,

235 1819 339 1858 quae
383 1802 424 1842 in
463 1803 572 1843 saltu
610 1803 888 1852 fructificant,
928 1803 985 1843 sic
1027 1803 1079 1842 ad
1122 1813 1258 1842 cetera
1299 1817 1428 1856 opera
1466 1799 1655 1840 inutilius

236 1880 429 1920 omnibus
462 1879 582 1932 lignis
615 1892 687 1921 est.
747 1880 802 1921 Et
835 1880 1002 1922 vascula
1035 1880 1240 1935 quaedam
1271 1890 1447 1934 possunt
1477 1877 1582 1927 fieri,
1615 1889 1656 1917 et

235 1958 277 1997 in
309 1957 471 1998 diversa
504 1973 633 2012 opera
663 1957 885 1997 necessarii
915 1974 1012 1997 usus
1039 1957 1091 1996 ad
1115 1955 1451 1995 ministrandum:
1485 1956 1536 1994 de
1567 1954 1656 2009 pal-

235 2034 406 2074 mitibus
446 2045 585 2074 antem
624 2033 719 2073 vitis
759 2050 845 2073 non
887 2034 1028 2074 solum
1067 2048 1135 2072 vas
1177 2031 1351 2087 aliquod
1391 2043 1431 2072 et
1468 2030 1510 2071 in
1549 2047 1655 2085 opus

234 2111 337 2151 utile
370 2110 471 2165 quid
501 2110 594 2150 fieri
623 2126 706 2150 non
738 2121 891 2165 potest,
921 2110 995 2150 sed
1025 2125 1161 2164 neque
1191 2108 1370 2164 paxillus
1397 2107 1567 2163 quidem
1597 2119 1657 2147 est

234 2186 361 2227 utilis.
420 2186 492 2226 Ait
524 2203 619 2239 ergo
651 2203 789 2227 sermo
823 2186 1009 2235 divinus,
1042 2185 1159 2241 quia,
1190 2198 1237 2225 ut
1266 2186 1425 2241 palmes
1456 2184 1550 2225 vitis
1582 2186 1657 2224 ho—

234 2263 469 2305 norabilior
499 2264 546 2303 fit
577 2263 724 2304 ceteris
758 2263 893 2316 lignis,
925 2263 958 2304 si
989 2264 1137 2303 afferat
1167 2263 1339 2312 fructus,
1369 2262 1426 2303 sic
1451 2264 1502 2302 ab
1524 2261 1658 2302 omni-

235 2342 313 2380 bus
344 2340 522 2399 inferior
550 2339 781 2395 judicetur,
823 2339 857 2380 si
887 2340 932 2380 id
960 2356 1045 2380 non
1076 2340 1245 2389 habeat,
1283 2341 1394 2380 unde
1425 2338 1658 2395 praecellit,

237 2429 360 2473 atque
390 2417 433 2457 in
464 2417 572 2456 hunc
605 2417 781 2457 modum
815 2433 912 2466 eos,
944 2416 1015 2472 qui
1046 2416 1197 2457 imbuti
1226 2429 1322 2457 sunt
1353 2416 1531 2472 eloquiis
1560 2415 1658 2464 Dei,

237 2494 573 2535 honorabiliores
616 2510 702 2535 csse
741 2494 960 2544 omnibus,
1002 2506 1042 2534 et
1081 2510 1331 2550 quocunque
1363 2494 1494 2534 modo
1526 2494 1567 2533 in
1599 2492 1659 2532 vi-

357 2661 395 2717 ¹)
426 2661 536 2701 Edd.
567 2661 762 2702 Merlini:
793 2661 1103 2717 scripturarum.

351 2732 394 2787 2)
424 2731 532 2771 Edd.
563 2729 760 2771 Merlini:
794 2731 955 2782 ordine,
988 2733 1031 2773 id
1063 2744 1122 2773 cst
1155 2731 1299 2773 levites
1332 2744 1408 2772 etc.

352 2802 395 2857 3)
428 2801 514 2842 Csr.
547 2801 695 2842 ISamV
730 2801 784 2850 II,
815 2801 881 2843 25.
915 2803 951 2858 (Ι
974 2803 1122 2858 Regg.)

355 2873 397 2926 ἰ)
429 2871 537 2912 Edd.
570 2869 765 2911 Mcrlini:
799 2872 989 2914 domino.
1109 2873 1151 2929 ⁵)
1184 2872 1269 2913 Csr.
1300 2870 1449 2912 Ezech.
1480 2870 1573 2911 XV.
