1759 3134
651 148 849 190 HommA
882 146 960 186 III.
1456 147 1512 190 43

97 262 378 317 Scripturam‚
409 261 628 316 quomodo
659 259 890 314 prophetae
922 258 1103 298 dicatur:
1144 259 1358 308 „obfirma
1383 259 1422 312 ¹)
1452 261 1512 300 fa-

98 339 205 379 ciem
244 351 358 379 tuam
395 354 521 393 super
555 337 661 377 filias
700 335 852 391 populi
891 336 1010 375 tui:“
1049 347 1096 375 ut
1127 336 1267 376 videat
1299 353 1367 386 ea,
1407 353 1512 391 quae

96 415 283 456 (licturus
329 427 410 465 est,
451 416 650 455 debemus
690 413 913 453 obfirmare
955 411 1298 463 intelligentiam,
1336 413 1514 468 plenum

96 492 139 532 in
162 493 204 547 ²)
248 492 478 533 tentatione
524 490 660 532 cordis
704 490 855 529 habere
900 500 1142 537 tractatum,
1190 489 1291 544 quid
1328 490 1381 530 sit
1416 491 1512 541 hoc,

96 552 212 624 quod
249 569 523 620 significetur,
561 579 609 607 ut
648 567 818 606 tandem
854 565 1017 605 ratione
1055 565 1240 620 superati
1268 568 1511 607 recedamus

95 661 117 685 a
156 645 308 686 littera.
366 645 430 686 Ac
468 645 697 684 secundum
738 659 1007 684 communem
1037 642 1209 698 quidem
1246 642 1511 683 intellectum

93 721 289 762 videntur
327 723 530 778 quaedam
568 722 680 762 filiae
719 720 874 776 populi
911 720 1210 776 prophetantes
1247 719 1351 769 hoc,
1394 721 1510 775 quod

93 799 293 854 sequitur,
324 798 536 839 admisisse
567 810 799 854 peccatum.
859 799 1128 838 Assumentes
1159 796 1379 838 cervicalia
1412 814 1512 838 con-

92 877 284 926 suebant,
328 887 575 916 consuentes
615 892 661 916 ea
687 876 729 930 3)
768 891 855 915 non
896 875 1112 930 ponebant
1152 890 1200 914 ea
1239 875 1316 914 sub
1360 875 1509 930 capite,

93 953 167 992 sed
195 954 272 993 sub
304 953 447 994 cubito
472 951 514 1009 4)
545 952 830 1004 audientium,
871 964 912 992 et
952 951 1228 993 velaminibus
1261 951 1509 1006 quibusdam

92 1031 286 1082 tegebant
325 1030 461 1086 capita
499 1030 716 1070 universae
754 1029 910 1070 aetatis.
969 1029 1085 1070 Haec
1115 1039 1234 1078 sunt,
1273 1045 1377 1084 quae
1411 1046 1512 1085 pro-

90 1107 358 1162 phetantibus
394 1107 560 1148 filiabus
599 1107 753 1163 populi
790 1119 1038 1163 reputantur
1076 1105 1192 1162 quasi
1231 1123 1378 1159 magna
1414 1124 1513 1162 pec-

92 1196 192 1226 cata.
254 1185 359 1239 Quis
389 1196 530 1225 autem
559 1196 700 1240 potest
730 1185 772 1225 in
796 1186 926 1225 verbo
959 1183 1185 1224 consistens
1216 1183 1370 1233 dicere,
1402 1185 1510 1239 quia,

92 1260 127 1301 si
166 1261 256 1316 quis
295 1261 514 1302 cervicalia
552 1273 742 1312 consuat,
789 1272 830 1302 et
868 1273 1042 1301 consuta
1079 1262 1155 1300 sub
1196 1260 1339 1301 cubito
1380 1274 1512 1316 ponat

93 1337 283 1386 alterius,
322 1338 560 1393 delinquat,
600 1350 640 1379 et
678 1356 701 1380 a
737 1340 834 1380 Deo
881 1336 1160 1393 corripiatur?
1226 1337 1333 1390 Quis
1369 1349 1513 1392 potest

93 1430 294 1463 asserere,
325 1414 441 1470 quia,
472 1415 507 1455 si
538 1415 629 1471 quis
658 1416 866 1456 velamina
895 1415 1021 1456 faciat
1049 1416 1101 1454 ad
1130 1415 1357 1465 tegendum
1388 1427 1514 1469 caput

91 1491 307 1532 universae
338 1491 505 1542 aetatis,
535 1491 666 1547 impie
695 1493 816 1544 agat?
872 1492 1019 1533 Invitis
1046 1491 1170 1532 nobis
1200 1492 1251 1531 ab
1281 1490 1371 1546 ipsa
1401 1492 1513 1533 Scri-

88 1579 214 1624 ptura
252 1568 476 1609 necessitas
513 1569 770 1625 imponitur,
811 1581 858 1610 ut
896 1571 947 1610 ab
986 1568 1174 1624 apicibus
1204 1568 1368 1609 litterae
1397 1585 1512 1610 rece-

94 1645 254 1695 dentes,
286 1648 464 1686 verbum
495 1658 536 1686 et
565 1647 811 1702 sapientiam
843 1658 884 1686 et
915 1646 1179 1686 voluntatem
1209 1645 1296 1704 ejus
1324 1647 1512 1702 requira-

91 1738 183 1762 mus
222 1723 275 1763 ad
313 1723 539 1777 aperienda
577 1735 772 1778 peccata,
812 1739 916 1778 quae
949 1723 1085 1763 clausa
1115 1734 1233 1771 sunt,
1271 1724 1324 1763 ad
1353 1724 1512 1764 illumi-

90 1800 248 1848 nanda,
287 1815 390 1855 quae
432 1800 631 1852 caligant,
669 1812 716 1841 ut
753 1800 961 1856 possimus
1006 1816 1029 1840 a
1066 1799 1295 1840 maledicto
1328 1802 1510 1841 extranei

88 1876 179 1916 fieri
207 1876 262 1931 ⁵).

201 1952 240 1996 3.
287 1953 454 2003 „Omni
483 1954 524 2009 ⁶)
557 1953 700 1993 cubito
731 1969 954 2003 manuum,
993 1952 1081 1994 sive
1109 1960 1298 1994 manus.“
1357 1950 1508 2011 Qu17)

208 2149 248 2205 ¹)
277 2149 429 2191 Ezech.
458 2149 581 2198 XIII,
614 2148 679 2191 17.

206 2218 251 2274 ²)
282 2219 392 2260 Edd.
422 2219 620 2260 Merlini:
651 2218 695 2259 in
725 2218 959 2260 intentione
992 2219 1143 2260 cordis.

207 2289 250 2345 ³)
280 2290 414 2330 Deest
444 2294 567 2338 ,‚ea“
597 2288 642 2329 in
673 2289 767 2330 edd.
798 2291 860 2331 M.

209 2357 250 2415 ⁴¹)
281 2359 390 2400 Edd.
420 2360 482 2400 M.
514 2359 624 2399 male
654 2359 722 2400 hic
754 2359 865 2400 illic:
899 2360 1054 2401 cubitu.

210 2429 252 2484 ⁵)
280 2429 391 2471 Edd.
431 2431 492 2470 M.
531 2430 633 2470 haec
682 2429 896 2470 exhibent:
942 2430 1057 2471 fieri:
1096 2432 1206 2471 ·dum
1250 2431 1512 2482 agnoscimus

96 2485 196 2541 quid
227 2486 279 2525 sit
309 2486 374 2526 cui
403 2486 684 2526 maledicitur.
742 2487 829 2527 Vae
861 2487 1018 2542 quippe
1049 2487 1106 2527 ait
1135 2487 1212 2532 his,
1244 2487 1315 2542 qui
1346 2499 1514 2527 assuunt
1542 2488 1545 2490 ’

96 2541 316 2582 cervicalia
345 2543 421 2582 sub
452 2542 567 2582 omni
599 2543 741 2583 cubito
771 2559 986 2592 manuum,
1016 2544 1103 2584 sive
1132 2560 1291 2584 manus.
1354 2543 1440 2597 Qui
1472 2544 1514 2584 in

95 2610 209 2638 victu
241 2609 317 2638 etc.

212 2669 254 2724 6)
290 2668 376 2709 Cfr.
406 2669 557 2710 Ezech.
587 2670 709 2719 XIII,
741 2669 807 2712 18.
840 2669 938 2710 coll.
969 2686 1060 2725 pag.
1093 2668 1177 2727 huj.
1211 2682 1299 2711 not.
1332 2671 1370 2713 5.

214 2738 254 2794 7)
287 2739 338 2779 R.
369 2738 410 2778 in
440 2738 574 2779 notis:
605 2738 717 2779 Huic
746 2739 844 2781 loco
876 2740 1124 2781 affinitatem
1154 2742 1362 2796 quandam
1392 2741 1514 2780 habet

97 2825 289 2861 graecum
319 2809 596 2861 fragmentum
627 2809 709 2849 hoe
739 2825 760 2849 e
781 2809 947 2852 Catenis
978 2812 1272 2867 depromtum:
1305 2815 1515 2867 ΙῙροσκε-

100 2875 302 2935 ‹scil-cuch!
341 2879 461 2923 ἐστιν
502 2877 589 2922 ὑπὸ
623 2879 808 2936 ἀγκῶνα
841 2880 1015 2937 χειρὸς,
1058 2879 1080 2925 ὁ
1120 2879 1408 2939 τρυφερώδης
1439 2882 1513 2922 καὶ
