1759 3134
681 126 878 169 HommA
909 126 984 166 XI.
1468 126 1547 170 149

124 255 203 294 que
225 239 428 279 canticum
447 239 623 279 Domini
650 250 813 280 cantare
833 248 1013 293 poterat,
1043 236 1205 278 dicens:
1235 239 1482 293 „quomodo
1502 240 1540 294 ¹)

122 316 376 356 cantabimus
416 317 622 357 canticum
659 314 836 356 Domini
874 314 916 354 in
954 325 1065 354 terra
1108 314 1304 356 aliena?“
1378 315 1539 355 Revera

118 409 205 432 non
235 404 401 448 poterat
430 393 592 433 infirma
623 409 708 432 non
741 407 840 440 esse,
872 406 977 445 quae
1008 391 1194 445 plantata
1223 393 1360 431 suerat
1389 392 1432 431 in
1456 392 1536 432 Ba—

117 470 285 526 bylone.
348 469 446 523 Quo
485 481 609 525 pacto
649 468 755 508 vires
792 466 985 522 pristinas
1015 478 1264 516 reservaret,
1305 485 1408 523 quae
1442 469 1536 510 vitis

116 545 348 603 Babylonia
380 562 465 586 esse
498 544 729 601 coepisset?
788 543 908 597 Quae
938 542 1034 598 quia
1065 543 1108 582 in
1137 555 1280 584 saneta
1307 556 1417 586 terra
1447 548 1533 586 fru-

116 633 204 662 ctus
234 639 320 663 non
349 624 516 673 fecerat,
549 623 645 663 ideo
674 621 871 662 translata
901 621 952 660 ab
983 620 1136 675 aquila,
1168 630 1209 659 et
1238 619 1280 660 in
1310 632 1420 662 terra
1451 640 1530 677 po·

113 697 191 738 sita
222 699 435 749 Chanaan,
474 701 582 741 facta
621 711 680 740 est
717 698 759 738 in
791 697 920 738 vitem
950 697 1159 737 infirmam
1191 708 1232 737 et
1261 697 1301 737 in
1333 698 1531 753 pusillam

112 778 338 833 statura2).
384 776 599 830 Quamdiu
624 776 666 816 in
693 787 804 815 terra
833 786 973 815 sancta
1002 773 1094 823 fuit,
1124 773 1266 826 ingens
1298 774 1391 815 vitis
1422 787 1529 815 erat:

113 854 278 907 quando
309 870 409 893 vero
440 854 634 894 translata
667 864 727 893 est
757 852 798 892 in
829 852 933 892 fines
962 862 1249 906 peccatorum,
1281 861 1322 891 et
1350 850 1528 901 infirma,

110 941 151 969 et
188 946 315 984 parva
355 931 506 971 effecta
544 941 614 970 est.
673 929 729 970 Et
766 941 812 970 tu
851 928 979 980 igitur
1007 927 1124 976 vitis,
1165 944 1270 982 quae
1299 945 1367 968 me
1398 929 1529 978 audis,

109 1005 142 1046 si
182 1005 243 1046 vis
283 1023 368 1047 esse
408 1024 576 1060 magna,
615 1006 706 1047 noli
746 1005 856 1046 exire
898 1006 949 1045 de
987 1005 1187 1046 ecclesiae
1218 1005 1395 1056 finibus,
1433 1023 1527 1061 per—

108 1099 228 1123 mane
270 1084 313 1123 in
351 1096 462 1125 terra
497 1096 637 1125 sancta
663 1083 910 1125 Jerusalem.
971 1083 1103 1136 Quod
1139 1082 1172 1123 si
1210 1095 1389 1138 propter
1428 1100 1528 1138 pec—

108 1172 196 1200 cata
228 1160 269 1200 in
300 1160 446 1217 pejora
476 1161 705 1211 corrueris,
744 1160 1004 1201 transfereris
1040 1160 1082 1200 in
1113 1160 1240 1200 aliam
1259 1172 1444 1210 terram,
1485 1172 1525 1200 et

108 1237 188 1277 eris
218 1237 260 1277 in
290 1238 418 1278 vitem
450 1239 668 1294 pusillam,
709 1249 749 1278 et
777 1237 971 1293 palmites
1002 1237 1064 1277 tui
1095 1237 1313 1288 decident,
1345 1249 1386 1277 et
1414 1237 1525 1278 radi-

109 1331 175 1354 ces
204 1326 298 1355 tuae
329 1315 615 1365 siccabuntur,
654 1315 695 1355 in
726 1326 910 1364 tantum,
948 1325 995 1354 ut
1032 1325 1180 1369 postea
1220 1314 1431 1355 desideres
1461 1332 1524 1355 re—

108 1391 319 1446 quiescere
350 1408 476 1447 super
504 1391 628 1431 aliam
650 1391 847 1446 aquilam,
876 1402 925 1430 ut
946 1407 1058 1430 nunc
1086 1390 1251 1440 dicitur,
1281 1407 1524 1442 magnarum

103 1469 264 1508 alarum
305 1479 346 1508 et
382 1468 667 1523 plurimorum
704 1468 919 1520 unguium.
976 1467 1145 1508 Bonum
1180 1479 1240 1508 est
1270 1469 1524 1508 condemna-

103 1556 192 1585 tum
232 1544 275 1585 in
316 1544 677 1585 condemnationis
706 1560 952 1599 permanere
983 1544 1210 1595 sententia,
1252 1545 1453 1601 quamdiu
1483 1545 1524 1585 ei

104 1621 208 1661 libet
228 1622 292 1678 3),
333 1621 403 1677 qui
443 1621 667 1662 damnavit.
725 1622 824 1662 Non
863 1637 1075 1662 curramus
1114 1623 1304 1662 volentes
1334 1623 1386 1662 ad
1414 1623 1523 1663 Pha-

102 1715 289 1739 raonem.
349 1698 394 1740 Si
438 1699 548 1738 enim
586 1699 638 1738 ad
678 1714 774 1738 eum
807 1697 1032 1747 currimus,
1077 1709 1220 1738 contra
1249 1699 1392 1739 Deum
1422 1698 1524 1739 faci-

104 1792 218 1825 mus,
252 1775 323 1831 qui
355 1775 477 1816 dixit:
513 1791 627 1828 „ego
651 1774 692 1831 ⁴)
722 1792 813 1815 sum
843 1774 1055 1815 Dominus
1083 1775 1201 1815 Deus
1230 1786 1347 1824 tuus,
1380 1775 1451 1831 qui
1480 1787 1521 1815 te

106 1852 228 1893 eduxi
260 1853 310 1892 de
340 1864 449 1893 terra
480 1851 681 1909 Aegypti,
724 1853 774 1892 de
807 1853 936 1892 domo
973 1851 1224 1892 servitutis.“
1285 1852 1351 1892 Ad
1381 1854 1523 1893 Nabu-

105 1930 375 1970 chodonosor
410 1929 521 1968 enim
551 1945 639 1969 non
661 1940 747 1969 tam
771 1940 921 1984 sponte
944 1944 1237 1983 properamus,
1267 1945 1390 1984 quam
1421 1945 1522 1970 con-

104 2006 289 2046 denmati
320 2018 362 2046 et
390 2005 591 2061 pertracti
620 2006 674 2046 ad
705 2022 800 2046 eum
831 2022 985 2046 sumus.

214 2083 253 2126 5.
298 2083 520 2139 Sequitur:
553 2095 630 2134 „et
651 2084 695 2139 ⁵)
724 2084 880 2124 factum
915 2094 998 2133 est,
1030 2083 1170 2139 aquila
1199 2084 1330 2124 altera
1359 2100 1519 2136 magna,

103 2160 260 2214 magnis
298 2161 372 2202 alis
414 2173 454 2202 et
493 2161 676 2217 copiosis
705 2160 935 2213 unguibus,
978 2171 1020 2200 et
1050 2177 1170 2211 ecce,
1211 2160 1306 2202 vitis
1332 2161 1406 2202 ista
1433 2179 1520 2202 am-

102 2238 339 2293 plexabitur
370 2245 518 2279 eam:“
548 2239 592 2279 id
617 2250 690 2289 est,
721 2239 946 2279 secundam
970 2237 1165 2294 aquilam.
1209 2238 1362 2280 Evenit
1384 2256 1521 2296 saepe,

106 2326 152 2354 ut
187 2316 238 2354 ab
277 2332 359 2355 una
400 2315 606 2357 contraria
650 2315 900 2356 fortitudine
944 2317 996 2356 ad
1043 2315 1167 2356 aliam
1210 2318 1520 2357 transferamur.

105 2393 292 2432 Jusserat
327 2392 436 2432 enim
465 2393 605 2442 Deus,
643 2405 691 2433 ut
726 2393 1010 2434 Israelitarum
1049 2394 1235 2449 populus
1273 2396 1350 2434 sub
1381 2396 1522 2435 Nabu-

108 2469 377 2509 chodonosor
404 2469 547 2527 jugum
580 2471 691 2511 colla
719 2469 1006 2520 submitteret,
1045 2482 1092 2511 ut
1128 2470 1303 2523 legimus
1333 2469 1375 2510 in
1403 2471 1521 2511 Jere-

226 2635 264 2688 Ι)
295 2636 449 2677 Psalm.
482 2636 736 2689 CXXXVII,
767 2639 805 2681 4.

221 2708 264 2761 2)
300 2707 407 2746 Edd.
440 2705 632 2746 Merlini:
663 2719 872 2749 staturam.

225 2777 267 2831 ³)
299 2776 407 2817 Edd.
438 2776 636 2817 Merlini:
667 2777 829 2819 liberet.

227 2847 270 2903 ⁴²)
307 2847 439 2888 Exod.
473 2846 567 2896 XX,
598 2845 635 2888 2.
756 2847 800 2902 ⁵)
827 2849 977 2890 Ezech.
1010 2849 1146 2899 XVII,
1179 2848 1218 2889 7.
