1759 3134
240 78 322 122 264
537 83 756 124 Onici-:ms
787 95 830 123 m
864 83 1045 124 CANrtc.
1078 82 1377 125 CANTmoRUM

246 191 337 232 vult
365 191 546 246 intelligi
578 196 862 248 evangelium,
903 209 944 237 et
973 196 1231 251 praedicari,
1269 197 1384 237 vides
1412 197 1477 250 ¹),
1516 199 1661 239 Jesum

247 285 418 311 omnem
461 272 707 324 languorem
752 285 792 315 et
838 274 1125 314 infirmitatem
1164 290 1250 314 non
1289 274 1428 314 solum
1468 290 1517 315 eo
1559 286 1664 315 tem-

245 363 367 402 pore,
399 365 483 403 quo
517 351 738 392 carnaliter
766 353 875 393 facta
905 362 1014 400 sunt,
1046 350 1173 390 fuisse
1210 350 1486 401 medicatum,
1525 353 1598 392 sed
1620 353 1666 406 ἱ’·)

246 424 460 481 hodieque
496 427 798 468 medicantem:
850 440 890 468 et
926 444 1012 468 non
1050 438 1212 467 tantum
1249 439 1349 469 tunc
1387 429 1440 469 ad
1477 429 1668 470 homines

248 501 533 555 descendisse,
564 506 637 546 sed
662 506 707 560 3)
735 505 946 561 hodieque
980 505 1255 555 descendere,
1287 517 1327 546 et
1359 522 1445 547 esse
1478 523 1672 562 praesen-

248 589 348 621 tem.
407 581 546 631 „Ecce
567 583 613 638 4)
645 583 769 633 enim,
802 583 952 638 inquit,
984 582 1202 623 vobiscum
1234 599 1327 622 sum
1358 584 1552 624 omnibus
1584 584 1672 626 die-

251 656 328 697 bus
357 674 489 714 usque
521 661 572 701 ad
604 661 1012 701 consummationem
1042 659 1240 701 saeculi.“

366 735 532 785 „Oculi
555 737 598 794 5)
637 737 699 778 tui
739 739 960 778 columbae
1006 743 1151 778 sunt.“
1224 737 1371 787 „Ecce
1393 737 1438 792 fi)
1484 739 1674 793 speciosa

251 811 445 866 proxima
474 830 588 864 mea,
628 831 725 856 ecce
755 816 969 871 speciosa,
1009 814 1124 855 oculi
1165 814 1224 854 tui
1267 816 1532 856 columbae.“
1589 817 1674 858 Has

255 888 307 929 de
346 906 390 930 se
430 908 584 948 sponsa
624 894 820 943 audiens,
860 893 1004 933 laudes
1042 908 1198 948 sponso
1233 892 1365 933 vicem
1407 893 1449 933 in
1482 894 1675 936 laudibus

251 965 422 1018 tribuit,
450 985 536 1018 non
567 987 650 1028 quo
684 972 743 1021 ei,
776 971 891 1027 quod
920 986 1006 1010 non
1037 970 1184 1018 habet,
1223 986 1298 1009 suo
1330 971 1559 1025 praeconio
1592 973 1673 1013 lar-

255 1043 410 1096 giatur,
455 1048 529 1087 sed
559 1048 797 1101 intelligens
829 1048 1030 1087 decorem
1062 1045 1149 1103 ejus
1174 1046 1217 1098 7)
1247 1059 1371 1102 atque
1403 1047 1678 1103 conspiciens,

256 1120 335 1161 ait:
381 1139 518 1172 „ecce
541 1125 583 1181 8)
623 1142 800 1180 sponsus
838 1123 1050 1164 fratruelis
1090 1139 1207 1163 meus
1253 1123 1450 1178 equidem
1487 1125 1678 1179 pulcher,

255 1197 389 1239 lectus
418 1212 564 1241 noster
590 1204 858 1248 umbrosus,“
907 1200 1079 1254 Quaero
1112 1200 1282 1249 lectum,
1313 1200 1356 1240 in
1389 1217 1473 1256 quo
1504 1218 1680 1257 sponsus

255 1290 355 1316 cum
392 1293 547 1333 sponsa
584 1279 842 1335 requiescat3
884 1289 947 1328 et,
986 1277 1030 1317 ni
1068 1277 1219 1328 fallor,
1260 1294 1412 1334 corpus
1451 1279 1681 1320 humanum

259 1364 341 1395 est:
382 1354 416 1394 si
455 1355 627 1411 quidem
666 1356 741 1397 ille
784 1357 825 1397 in
858 1354 1079 1407 evangelio
1110 1355 1383 1412 paralyticus,
1423 1356 1494 1411 qui
1522 1356 1685 1414 jacebat

257 1430 300 1470 in
333 1431 468 1483 lecto,
507 1445 548 1474 et
586 1434 702 1474 abire
743 1433 785 1474 in
818 1434 994 1474 domum
1031 1448 1148 1473 suam
1177 1433 1344 1474 sublato
1376 1434 1545 1486 grabato
1581 1450 1684 1475 voce

259 1506 394 1565 jussus
440 1522 501 1551 est
543 1511 785 1560 salvatoris,
829 1521 1054 1566 antequam
1097 1522 1330 1561 sanaretur,
1375 1527 1502 1565 super
1542 1511 1683 1552 debile

258 1588 553 1629 membrorum
582 1605 757 1632 suorum
788 1605 941 1644 corpus
970 1586 1146 1644 jacebat,
1178 1588 1294 1643 quod
1323 1600 1470 1643 postea
1495 1588 1581 1629 Dei
1602 1588 1684 1630 vir-

262 1674 351 1704 tute
383 1665 613 1707 solidatum
646 1677 718 1707 est.
781 1665 852 1707 Sic
884 1680 959 1717 ego
990 1663 1207 1716 intelligo:
1239 1665 1373 1714 „tolle
1391 1665 1437 1720 9)
1469 1667 1685 1717 grabatum

262 1752 406 1793 tuum,
449 1755 489 1784 et
529 1744 633 1785 vade
674 1742 717 1783 in
756 1743 933 1783 domum
971 1746 1129 1783 tuam.“
1185 1742 1334 1797 Neque
1373 1742 1486 1783 enim
1523 1743 1688 1784 adhoc

263 1818 376 1861 filius
414 1820 499 1861 Dei
540 1822 592 1861 de
633 1820 887 1861 coelestibus
926 1821 978 1861 ad
1015 1830 1180 1860 terrena
1219 1820 1512 1870 descenderat,
1548 1832 1596 1861 ut
1635 1821 1688 1862 de

263 1896 430 1938 lectulis
469 1897 719 1954 imperaret,
761 1909 802 1939 et
843 1908 1165 1949 consurgentem
1201 1898 1252 1938 ab
1290 1896 1578 1949 aegrotatione
1616 1914 1689 1939 sua

263 1972 351 2014 sine
392 1976 552 2016 lectulo
598 1991 686 2016 non
731 1987 948 2030 pateretur
990 1974 1265 2015 adscendere:
1311 1974 1455 2025 „tolle
1482 1973 1553 2008 ¹⁰5
1625 1974 1688 2014 in-

1532 2006 1580 2030 s,

263 2050 431 2105 quiens,
470 2053 686 2105 grabatum
723 2063 867 2101 tuum,
908 2063 950 2092 et
988 2052 1093 2092 vade
1136 2051 1180 2092 in
1211 2052 1389 2092 domum
1418 2057 1577 2092 tuam.“
1634 2052 1690 2093 Et

385 2218 428 2271 ¹)
460 2218 569 2261 Edd.
600 2219 794 2260 NIerlini:
827 2220 987 2260 videns.

383 2288 430 2343 2)
459 2288 569 2334 Edd.
600 2289 795 2330 Merlini:
827 2291 902 2330 sed
931 2289 1060 2330 hodie
1091 2306 1260 2346 quoque
1290 2291 1584 2331 medicantem.

383 2358 429 2413 3)
458 2359 567 2400 Edd.
607 2359 803 2401 Merlini:
840 2360 915 2400 sed
951 2359 1080 2400 hodie
1119 2376 1289 2416 quoque
1331 2361 1609 2411 descendere,
1650 2372 1690 2402 et

267 2430 355 2455 esse
385 2426 546 2470 putem.
604 2417 717 2457 Ecce
748 2416 861 2457 enim
883 2416 1102 2457 vobiscum
1129 2433 1221 2457 sum
1250 2434 1384 2473 usque
1414 2418 1467 2459 ad
1497 2434 1691 2459 consum-

265 2471 497 2512 mationem
526 2473 693 2514 saeculi.

384 2543 429 2598 ⁴)
460 2543 611 2586 Matth.
637 2544 841 2593 XXVIII,
872 2542 939 2586 20.

384 2613 429 2666 ἐ·)
463 2613 621 2655 Cantic.
653 2615 687 2665 I,
718 2614 784 2658 15.
903 2613 946 2669 6)
980 2614 1138 2656 Cantic.
1172 2616 1203 2664 I,
1237 2615 1301 2658 15.

383 2683 427 2737 7)
459 2684 593 2725 Deest
624 2684 785 2741 ‚,ejus“
818 2684 859 2725 in
892 2685 985 2726 edd.
1018 2686 1078 2726 M.

384 2753 426 2807 ⁵³)
461 2753 620 2804 Cantic,
653 2756 684 2795 Ῑ.
718 2754 781 2797 16.
905 2755 950 2808 9)
981 2755 1130 2796 Matth.
1165 2755 1239 2803 IX,
1271 2754 1307 2796 6.

359 2825 427 2877 ¹⁰)
458 2824 607 2865 Matth.
640 2825 714 2873 IX,
745 2824 781 2866 6.
