1759 3134
236 155 318 199 386
527 158 745 198 Ornoi-:ms
775 171 819 199 m
852 157 1033 199 CAN-ric.
1069 157 1371 199 CANTJCORUM

233 269 418 319 redeant,
451 285 555 325 quae
590 270 755 326 repulsa
786 283 902 312 sunt:
941 271 1013 311 sed
1046 271 1145 311 dant
1177 270 1214 311 ei
1245 286 1374 326 opus,
1407 270 1522 326 quod
1553 283 1654 322 agat,

235 358 276 386 et
308 346 550 399 consignant
582 347 619 388 ei
652 349 885 390 custodiam
926 348 1153 390 vinearum.
1213 347 1366 390 Vineas
1405 347 1655 403 accipiamus

234 424 397 476 singula
428 440 702 482 quaecunque
736 426 950 468 volumina
980 426 1081 479 legis
1111 442 1156 468 ac
1186 427 1503 483 prophetarum.
1556 425 1657 466 Erat

235 501 348 542 enim
378 502 663 560 unusquisque
696 520 843 545 eorum
874 505 980 546 sicut
1018 520 1114 556 ager
1153 503 1327 560 plenus,
1367 518 1494 560 quem
1531 504 1658 544 bene-

235 578 338 619 dixit
367 578 593 622 Dominus.
654 581 769 622 Haec
803 597 900 634 ergo
932 581 1000 623 isti
1031 579 1109 622 viri
1140 582 1270 622 sortes
1301 593 1399 637 post
1438 579 1658 621 victoriam

231 655 394 714 belli¹)
424 657 626 698 servanda
657 657 694 698 ei
728 670 767 700 et
799 659 1074 701 custodienda
1107 659 1361 712 consignant.
1418 659 1517 700 Non
1549 656 1660 698 enim

231 734 475 791 relinquunt
516 752 630 787 eam,
671 748 719 777 ut
759 737 961 789 diximus,
1001 738 1194 779 otiosam.
1266 736 1352 779 Sed
1393 747 1434 777 et
1472 734 1660 788 Evange-

233 812 423 854 listarum
453 813 622 870 scripta,
652 826 776 871 atque
807 815 997 872 ipsorum
1028 815 1342 872 Apostolorum
1370 813 1529 855 litteras
1560 829 1660 870 pos-

233 907 374 932 sumus
404 890 600 933 similiter
629 893 770 934 vineas
801 893 1016 951 accipere,
1054 909 1155 951 quas
1186 892 1307 944 huic,
1347 908 1452 949 quae
1485 907 1533 932 ex
1563 907 1660 944 gen-

230 969 343 1011 tibus
375 981 660 1024 congregatur,
690 988 770 1027 pro
803 989 885 1029 qua
915 973 1041 1014 etiam
1072 971 1391 1022 dimicaverunt,
1423 968 1657 1011 custodien-

233 1049 304 1090 das
336 1048 619 1106 colendasque
659 1050 937 1091 tradiderunt.
1000 1049 1133 1105 Quod
1163 1064 1264 1090 vero
1296 1048 1373 1099 ait,
1415 1047 1513 1104 quia
1541 1062 1658 1088 suam

229 1126 448 1182 propriam
480 1126 644 1168 vineam
671 1143 760 1168 non
803 1127 1071 1178 custodierit,
1116 1127 1235 1167 illam
1265 1142 1488 1182 possumus
1520 1124 1659 1166 erudi-

230 1204 393 1245 tionem
425 1203 588 1255 dicere,
637 1221 717 1261 qua
746 1205 1033 1261 unusquisque
1066 1205 1337 1246 exercebatur
1375 1215 1470 1244 ante
1508 1202 1658 1243 fidem:

232 1299 358 1339 quam
388 1282 476 1323 sine
509 1281 640 1323 dubio
674 1283 847 1323 credens
881 1282 1047 1324 Christo
1066 1283 1133 1339 2),
1180 1281 1383 1338 relinquit
1413 1297 1460 1322 ac
1492 1280 1660 1330 deserit,

232 1373 274 1403 et
305 1378 363 1412 ea,
395 1378 501 1417 quae
532 1359 612 1401 sibi
644 1360 760 1401 lucra
790 1360 1056 1412 videbantur,
1088 1360 1205 1401 ducit
1236 1372 1414 1417 propter
1445 1358 1659 1402 Christum

232 1439 497 1480 detrimenta.
558 1438 680 1480 Sicut
725 1450 766 1479 et
795 1438 951 1479 Paulus
968 1439 1009 1494 ³)
1051 1439 1254 1491 gloriatur
1294 1438 1396 1491 legis
1436 1439 1661 1479 observan-

231 1518 331 1568 tias,
372 1529 412 1558 et
444 1532 616 1558 omnem
653 1516 855 1557 Judaicae
885 1516 1159 1557 institutionis
1199 1515 1378 1569 gloriam
1418 1515 1544 1558 fuisse
1580 1515 1660 1556 sibi

230 1607 277 1635 ut
309 1607 493 1636 stercora
523 1606 710 1644 tantum,
750 1606 796 1635 ut
826 1594 870 1635 in
902 1593 1068 1636 Christo
1099 1594 1361 1636 inveniretur
1388 1610 1474 1634 non
1504 1594 1659 1634 habens

232 1689 348 1713 suam
380 1672 603 1731 justitiam,
645 1687 751 1728 quae
786 1688 834 1712 ex
864 1672 955 1725 lege
988 1683 1070 1723 est,
1110 1674 1185 1713 sed
1212 1671 1438 1729 justitiam,
1474 1687 1579 1727 quae
1611 1687 1660 1711 ex

231 1751 328 1791 Deo
373 1762 444 1792 est.
519 1751 640 1793 Sicut
681 1766 778 1803 crgo
819 1749 976 1791 Paulus
1015 1762 1188 1807 accepta
1230 1749 1383 1792 Christi
1421 1749 1527 1801 fide,
1572 1765 1659 1790 non

232 1828 460 1870 custodivit
491 1828 656 1870 vineam
685 1845 826 1880 suam,
868 1828 1069 1870 Judaicae
1107 1828 1270 1870 scilicet
1306 1826 1542 1870 traditionis
1584 1828 1659 1868 ob-

230 1907 394 1964 sequia:
429 1906 653 1949 etidcirco
684 1908 860 1949 fortasse
890 1923 977 1948 non
1004 1906 1244 1958 custodivit,
1276 1906 1386 1964 quia,
1419 1922 1513 1948 cum
1539 1905 1659 1962 plan-

230 1997 314 2027 tata
346 1997 452 2026 esset
483 2003 505 2027 a
534 1986 631 2026 Deo
673 1985 804 2036 „vitis
820 1986 861 2042 ⁴)
893 2001 1015 2037 vera,
1057 2001 1258 2027 conversa
1299 1996 1360 2026 est
1388 1983 1432 2025 in
1461 1982 1659 2025 amaritu-

233 2063 377 2104 dinem
406 2063 502 2104 vitis
533 2063 723 2105 alienae“
759 2074 800 2104 et
831 2074 918 2104 erat
946 2062 1030 2121 jam
1061 2062 1250 2119 ,‚vitis5)
1281 2064 1574 2106 Sodomorum
1595 2061 1657 2102 vi-

230 2157 309 2182 nea
339 2157 501 2191 eorum,
535 2152 575 2182 et
604 2140 765 2197 palmes
798 2157 947 2182 eorum
975 2157 1023 2182 ex
1040 2140 1266 2193 Gomorra,
1298 2153 1340 2182 et
1367 2142 1515 2182 botrus
1546 2156 1659 2181 ama-

230 2218 426 2259 ritudinis
458 2218 502 2259 in
531 2219 593 2269 iis,
627 2231 667 2260 et
698 2220 818 2259 furor
849 2220 1081 2260 draconum
1100 2218 1245 2260 vinum
1272 2235 1434 2270 eorum,
1466 2230 1508 2260 et
1536 2220 1657 2259 furor

218 2295 427 2357 ⁴aspidum
458 2296 750 2341 insanabilis.“
811 2297 874 2337 Ita
914 2308 956 2337 et
986 2297 1098 2353 apud
1129 2309 1270 2350 gentes
1302 2309 1418 2338 erant
1447 2296 1656 2353 plurimae

229 2373 734 2433 hujusmodi‘doctrinae‚
766 2391 865 2431 quas
896 2387 995 2432 post
1024 2374 1097 2417 illa
1125 2375 1255 2427 bella,
1286 2375 1437 2433 quibus
1460 2392 1540 2432 pro
1572 2375 1655 2416 fide

349 2578 389 2635 ¹)
422 2579 530 2620 Edd.
562 2579 625 2620 M.
655 2577 857 2630 ,‚bella.“

346 2650 389 2703 ²)
419 2649 552 2690 Deest
590 2649 793 2700 „Christo
808 2656 832 2674 ‘⁴
872 2649 916 2690 in
947 2649 1042 2693 edd.
1073 2649 1133 2692 M.
1179 2674 1230 2682 —
1272 2650 1320 2691 In
1362 2665 1475 2708 seqq.
1517 2650 1652 2704 „dicit

228 2717 408 2763 propter
438 2705 686 2748 Christum“
718 2717 795 2747 etc.

345 2778 388 2834 ³)
421 2777 507 2819 Cfr.
537 2775 723 2833 Philipp.
759 2776 837 2827 III,
868 2777 892 2820 7
911 2794 999 2834 sqq.

344 2846 386 2904 4)
419 2846 506 2888 Cfr.
538 2847 692 2887 Jerem.
723 2847 781 2897 II,
809 2846 878 2890 21.

345 2917 386 2974 ⁵)
420 2917 504 2960 Cfr.
536 2918 664 2959 Deut.
694 2916 878 2969 XXXII,
907 2917 974 2962 32.
1005 2917 1072 2962 33.
