1759 3134
222 170 305 214 3⁵30
513 171 733 211 ORIGENIS
766 182 806 210 ιΝ
840 170 1019 211 CAwrrc.
1055 170 1355 211 CANTJCORUM

222 300 464 340 perversum
498 298 668 339 quoque
699 281 880 333 incedit,
927 282 1034 323 sicut
1064 282 1269 339 scriptum
1301 294 1361 323 est
1394 282 1434 322 in
1466 284 1642 324 maledi-

223 361 431 403 ctionibus
471 359 669 402 Levitiei:
716 360 850 416 „et¹)
881 359 914 401 si
954 358 1223 408 incesseritis,
1273 358 1426 415 inquit,
1475 377 1642 403 mecum

220 438 419 495 perversi,
451 449 491 479 et
520 437 741 479 nolueritis
774 437 947 478 obedire
980 435 1097 486 mihi,
1128 435 1321 495 adjiciam
1356 436 1475 478 vobis
1503 439 1644 494 plagas

220 522 424 572 septem.“
482 516 536 557 Et
566 527 664 572 post
693 532 847 572 pauca:
891 514 1028 571 ,‚et²)
1059 513 1114 564 si,
1161 513 1318 571 inquit,
1354 530 1440 555 non
1480 515 1644 557 fueritis

223 595 456 644 emendati,
499 595 573 635 sed
613 593 864 634 incesseritis
903 610 1070 634 mecum
1109 591 1321 649 perversi,
1372 591 1562 634 incedam
1604 605 1644 634 et

222 689 298 726 ego
331 671 549 713 vobiscum
590 677 871 728 perversus:“
912 670 996 711 sive
1035 682 1082 711 ut
1124 669 1166 711 in
1206 670 1297 711 aliis
1337 670 1644 727 exemplaribus

222 750 418 803 legimus:
451 749 512 800 „si
543 748 794 791 incesseritis
818 765 983 790 mecum
1012 747 1190 805 obliqui,
1221 747 1414 789 incedam
1438 759 1479 789 et
1506 764 1581 801 ego
1601 749 1644 802 ³)

220 828 441 869 vobiscum
472 827 720 884 obliquus.“
778 826 835 868 Et
875 838 974 883 post
1007 826 1218 883 aliquanta
1257 826 1411 867 iterum
1450 825 1553 867 dicit
1592 827 1643 866 ad

219 905 439 947 ultimum:
472 917 550 956 „et
566 904 607 961 ⁴)
640 904 840 962 quoniam
869 905 1191 946 ambulaverunt
1221 904 1263 946 in
1295 915 1525 961 conspectu
1545 920 1643 944 meo

221 983 398 1040 obliqui,
430 994 471 1023 et
502 999 578 1036 ego
610 982 835 1024 ambulabo
856 983 897 1038 ⁵)
937 999 1031 1023 cum
1063 982 1111 1024 iis
1145 983 1187 1024 in
1217 983 1361 1024 furore
1395 981 1607 1038 obliquus.
1620 986 1644 1005 “

220 1062 336 1103 Haec
366 1060 656 1110 assumsimus,
696 1077 744 1100 ex
775 1060 926 1117 quibus
957 1062 1253 1117 probaremus,
1297 1060 1477 1117 qualiter
1508 1058 1646 1115 despi-

221 1154 336 1187 cere,
376 1137 459 1178 hoc
510 1149 590 1187 est,
646 1137 819 1192 oblique
862 1137 1078 1193 adspicere
1115 1139 1181 1179 sol
1224 1138 1397 1179 dicatur.
1466 1137 1522 1178 Et
1562 1136 1645 1177 evi-

221 1216 370 1256 denter
402 1214 575 1264 claruit,
620 1215 737 1272 quod
766 1214 843 1255 hos
876 1214 1035 1271 despici
1053 1215 1094 1271 6)
1126 1215 1204 1266 ait,
1244 1227 1283 1256 et
1315 1232 1411 1256 cum
1441 1214 1502 1255 his
1536 1214 1644 1255 obli-

221 1310 301 1350 que
334 1292 513 1341 incedat,
545 1309 592 1334 ac
622 1308 842 1349 perverse,
886 1291 958 1349 qui
995 1293 1169 1350 oblique
1200 1293 1402 1335 incedunt
1442 1310 1537 1335 cum
1579 1309 1644 1333 eo.

221 1371 306 1412 Sed
327 1372 367 1425 ⁷)
401 1382 442 1412 et
472 1371 575 1421 hoc,
621 1372 734 1428 quod
777 1371 998 1412 admonuit
1027 1387 1221 1428 praesens
1262 1371 1402 1422 locus,
1444 1370 1647 1412 indiscus-

340 1610 380 1663 1)
413 1609 546 1651 Levit.
579 1610 737 1661 XXVI,
769 1609 838 1653 21.
959 1609 1002 1665 ε’)
1033 1609 1165 1651 Levit.
1196 1610 1354 1660 XXVI,
1385 1609 1454 1654 23.
1483 1609 1551 1653 24.

339 1680 381 1735 ³)
411 1681 545 1721 Deest
574 1696 687 1733 „ego
703 1685 726 1704 ‘⁴
757 1679 799 1721 in
833 1680 928 1720 edd.
959 1681 1020 1721 M.

338 1752 379 1807 ⁴)
410 1751 543 1792 Levit.
575 1751 734 1801 XXVI,
767 1751 833 1795 40.
866 1750 932 1794 41.
1056 1751 1096 1806 ⁵)
1128 1751 1236 1793 Edd.
1270 1751 1330 1792 M.
1364 1752 1625 1802 „ambulo.“

336 1823 378 1878 ⁶)
409 1823 518 1863 Edd.
550 1823 611 1863 M,
644 1854 668 1873 ‚‚
683 1821 909 1878 despiciat,
943 1833 984 1863 et
1017 1839 1112 1862 cum
1141 1821 1244 1863 his“
1281 1834 1358 1864 etc.

339 1894 379 1948 7)
411 1894 571 1935 Graeca
602 1895 683 1935 huc
713 1893 944 1950 spectantia
975 1893 1077 1934 haec
1109 1904 1224 1934 sunt:
1254 1891 1463 1951 ΙῙρόσχες
1494 1893 1543 1937 δὲ
1571 1895 1649 1936 καὶ

221 1962 406 2019 τούτοις,
445 1961 510 2007 ὅτι,
543 1964 566 2008 ὁ
599 1963 721 2018 ἣλιος
751 1964 909 2015 λευκὸς
943 1967 1018 2007 καὶ
1048 1963 1268 2021 λαμπρὸς
1287 1961 1376 2019 ὧν,
1409 1967 1541 2010 δοκεῖ
1567 1963 1648 2018 τὴν

221 2041 371 2079 αἰτίαν
401 2037 522 2092 ἔχειν
552 2038 631 2078 τοῦ
662 2038 911 2091 μελανοῦν,
946 2035 1000 2079 οὐ
1030 2035 1135 2093 παρ’
1170 2034 1345 2086 ἑαυτὸν,
1378 2033 1494 2077 ἀλλὰ
1520 2033 1643 2090 παρὰ

218 2104 312 2161 τὸν,
346 2105 404 2154 ὠς
443 2102 828 2164 ἀποδεδώκαμεν,
867 2103 1230 2165 μελανούμενον.
1295 2103 1422 2149 Οὕτω
1461 2107 1513 2150 δὲ
1550 2103 1645 2162 μή-

219 2177 388 2232 norff)
421 2179 497 2219 καὶ
527 2173 766 2234 σκληρύνει
796 2174 950 2233 κύριος
979 2177 1060 2231 τὴν
1102 2179 1297 2236 καρδίαν
1331 2173 1529 2233 Φαραώ,
1571 2179 1645 2230 τῆς

222 2252 365 2297 αἰτίας
394 2244 557 2291 τούτου
591 2242 723 2301 οὔσης
753 2250 859 2304 περὶ
891 2246 1030 2293 αὐτὸν
1072 2249 1392 2292 κατοδυνῶντα
1434 2244 1516 2301 τὴν
1554 2248 1645 2290 τῶν

216 2318 441 2378 Ἑβραίων
471 2316 586 2372 ζωὴν
618 2318 668 2362 ἐν
697 2322 790 2366 τοῖς
822 2318 973 2375 ἔργοις
1002 2324 1094 2368 τοῖς
1125 2322 1355 2377 σκληροῖς,
1404 2320 1463 2375 τῷ
1497 2320 1641 2374 πηλῷ,

219 2392 299 2435 καὶ
330 2393 379 2450 τῇ
409 2392 648 2444 πλινθείᾳ,
690 2389 767 2431 καὶ
796 2390 910 2431 πᾶσι
953 2395 1043 2439 τοῖς
1082 2391 1254 2447 ἔργοις,
1298 2389 1400 2447 οὐχὶ
1437 2390 1515 2433 καὶ
1552 2393 1644 2438 τοῖς

220 2462 272 2506 ἐν
302 2457 424 2518 ὄρεσι
454 2461 531 2503 καὶ
560 2464 759 2517 βουνοῖς,
793 2457 905 2502 ἀλλὰ
939 2465 1032 2510 τοῖς
1062 2460 1112 2505 ἐν
1139 2461 1338 2511 πεδίοις·
1370 2457 1522 2509 ὑλικὰς
1550 2458 1643 2519 γάρ

220 2549 285 2582 τις
317 2530 408 2576 ἀπὸ
441 2532 516 2586 τῆς
547 2530 708 2574 ἑαυτοῦ
734 2535 893 2579 κακίας
915 2534 1232 2588 γεγενημένος,
1265 2529 1473 2575 καὶκατὰ
1495 2527 1642 2592 σάρκα

220 2601 336 2647 κατὰ
365 2599 518 2646 πάντα
550 2604 662 2656 ζῶν,
694 2603 824 2657 πηλῷ
857 2606 989 2661 φίλος
1017 2599 1282 2660 τυγχάνων,
1327 2599 1538 2658 βούλεται
1566 2604 1643 2646 καὶ

221 2670 325 2722 τούς
349 2670 586 2730 Ἑβραίους
614 2674 907 2729 πηλοποιεῖν,
941 2672 990 2718 τὸ
1021 2671 1300 2731 ἡγεμονικὸν
1329 2674 1446 2731 ἔχων
1477 2674 1528 2718 οὐ
1556 2690 1642 2717 κα-

221 2742 372 2803 θαρὸν
399 2745 569 2798 πηλοῦ·
615 2740 813 2801 ὅπερῊ)
845 2742 903 2794 ὠς
933 2742 1073 2799 πηλὸς
1103 2742 1194 2788 ὑπὸ
1233 2741 1362 2800 ἡλίου
1393 2742 1640 2803 σκληρύνε-

277 2869 324 2925 4)
357 2869 454 2912 Edd
483 2869 690 2912 Philocal.
721 2869 866 2927 itemq.
899 2873 995 2915 edd.
1026 2870 1191 2913 Huetii:
1229 2872 1306 2915 καὶ
1333 2868 1526 2928 μήποτε.

249 2940 324 2996 Η)
353 2940 463 2982 Edd.
493 2940 656 2983 Philoe.
687 2939 830 2999 itemq.
866 2943 961 2985 edd.
993 2941 1161 2985 Huetii:
1196 2941 1350 3003 ὅσπερ.
