1759 3134
629 155 827 198 Horum
856 154 976 195 XIII.
1434 156 1510 201 171

216 267 256 310 2.
300 268 521 318 „Omnem
548 268 587 323 ¹)
627 267 812 323 lapidem
849 267 1009 307 bonum
1049 265 1218 307 indutus
1256 277 1338 317 est,
1376 267 1518 309 Sardi-

107 361 230 394 num‚
261 358 301 386 et
331 345 665 394 Carbunculum,
695 342 974 399 Sapphirum,
1005 355 1046 382 et
1072 344 1306 401 Beryllum,
1336 356 1378 385 et
1407 345 1518 403 Hya-

108 422 317 472 cinthum,
346 433 386 462 et
413 422 615 478 Jaspin,“
647 432 688 461 et
714 419 901 475 reliquos
932 420 1159 460 duodecim
1192 421 1363 476 lapides.
1422 422 1518 463 Dif-

106 498 227 539 ficilis
258 510 340 548 est,
370 510 413 538 et
440 499 550 539 ultra
580 498 685 538 vires
714 507 874 537 nostras
903 507 1177 552 naturamque
1207 497 1327 554 hujus
1357 500 1443 540 loci
1473 517 1516 541 se

107 574 311 631 expositio
343 576 539 616 sustollit.
600 574 706 629 Quis
737 574 849 614 enim
876 584 1018 628 potest
1046 584 1235 613 naturam
1260 575 1518 635 uniuscujus-

107 668 186 707 que
216 651 366 707 lapidis
408 668 639 708 exponere,
682 662 722 691 et
762 649 1019 699 describere,
1055 649 1142 690 sive
1182 651 1393 702 colorem,
1430 654 1516 694 sive

106 727 191 767 vim
223 727 332 785 ejus,
372 740 419 769 ut
447 728 506 769 sic
531 729 573 783 2)
605 728 740 768 valeat
768 727 976 782 reperire,
1012 743 1139 782 quare
1169 728 1330 784 lapides
1360 728 1427 770 isti
1457 747 1518 771 as-

101 804 227 844 sumti
267 805 379 847 sint?
435 807 630 846 Attamen
669 804 769 845 licet
806 820 891 844 non
931 803 1059 844 simus
1102 805 1229 855 tales,
1269 805 1339 860 qui
1370 818 1518 848 cuncta

100 881 335 934 intelligere
365 882 593 938 possimus,
623 897 756 937 pauca
784 880 1012 932 videamus,
1043 883 1260 937 quomodo
1293 884 1519 926 duodecim

100 957 187 998 istis
226 958 435 1014 lapidibus
473 959 642 999 indutus
680 958 820 999 fuerit.
880 957 927 999 Si
956 957 999 1013 3)
1041 958 1107 999 cui
1149 958 1314 1000 divinae
1354 960 1518 1002 litterae

103 1052 223 1076 curae
253 1047 370 1076 sunt:
403 1059 454 1066 —
487 1037 539 1076 ad
569 1052 693 1092 quam
722 1052 812 1076 rem
836 1045 960 1090 saepe
987 1036 1252 1077 exhortamur
1275 1039 1519 1080 adolescen-
1561 1049 1566 1055 '

100 1124 182 1164 tes,
211 1114 284 1154 sed
313 1124 360 1153 ut
391 1113 540 1164 video,
569 1112 676 1154 nihil
704 1112 972 1167 proficimus,
1002 1116 1297 1155 tantummodo
1328 1127 1521 1173 tempora

103 1202 416 1242 consumentes;
459 1207 545 1230 non
591 1189 701 1230 enim
740 1189 956 1244 potuimus
996 1191 1158 1247 aliquos
1200 1208 1348 1233 eorum
1386 1195 1438 1234 ad
1475 1194 1520 1234 id

102 1268 354 1322 perducere,
392 1279 438 1307 ut
477 1267 601 1307 sacris
633 1267 918 1308 voluminibus
949 1267 1187 1309 insisterent
1226 1285 1301 1309 —1
1343 1280 1383 1309 et
1414 1270 1520 1311 duo-

103 1343 237 1384 decim
268 1344 367 1385 illos
393 1342 435 1400 ⁴)
462 1344 644 1399 lapides,
683 1355 724 1384 et
755 1356 891 1385 cetera
922 1341 1106 1400 requirzit
1131 1346 1172 1400 ⁵)
1203 1345 1246 1385 in
1275 1346 1520 1401 Scripturis,

102 1420 286 1460 inveniet
307 1421 350 1476 6)
393 1432 434 1461 et
470 1420 514 1460 in
551 1421 811 1477 Apocalypsi
851 1422 1003 1461 eodem
1041 1419 1174 1461 modo
1213 1434 1338 1477 atque
1371 1423 1519 1464 ordine

98 1508 375 1551 nuncupatOS.
436 1496 523 1551 Qui
563 1496 623 1537 ibi
661 1497 847 1553 primus,
889 1509 930 1538 et
965 1497 1032 1539 hic
1061 1498 1223 1555 primus
1255 1511 1315 1539 est
1343 1499 1520 1555 positus,

101 1573 171 1629 qui
210 1574 415 1614 secundus
456 1574 682 1624 secundus,
726 1575 796 1631 qui
835 1575 984 1616 tertius
1024 1575 1193 1626 tertius,
1239 1577 1312 1632 qui
1351 1589 1521 1633 quartus

103 1663 292 1707 quartus,
333 1663 456 1707 atque
496 1651 552 1691 ita
589 1668 720 1706 usque
758 1652 811 1691 ad
850 1652 1152 1692 duodecimum
1190 1652 1377 1708 lapidem
1411 1655 1519 1695 ordo

102 1740 285 1769 servatus
317 1740 389 1768 est.
439 1728 525 1769 Cur
560 1744 671 1780 erg0,
704 1739 745 1768 et
774 1744 900 1783 super
930 1745 1013 1784 quo
1045 1729 1206 1784 lapides
1236 1728 1305 1769 isti
1335 1729 1378 1770 in
1406 1731 1520 1786 Apo-

102 1805 257 1862 calypsi
295 1804 525 1860 nuncupati
561 1803 684 1846 sunt?
740 1804 898 1860 Utique
940 1821 1066 1860 super
1102 1818 1247 1861 portas
1286 1807 1520 1850 Jerusalem

103 1880 308 1921 coelestis.
367 1880 516 1937 Ibique
547 1881 713 1931 dicitur,
747 1880 844 1936 quia
873 1881 1009 1936 prima
1038 1893 1163 1937 porta
1188 1884 1423 1939 Topazium
1453 1886 1521 1937 sit,

100 1959 282 1999 secunda
312 1959 576 2010 Smaragdus,
606 1958 729 1999 tertia
759 1958 1064 2009 Carbunculus,
1095 1972 1240 2016 quarta
1265 1962 1520 2017 sapphirus:

99 2047 222 2092 atque
264 2035 319 2076 ita
357 2035 400 2075 in
430 2035 539 2075 hunc
570 2036 748 2076 modum
778 2035 820 2076 in
850 2036 1029 2089 singulas
1060 2048 1203 2092 portas
1233 2037 1384 2090 singuli
1415 2039 1519 2095 Iapi-

101 2113 172 2153 des
218 2112 535 2153 distribuuntur.
609 2112 656 2155 Si
702 2113 958 2154 intellexeris
994 2125 1139 2170 portas
1177 2115 1433 2166 Jerusalem,
1479 2128 1521 2157 et

99 2202 241 2246 portas
270 2191 382 2231 filiae
415 2189 541 2239 Sion,
582 2189 654 2230 ubi
697 2202 738 2231 et
777 2201 948 2246 oportet
978 2201 1019 2231 te
1051 2207 1199 2233 canere
1229 2192 1348 2234 Deo:
1386 2210 1521 2244 „can-

221 2412 261 2467 ¹)
292 2412 379 2455 Cfr.
410 2413 562 2456 Ezech.
592 2413 804 2465 XXVIII,
845 2415 912 2460 13.
955 2439 1006 2446 --
1047 2416 1126 2457 Ed.
1158 2416 1313 2459 Ruaei:
1352 2416 1522 2467 ,‚Beril-

105 2469 229 2508 lum“
262 2480 302 2510 et
332 2470 568 2526 ‚,Jaspim.“

213 2539 260 2594 ἓ)
291 2539 422 2579 Deest.
451 2539 581 2589 ‚,sic“
612 2540 654 2582 in
687 2541 749 2581 ed.
782 2541 925 2582 Ruaei.

219 2610 261 2663 3)
290 2608 400 2649 Edd.
431 2608 624 2649 blerlini:
657 2609 775 2651 Sicut
807 2610 969 2652 divinae
1004 2623 1078 2652 etc.

220 2679 261 2734 ⁴)
294 2678 401 2719 Edd.
435 2677 626 2718 Merlini:
660 2678 772 2720 istos.

222 2749 262 2801 ὁ)
294 2748 402 2791 Edd.
436 2747 626 2788 Merlini:
660 2747 883 2803 requirant.

222 2819 263 2870 6)
295 2818 401 2858 Edd.
423 2817 616 2859 Merlini:
651 2817 863 2860 invenient
895 2831 935 2861 et
967 2821 1009 2862 in
1041 2834 1116 2863 etc.
1151 2844 1200 2852 ——
1236 2822 1317 2864 Csr.
1345 2821 1519 2877 Apocal

107 2875 224 2923 XXI,
257 2874 320 2919 10-
353 2890 466 2930 seqq.
