1759 3134
228 122 312 171 308
524 125 742 169 Omessms
772 137 818 169 m
850 126 1032 169 CANrtc.
1063 125 1364 169 CAN‘rxconum

234 252 277 282 et
307 239 423 282 velut
451 255 529 281 nos
552 239 730 282 dicimus
754 241 982 292 rationalis,
1015 257 1120 298 quae
1150 242 1391 291 verborum,
1422 238 1650 281 dictorum-

234 336 316 375 que
356 319 523 360 videtur
561 319 776 361 continere
818 320 1021 371 rationes,
1061 320 1449 376 proprietatesque,
1499 329 1540 359 et
1574 318 1652 359 im-

231 396 526 453 proprietateS,
558 414 804 456 generaque,
836 410 876 440 et
896 400 933 455 ¹)
960 397 1133 455 species,
1164 409 1205 439 et
1223 397 1373 452 figuras
1392 396 1653 449 singulorum

234 490 405 531 quoque
437 476 616 517 edocere
647 476 879 519 dictorum:
922 494 1045 534 quam
1074 476 1221 533 utique
1253 473 1540 531 disciplinam,
1569 489 1655 514 non

234 562 320 592 tam
348 553 544 609 separari,
577 570 702 610 quam
732 555 860 597 inseri
891 555 1037 596 ceteris
1070 553 1266 596 convenit
1298 565 1339 595 et
1358 552 1497 594 intexi.
1556 551 1655 593 Mo-

232 629 330 670 ralis
360 642 502 672 autem
534 631 700 683 dicitur,
730 649 808 689 per
838 650 961 690 quam
992 650 1084 674 mos
1117 632 1283 674 vivendi
1313 630 1513 673 honestus
1542 640 1657 685 apta-

229 718 313 758 tur,
346 719 387 749 et
416 708 605 750 instituta
635 710 687 750 ad
708 709 909 751 virtutem
933 711 1149 752 tendentia
1168 720 1480 767 praeparantur.
1526 708 1657 749 Natu-

230 785 328 827 ralis
360 786 537 838 (licitur,
571 786 645 828 ubi
682 786 1007 846 uniuscujusque
1037 789 1099 830 rei
1127 801 1275 830 natura
1306 786 1539 838 discutitur,
1572 801 1655 842 quo

230 863 338 905 nihil
371 877 516 907 contra
544 877 736 907 naturam
767 878 933 920 geratur
955 867 999 924 ²)
1030 866 1071 908 in
1103 867 1202 918 vita,
1231 868 1303 908 sed
1323 864 1658 922 unumquodque

232 941 296 984 his
334 943 477 985 usibus
517 944 746 1001 deputetur
768 945 833 1001 ³),
878 944 921 986 in
968 961 1073 1001 quos
1113 962 1135 987 a
1174 957 1361 987 creatore
1399 943 1658 1000 productum

233 1032 307 1063 est.
367 1022 607 1079 Inspectiva
639 1022 816 1074 dicitur,
847 1039 928 1079 qua
957 1023 1212 1079 supergressi
1236 1022 1438 1074 visibilia,
1469 1022 1521 1063 de
1553 1018 1660 1061 divi-

232 1098 296 1140 nis
326 1099 489 1155 aliquid
519 1110 561 1140 et
592 1099 847 1141 coelestibus
869 1101 1222 1157 contemplamur,
1254 1117 1383 1158 eaque
1403 1100 1496 1141 sola
1517 1109 1658 1140 mente

230 1175 461 1228 intuemur,
493 1175 694 1234 quoniam
726 1192 981 1234 corporeum
1003 1178 1379 1236 supergrediuntur
1401 1179 1660 1235 adspectum.

231 1254 350 1296 Haec
377 1271 496 1309 ergo,
536 1267 586 1297 ut
613 1254 717 1296 mihi
748 1255 941 1308 videtur,
977 1256 1184 1314 sapientes
1216 1257 1372 1314 quique
1398 1257 1441 1314 ⁴)
1474 1255 1662 1298 Graeco-

234 1349 331 1374 rum
371 1346 507 1375 sumta
549 1351 571 1375 a
612 1333 865 1387 Salomone,
910 1345 1061 1392 utpote
1102 1336 1174 1392 qui
1213 1347 1348 1377 aetate
1388 1345 1429 1376 et
1465 1346 1661 1391 ternpore

234 1409 361 1465 longe
408 1423 502 1454 ante
550 1411 665 1468 ipsos
713 1412 835 1470 prior
875 1429 923 1454 ea
961 1430 1039 1470 per
1077 1413 1161 1455 Dei
1200 1414 1396 1471 spiritum
1435 1411 1662 1463 didicisset,

231 1500 431 1547 tanquam
477 1491 653 1548 propria
700 1490 867 1533 inventa
915 1491 1212 1548 protulerunt,
1262 1504 1302 1534 et
1351 1490 1663 1533 institutionum

234 1584 404 1609 suarum
436 1569 726 1611 voluminibus
756 1570 1085 1626 comprehensa,
1125 1570 1306 1627 posteris
1336 1570 1538 1612 tradenda
1566 1568 1666 1610 reli-

234 1663 376 1702 quere.
441 1647 528 1690 Sed
565 1647 690 1699 haec,
729 1659 776 1689 ut
808 1646 1008 1699 diximus,
1050 1648 1257 1690 Salomon
1298 1660 1390 1691 ante
1423 1664 1569 1690 omnes
1598 1646 1663 1688 in-

236 1725 374 1776 venit,
425 1736 468 1766 et
505 1725 654 1766 docuit
690 1741 770 1782 per
805 1725 1080 1783 sapientiam,
1130 1743 1256 1783 quam
1294 1726 1459 1784 accepit
1494 1743 1517 1768 a
1552 1726 1666 1776 Deo,

233 1801 343 1843 sicut
381 1802 589 1860 scriptum
631 1814 715 1845 est:
755 1814 837 1855 „et
860 1804 901 1861 ⁵)
942 1803 1060 1845 dedit
1087 1804 1206 1846 Deus
1244 1803 1516 1861 prudentiam
1544 1803 1667 1846 Salo-

232 1878 366 1932 moni,
401 1893 442 1922 et
472 1880 721 1938 sapientiam
749 1882 929 1923 multam
959 1882 1104 1934 valde,
1148 1893 1189 1924 et
1226 1881 1495 1924 latitudinem
1528 1880 1665 1923 cordis

232 1957 342 1999 sicut
383 1975 573 2011 arenam,
615 1976 721 2016 quae
763 1971 824 2001 est
862 1961 916 2001 ad
954 1977 1071 2002 oram
1100 1960 1240 2002 maris.
1298 1960 1355 2001 Et
1384 1959 1667 2016 multiplicata

234 2047 298 2077 est
327 2035 373 2077 in
404 2053 455 2078 eo
487 2037 691 2094 sapientia
719 2054 847 2095 super
877 2054 1022 2080 omnes
1053 2038 1247 2095 antiquos
1276 2037 1388 2079 filios
1428 2036 1665 2087 hominum,

234 2124 277 2153 et
318 2130 447 2171 super
486 2131 631 2157 omnes
673 2115 880 2172 sapientes
920 2115 1143 2174 Aegypti.“
1202 2115 1407 2157 Salomon
1447 2131 1544 2169 ergo
1579 2126 1663 2156 tres

231 2190 356 2243 istas,
402 2208 502 2248 quas
542 2209 667 2250 supra
710 2192 889 2234 diximus
930 2192 1142 2246 generales
1184 2208 1271 2234 esse
1313 2192 1576 2250 disciplinas,
1620 2192 1664 2233 id

237 2281 322 2321 est,
349 2270 579 2322 moralem,
609 2271 846 2314 naturalem
865 2270 908 2328 ⁶)
940 2283 982 2312 et
1010 2270 1299 2327 inspectivam,
1329 2271 1583 2325 distinguere
1612 2272 1665 2312 ab

181 2393 185 2396 ‚
234 2347 440 2401 invicem,
479 2365 531 2390 ac
568 2365 784 2392 secernere
824 2348 995 2403 volens,
1042 2348 1173 2392 tribus
1214 2366 1281 2392 eas
1321 2349 1477 2393 libellis
1517 2349 1664 2400 edidit,

354 2534 396 2591 ¹)
425 2534 560 2575 Deest
591 2540 701 2586 „et“
732 2534 776 2575 in
809 2533 904 2576 edd.
936 2535 997 2576 M.

350 2605 395 2662 ²)
425 2604 535 2647 Edd.
566 2604 762 2647 Merlini:
795 2618 1028 2659 generatur.

350 2673 394 2731 ³)
423 2675 534 2716 Edd.
565 2676 760 2717 Merlini:
794 2677 1034 2733 deputatur.

351 2746 405 2802 ⁴),
424 2745 533 2787 Edd.
566 2747 764 2788 Merlini:
794 2763 979 2804 quoque.

353 2815 397 2872 ⁵)
427 2816 447 2856 I
466 2815 594 2869 Regg.
627 2817 699 2867 IV,
730 2816 798 2860 29.
830 2817 897 2862 30.
927 2818 1018 2874 (ΙΙΙ
1036 2817 1188 2873 Regg.)

351 2886 398 2940 e)
429 2884 539 2928 Edd.
570 2887 768 2929 Merlini:
803 2899 843 2929 et
873 2887 1120 2930 naturalem.
