1759 3134
693 113 945 156 Pnozocns.
1445 121 1526 167 311

97 227 273 271 Domini
302 226 569 283 sapientiam,
609 226 856 280 investigare
895 224 1137 278 diligentius
1166 228 1348 284 poterit,
1389 242 1430 272 et
1459 232 1524 274 in..

96 303 260 346 venire:
299 303 335 346 si
373 314 513 346 tamen
554 315 667 346 recte
699 302 944 361 quaesierit,
986 314 1028 343 et
1058 321 1259 360 quaerens
1289 308 1523 364 pulsaverit

97 381 252 423 ostium
291 380 542 437 sapientiae,
585 391 732 437 petens
770 397 793 421 a
830 381 953 431 Deo,
998 393 1045 421 ut
1082 383 1295 438 aperiatur
1331 385 1433 438 sibi,
1478 399 1521 429 et

94 470 304 501 mereatur
345 458 536 515 accipere
573 473 651 513 per
679 456 887 513 Spiritum
927 469 1119 500 sanctum
1148 462 1326 503 verbum
1355 463 1520 520 sapien-

95 537 197 587 tiae,
227 537 406 578 verbum
435 535 652 586 scientiae,
684 534 859 591 fierique
890 536 1102 593 particeps
1132 537 1248 580 illius
1277 540 1520 596 sapientiae,

95 631 201 671 quae
232 614 421 657 dicebat:
461 613 773 665 „extendebam
797 612 838 669 1)
882 613 993 655 enim
1030 616 1160 657 verba
1196 632 1311 668 mea,
1353 629 1395 659 et
1432 636 1518 662 non

93 692 366 734 audiebatis.“
422 692 478 733 Et
515 690 669 732 merito
711 691 934 733 extendere
972 708 1015 734 se
1055 692 1160 734 dixit
1187 696 1316 736 verba
1354 693 1399 737 in
1430 695 1518 755 ejus

94 771 237 820 corde,
268 769 336 811 cui
368 767 532 811 dederit
559 768 691 818 Deus,
721 767 829 809 sicut
858 786 984 826 supra
1013 769 1217 822 diximus,
1248 771 1516 816 latitudinem

93 846 245 887 cordis.
302 845 517 888 Dilatatur
543 861 724 902 namque
754 844 869 887 illius
902 862 996 896 cor,
1037 847 1110 903 qui
1138 860 1282 905 potest
1311 866 1382 902 ea,
1413 867 1521 908 quae

92 922 277 965 breviter
313 922 358 964 in
397 921 605 981 mysteriis
644 921 756 964 dicta
794 933 911 974 sunt,
951 923 1102 966 latiore
1140 926 1331 970 doctrina
1370 929 1519 971 sumtis

92 1017 143 1041 ex
180 997 466 1041 voluminibus
505 998 656 1041 divinis
694 999 991 1042 assertionibus
1038 1002 1272 1059 explanare.
1334 1006 1520 1064 Oportet

91 1077 216 1130 igitur
267 1077 500 1119 secundum
550 1078 656 1120 banc
712 1079 889 1120 eandem
934 1078 1232 1135 sapientissimi
1276 1083 1520 1126 Salomonis

92 1153 331 1196 doctrinam
371 1170 487 1206 eum,
531 1155 604 1211 qui
643 1155 890 1212 sapientiam
920 1155 1027 1198 scire
1058 1157 1291 1212 desiderat,
1329 1161 1519 1219 incipere

91 1233 143 1274 ab
173 1231 410 1274 eruditione
439 1232 615 1284 morali,
653 1244 694 1274 et
722 1233 960 1288 intelligere
990 1234 1123 1288 illud,
1163 1239 1280 1295 quod
1313 1240 1520 1296 scriptum

95 1322 177 1353 est:
208 1309 473 1367 „concupisti
486 1311 528 1369 ²)
559 1310 820 1367 sapientiam,
850 1328 970 1354 serva
999 1315 1208 1367 mandata,
1240 1329 1281 1358 et
1304 1317 1516 1359 Dominus

94 1388 208 1430 dabit
240 1404 332 1429 eam
359 1387 480 1430 tibi.“
541 1388 611 1431 Ob
642 1389 724 1429 hoc
754 1389 951 1442 magister
980 1390 1062 1442 hic,
1093 1392 1165 1448 qui
1195 1393 1355 1449 primus
1378 1394 1517 1436 homi-

89 1483 161 1510 nes
210 1465 394 1507 divinam
440 1465 757 1522 philosophiam
806 1467 952 1519 docet,
1001 1469 1142 1526 operis
1186 1470 1252 1512 sui
1295 1472 1516 1514 exordium

92 1544 418 1603 proverbiorum
447 1543 592 1600 posuit
621 1543 839 1595 libellum,
871 1545 914 1586 in
947 1562 1046 1602 quo,
1075 1558 1123 1588 ut
1153 1547 1346 1600 diximus,
1376 1566 1515 1592 mora-

91 1624 141 1665 lis
180 1622 360 1665 traditur
397 1622 538 1663 locus:
583 1633 632 1662 ut
679 1638 775 1663 cum
811 1623 1054 1675 intellectu,
1101 1625 1376 1684 moribusque
1424 1628 1517 1685 quis

91 1700 347 1759 profecerit,
386 1699 526 1740 veniat
566 1698 692 1740 etiam
731 1700 783 1740 ad
825 1699 1025 1741 naturalis
1059 1699 1362 1757 intelligentiae
1394 1705 1517 1748 disci-

90 1780 274 1836 plinam,
319 1789 443 1835 atque
490 1777 550 1819 ibi
595 1794 738 1819 rerum
779 1794 917 1819 causas
955 1790 1206 1837 naturasque
1245 1782 1518 1837 distinguens,

91 1868 287 1911 agnoscat
316 1856 540 1898 vanitatem
562 1856 607 1911 3)
639 1856 984 1914 relinquendam,
1026 1858 1079 1899 ad
1108 1870 1276 1902 aeterna
1304 1873 1445 1904 autem
1476 1875 1519 1904 et

90 1947 296 1994 perpetua
324 1936 660 1992 properandum:
693 1946 735 1976 et
763 1934 862 1976 ideo
892 1946 991 1991 post
1021 1936 1255 1980 Proverbia
1283 1940 1336 1980 ad
1365 1940 1516 1983 Eccle-

89 2013 241 2056 siasten
271 2014 459 2065 venitur,
491 2013 563 2070 qui
594 2014 742 2064 docet,
775 2025 823 2054 ut
853 2012 1053 2064 diximus,
1085 2015 1268 2058 visibilia
1301 2018 1442 2060 omnia
1473 2031 1516 2060 et

91 2108 297 2149 corporea
338 2092 492 2134 caduca
535 2108 621 2133 esse
662 2102 703 2132 et
739 2090 924 2144 fragilia,
976 2108 1081 2148 quae
1125 2093 1272 2151 utique
1319 2112 1414 2137 cum
1457 2096 1515 2138 ita

90 2187 177 2213 csse
209 2170 535 2226 deprehenderit
553 2170 595 2226 ⁴)
626 2169 682 2221 is,
716 2169 788 2226 qui
818 2169 1045 2227 sapientiae
1074 2171 1227 2223 studet,
1258 2171 1346 2214 sine
1379 2173 1511 2216 dubio

90 2259 334 2291 contemnet
373 2264 442 2300 ea,
478 2266 526 2291 ac
564 2247 788 2306 despiciet,
834 2259 876 2289 et
910 2247 1130 2299 universo,
1175 2261 1223 2291 ut
1261 2249 1319 2292 ita
1356 2250 1509 2302 dicam,

90 2327 259 2369 saeculo
288 2328 551 2380 renuntians,
590 2328 738 2370 tendet
766 2328 819 2369 ad
848 2325 1075 2369 invisibilia
1105 2338 1147 2369 et
1175 2338 1365 2379 aeterna,
1400 2344 1508 2384 quae

92 2405 375 2464 spiritualibus
407 2406 578 2465 quidem
609 2405 817 2459 sensibus,
846 2405 921 2448 sed
950 2404 1164 2463 adopertis
1194 2421 1387 2449 amorum
1417 2404 1509 2463 qui-

213 2662 257 2717 ¹)
286 2661 412 2703 Prov.
445 2661 478 2710 I,
510 2659 579 2703 24.

208 2732 252 2788 ²)
284 2733 381 2788 Sap.
415 2730 546 2772 Sirac.
576 2731 610 2780 l,
638 2728 706 2774 25.
739 2729 1065 2790 (Ecclesiastic‚)

207 2803 251 2857 ³)
281 2801 389 2842 Edd.
420 2799 612 2842 Merlini:
652 2799 877 2843 vanitatem
907 2803 1136 2850 vanitatum
1171 2802 1509 2862 relinquendam.

209 2871 252 2928 ⁴²)
283 2871 390 2913 Edd.
419 2869 611 2915 Merlini:
652 2873 1034 2930 comprehenderit.
