1759 3134
239 179 322 219 >220
536 176 755 216 Ossrcssms
787 188 830 216 m
865 175 1045 218 CAwrtc.
1080 175 1380 219 Clam-monum

240 300 395 344 puncta
426 288 722 329 intersererem
764 289 829 330 illi
863 288 1003 345 operi,
1045 290 1159 345 quod
1192 290 1228 331 ei
1252 290 1288 346 ¹)
1323 307 1368 330 cx
1400 289 1488 330 auri
1520 290 1666 331 simili-

240 368 385 407 tudine
418 366 636 407 faciebant.
699 366 813 407 Haec
850 383 946 419 ergo
980 366 1102 407 amici
1134 367 1290 422 sponsi,
1322 367 1399 416 illi,
1433 369 1483 408 de
1517 369 1666 425 quibus

242 460 366 499 supra
397 443 597 494 diximus,
637 460 814 500 sponsae
847 443 1005 483 faciunt
1038 456 1293 485 ornamenta.
1354 444 1441 486 Sed
1483 445 1583 500 quid
1624 445 1666 486 in

244 523 305 562 his
345 522 496 562 secreti
529 521 812 572 contineatur,
860 533 899 561 ct
940 520 1042 577 quid
1082 520 1334 562 elocutionis
1374 522 1536 563 novitas
1579 522 1667 578 ipsa

241 601 469 656 parturiat,
502 599 806 655 omnipotentis
841 599 957 639 verbi
989 616 1035 640 ac
1065 599 1209 654 sponsi
1238 611 1401 655 patrem
1432 616 1668 655 precemur,

242 691 289 719 ut
318 678 408 735 ipse
448 677 571 718 nobis
602 676 739 717 arcani
772 676 891 734 hujus
925 678 1102 718 claustra
1133 676 1377 732 patefaciat,
1421 695 1505 734 quo
1535 679 1669 734 possi-

243 773 335 797 mus
372 773 459 797 non
499 755 637 796 solum
679 755 731 794 ad
769 754 1042 807 intelligenda
1081 754 1181 795 haec
1223 754 1473 807 illuminari,
1522 773 1668 797 verum

244 834 369 875 etiam
406 835 458 875 ad
495 833 765 890 proferenda,
795 835 1102 877 aclsecundum
1133 849 1371 874 mensuram
1403 851 1565 886 eorum,
1597 835 1667 891 qui

241 913 394 953 lecturi
430 923 549 962 sunt,
595 911 890 952 moderatione
913 911 955 968 2)
997 911 1157 967 eloquii
1194 910 1422 966 spiritualis
1462 913 1667 969 accipere.

240 990 346 1032 Auri
375 989 558 1048 speciem
600 989 641 1029 in
673 988 817 1030 multis
847 1005 971 1045 saepe
1011 989 1271 1030 ostendimus
1311 990 1484 1043 figuram
1523 1004 1668 1033 tenere

243 1067 524 1124 invisibilis3)
558 1079 597 1108 et
626 1067 905 1122 incorporeae
935 1079 1129 1108 naturae:
1163 1079 1381 1120 argentum
1412 1088 1512 1112 vero
1537 1070 1667 1112 virtu-

241 1158 327 1187 tem
360 1145 478 1186 verbi
506 1162 552 1186 ac
584 1144 778 1185 rationis:
824 1146 1057 1185 secundum
1095 1146 1212 1201 quod
1252 1156 1292 1185 et
1321 1143 1535 1184 Dominus
1567 1141 1668 1182 dicit

240 1241 319 1280 per
355 1223 631 1279 prophetam:
682 1222 820 1273 „dedi
837 1221 877 1279 ⁴)
910 1223 1030 1264 vobis
1061 1235 1278 1275 argentum
1311 1233 1352 1263 et
1379 1237 1546 1262 aurum:
1595 1234 1669 1259 vos

241 1314 382 1343 :tutem
413 1300 571 1342 fecistis
603 1312 795 1353 argentea
837 1312 878 1341 et
917 1317 1041 1341 aurea
1071 1300 1295 1341 Baalim:“
1338 1300 1561 1341 ostendens
1591 1313 1668 1354 per

240 1381 341 1421 haec
374 1391 414 1420 et
446 1379 612 1429 dicens,
645 1378 741 1435 quia
773 1378 871 1418 dedi
903 1379 1022 1419 vobis
1054 1395 1219 1419 sensum
1253 1389 1294 1418 et
1323 1377 1553 1427 rationem,
1589 1393 1668 1433 qua

240 1476 307 1499 me
328 1459 470 1499 Deum
496 1469 536 1498 et
567 1457 721 1498 sentire
753 1457 932 1512 possetis
965 1469 1005 1498 et
1037 1456 1198 1498 colere:
1232 1473 1305 1497 vos
1337 1467 1477 1497 autem
1507 1466 1549 1495 et
1577 1470 1669 1494 sen-

238 1555 331 1579 sum
364 1548 404 1577 et
432 1536 656 1585 rationem,
689 1551 794 1591 quae
824 1535 868 1575 in
901 1534 1020 1575 vobis
1053 1546 1126 1583 est,
1157 1534 1207 1574 ad
1240 1534 1419 1574 colenda
1448 1532 1669 1574 daemonia

238 1614 517 1657 transtulistis.
580 1614 665 1655 Sed
707 1624 748 1654 et
784 1611 1049 1668 „eloqui-1⁵)
1083 1611 1286 1661 Domini,
1333 1611 1502 1667 eloquia
1544 1622 1665 1658 casta,

237 1706 454 1745 argentum
493 1692 586 1744 igne
616 1691 843 1746 probatum
857 1696 880 1714 ‘⁴
922 1688 1086 1730 dicitur.
1146 1689 1201 1730 Et
1232 1689 1333 1729 item
1364 1690 1407 1730 in
1437 1689 1527 1730 aliis
1567 1706 1666 1739 „ar-

239 1785 409 1825 gentum
428 1771 470 1826 6)
503 1768 680 1821 ignitum
711 1768 810 1825 justi
846 1768 1023 1820 lingua“
1054 1779 1328 1809 memoratur.
1377 1766 1607 1809 Cherubim
1626 1768 1666 1822 ⁷)

241 1867 340 1891 vero
371 1865 497 1890 aurea
528 1847 746 1897 dicuntur,
780 1845 978 1901 quoniam
1012 1845 1183 1901 quidem
1214 1844 1438 1900 plenitudo
1471 1842 1667 1884 scientiae

238 1929 322 1969 Dei
363 1927 706 1982 interpretantur.
765 1924 853 1966 Sed
895 1935 936 1964 et
974 1923 1274 1964 candelabrum
1313 1922 1356 1963 in
1394 1922 1665 1964 tabernaculo

239 2004 471 2047 testimonii
502 2021 673 2045 aureum
705 2015 745 2044 et
776 2001 962 2044 solidum
992 2000 1099 2056 poni
1129 1999 1373 2058 jubebatur:
1415 2001 1532 2057 quod
1561 1999 1664 2041 mihi

239 2084 408 2124 videtur
436 2083 676 2138 formamss)
706 2093 849 2122 tenere
890 2078 1091 2120 naturalis
1122 2077 1246 2130 legis,
1284 2077 1326 2118 in
1366 2093 1445 2132 qua
1484 2079 1550 2118 lex
1588 2077 1665 2118 sci-

241 2162 375 2202 entiae
414 2161 602 2202 habetur.
671 2160 757 2201 Sed
808 2157 909 2215 quid
953 2174 1059 2213 opus
1109 2167 1189 2205 est,
1233 2155 1367 2195 multa
1415 2170 1663 2208 congregare

238 2237 504 2287 testimonia,
536 2253 631 2277 cum
661 2236 705 2276 in
735 2246 909 2292 promtu
939 2234 993 2275 sit
1022 2232 1127 2274 scire
1159 2231 1413 2282 volentibus,
1447 2232 1487 2273 in
1519 2232 1663 2273 multis

241 2316 484 2372 Scripturae
524 2312 629 2354 locis
670 2314 751 2354 hoc
790 2311 990 2362 indicari,
1041 2310 1156 2367 quod
1203 2326 1350 2351 aurum
1397 2310 1448 2351 ad
1497 2325 1661 2351 sensum

356 2521 396 2577 ¹)
428 2520 559 2560 Deest
589 2516 700 2568 ‚,ei“
729 2515 771 2557 in
804 2517 899 2558 edd.
931 2517 992 2558 ⁷M.

352 2589 396 2647 2)
426 2590 536 2631 Edd.
568 2589 630 2630 M.
661 2586 1083 2637 „moderatioiien1.“

353 2663 400 2716 ³)
431 2660 541 2701 Edd.
571 2658 631 2699 M.
664 2656 1018 2708 ‚,intelligibilis.“

353 2732 394 2784 ⁴)
430 2731 515 2773 Csr.
547 2729 651 2770 Hos.
685 2728 739 2777 II,
770 2727 809 2769 S.
840 2751 894 2759 —
925 2727 1033 2767 Edd.
1066 2726 1128 2767 M.
1160 2724 1440 2776 ‚,Bahalim.“

352 2803 395 2858 5)
429 2802 514 2843 Cfr.
545 2798 699 2840 Psalm.
731 2798 830 2847 XII,
861 2798 901 2840 6.
921 2820 971 2826 -
991 2797 1125 2837 Deest
1156 2795 1366 2845 ,‚dicitur“
1397 2793 1439 2834 in
1471 2793 1566 2833 edd.
1598 2792 1655 2833 M.

347 2875 390 2928 ⁶)
421 2873 547 2912 Prov.
578 2870 632 2919 X,
661 2868 728 2912 20.
852 2868 892 2924 7)
927 2868 1014 2912 Cfr.
1043 2867 1180 2907 Exod.
1213 2865 1434 2908 XXXVII.

346 2945 390 3000 ³)
421 2943 530 2983 Edd.
561 2940 622 2980 M.
656 2939 886 2989 ,‚locum.“
