1759 3134
671 135 868 176 HommA
897 134 969 174 lv.
1470 136 1524 178 57

113 258 403 303 paupertatem
433 246 676 296 memoriae,
704 255 881 301 propter
910 243 1064 296 ingenii
1090 244 1340 285 tarditatem.
1386 246 1524 288 Multa

114 336 220 373 sunt,
252 340 356 379 quae
388 322 577 364 condidit
592 324 708 363 Deus
727 320 1004 370 rationabilia,
1037 332 1077 360 et
1108 333 1202 362 sunt
1232 322 1408 378 capacia,
1438 340 1524 364 non

112 401 253 440 solum
292 400 549 456 principatus
589 410 630 439 et
666 409 915 454 potestates,
955 409 996 437 et
1034 408 1218 438 rectores
1255 401 1524 441 tenebrarum

110 476 302 527 istarum,
334 494 479 517 verum
509 476 633 517 etiam
663 487 704 515 et
734 475 776 515 in
806 475 983 515 meliore
1012 486 1130 530 parte
1161 476 1358 525 thronos,
1389 477 1525 517 domi-

111 553 324 603 nationes,
367 565 408 594 et
451 565 605 602 cetera,
644 568 748 608 quae
786 552 829 592 in
865 563 1010 592 nostro
1042 551 1263 591 intellectu
1292 552 1523 606 Apostolus

109 630 304 685 reliquit,
337 629 497 670 dicens:
537 640 614 678 „et
644 629 682 684 ¹)
715 645 840 684 super
871 644 995 668 omne
1024 644 1204 677 nornen,
1243 629 1359 683 quod
1387 629 1525 668 nomi-

109 717 250 755 natur,
289 723 375 746 non
412 705 552 746 solum
591 704 635 745 in
673 706 839 745 saeculo
871 705 975 755 isto,
1017 721 1162 745 verum
1193 716 1234 744 et
1264 703 1308 744 in
1337 705 1523 745 futur0.“

109 784 195 822 Aer
242 798 410 838 quoque
454 781 700 822 animalibus
744 776 893 838 plenus
938 794 1020 831 est,
1063 783 1295 823 secundum
1336 781 1524 840 ejusdem

111 859 311 914 Apostoli
357 858 670 908 testimonium,
719 859 1019 914 praedicantis:
1066 859 1143 910 „in
1169 858 1211 912 2)
1257 858 1405 914 quibus
1449 858 1524 899 ali-

110 936 277 991 quando
309 935 548 976 ambulastis
582 936 815 976 secundum
845 937 1059 977 saeculum
1096 937 1246 977 mundi
1282 934 1425 992 hujus,
1462 952 1524 976 se-

109 1013 292 1052 cundum
329 1011 566 1067 principem
604 1012 823 1068 potestatis
865 1025 906 1054 et
945 1013 1048 1054 aeris
1078 1013 1274 1069 spiritus,
1313 1011 1386 1067 qui
1413 1028 1525 1052 nune

109 1100 307 1144 operatur
345 1088 388 1128 in
427 1088 525 1129 filiis
565 1089 865 1131 diffidentiae.“
931 1090 1007 1131 Est
1045 1106 1141 1142 ergo
1183 1101 1315 1139 terra,
1358 1100 1398 1129 et
1433 1088 1526 1128 uni-

110 1182 227 1206 versa
242 1165 448 1215 animalia,
478 1178 518 1206 et
541 1182 618 1221 per
639 1179 777 1222 partes
802 1167 1046 1207 animalium
1070 1166 1301 1207 varietates.
1342 1164 1522 1219 Quando

112 1242 223 1282 enim
254 1242 488 1282 offenditur
516 1254 647 1293 terra,
690 1254 730 1283 et
766 1259 931 1283 rursum
974 1243 1210 1298 complacet
1247 1241 1327 1282 sibi
1362 1241 1405 1286 in
1434 1243 1525 1282 sab-

110 1318 214 1359 batis
235 1318 331 1367 suis,
361 1335 447 1359 non
473 1318 608 1359 omnis
633 1319 878 1368 offenditur,
901 1335 988 1359 non
1008 1319 1143 1360 omnis
1169 1319 1356 1359 exsultat.
1405 1318 1526 1372 Quo-

111 1396 338 1435 dammodo
372 1394 484 1434 enim
515 1395 678 1435 erudita
707 1407 768 1435 est
800 1412 895 1435 cum
923 1395 1225 1437 habitatoribus
1254 1395 1362 1445 suis,
1394 1406 1434 1435 et
1465 1395 1528 1435 di-

111 1471 214 1512 dicit
241 1472 422 1520 sabbata,
452 1471 538 1511 sive
573 1471 616 1511 in
645 1473 805 1522 umbra,
837 1472 922 1513 sive
952 1472 997 1513 in
1022 1471 1194 1513 veritate
1217 1471 1331 1530 juxta
1353 1483 1525 1512 naturae

111 1564 208 1588 suae
244 1564 363 1600 agere
405 1547 661 1604 qualitatem.
720 1548 844 1590 Unde
884 1549 1108 1590 sacratiore
1150 1550 1330 1605 quadam
1369 1548 1528 1589 intelli-

111 1624 247 1678 gentia
288 1625 561 1665 sabbatismus
610 1637 825 1666 exercetur
867 1637 967 1681 post
1009 1638 1170 1681 septem
1218 1641 1347 1665 annos
1390 1636 1526 1665 terrae

108 1712 295 1750 sanctae,
334 1701 469 1741 donec
511 1702 772 1756 complaceat
799 1702 894 1741 Deo
934 1700 978 1740 in
1014 1716 1061 1740 ea
1088 1701 1287 1742 habitare.
1348 1701 1396 1743 Si
1424 1718 1524 1742 vero

109 1788 351 1833 peccatores
380 1776 423 1817 in
454 1793 501 1817 ea
529 1777 708 1828 fuerint,
738 1776 820 1834 jam
850 1794 937 1818 non
966 1777 1076 1819 ultra
1106 1794 1184 1834 per
1211 1777 1460 1834 septimanas
1480 1780 1524 1833 3)

110 1870 336 1904 annorum,
375 1854 450 1893 sed
486 1869 564 1909 per
593 1855 851 1909 septuaginta
880 1866 990 1895 terra
1021 1856 1240 1895 sabbatum
1268 1855 1383 1907 gerit.
1442 1855 1528 1896 Ha-

108 1933 254 1972 bemus
293 1946 532 1971 sermonem
572 1931 624 1971 de
662 1931 922 1986 septuaginta
959 1931 1096 1981 annis,
1134 1943 1221 1972 tam
1259 1933 1372 1987 apud
1409 1933 1526 1973 Jere-

110 2008 235 2048 miam
258 2007 314 2064 ⁴),
345 2023 469 2063 quam
498 2008 612 2063 apud
643 2008 869 2048 Danielem
889 2009 930 2064 5)
959 2008 1109 2048 sanctis
1139 2007 1289 2048 litteris
1312 2009 1528 2062 consigna-

110 2097 226 2137 tum;
263 2096 304 2125 et
332 2085 523 2125 futurum
547 2082 634 2135 est,
672 2096 720 2125 ut
751 2085 794 2125 in
824 2084 893 2125 die
922 2083 1068 2142 judicii
1096 2100 1184 2125 non
1212 2085 1352 2126 solum
1381 2086 1526 2136 homo,

111 2163 187 2203 sed
218 2161 344 2202 etiam
371 2161 565 2202 universa
596 2161 781 2202 conditio
812 2161 1032 2220 judicetur.
1092 2162 1270 2212 „Omnis
1294 2164 1336 2219 6)
1370 2163 1526 2219 quippe

114 2251 301 2280 creatura
337 2238 628 2291 congemiscit,
676 2251 716 2279 et
757 2240 1000 2280 condolet.“
1068 2239 1116 2281 Si
1162 2239 1296 2280 omnis
1341 2252 1528 2282 creatura

113 2315 381 2368 congemiscit
412 2327 452 2355 et
483 2316 696 2366 condolet,
729 2327 789 2356 est
818 2328 958 2357 autem
990 2328 1271 2369 creaturarum
1297 2334 1393 2372 pars
1417 2330 1526 2358 terra

114 2404 155 2433 et
193 2393 380 2442 coelum,
419 2404 460 2432 et
499 2404 635 2432 cetera
675 2409 884 2449 quaeque,
925 2410 1030 2450 quae
1067 2395 1144 2435 sub
1178 2394 1299 2435 coelo
1330 2406 1445 2443 sunt,
1487 2406 1527 2435 et

115 2486 218 2524 quae
258 2486 383 2524 super
423 2469 586 2518 coelos,
636 2481 677 2509 et
716 2470 999 2520 „liberabitur
1020 2471 1062 2526 ⁷)
1105 2471 1240 2512 omnis
1281 2483 1467 2512 creatura
1503 2488 1526 2511 a

233 2636 273 2691 ¹)
303 2635 455 2689 Ephes.
489 2636 521 2684 Ι,
550 2635 619 2679 21-
738 2638 780 2694 ²)
809 2639 963 2694 Ephes.
995 2640 1050 2689 II,
1080 2639 1118 2682 2.

231 2706 274 2760 ³)
304 2704 413 2744 Edd.
445 2704 640 2745 Merlini:
671 2719 832 2762 septem
861 2708 997 2749 millia
1027 2725 1245 2750 annorum.

234 2774 276 2828 ⁴)
310 2773 395 2814 Cfr.
427 2773 581 2815 Jerem.
612 2776 747 2817 XXV.
867 2780 908 2834 ⁵)
942 2779 1028 2821 Cfr.
1058 2780 1168 2821 Dan.
1199 2780 1273 2820 IX.

233 2844 275 2899 ⁶)
305 2845 429 2885 Rom.
464 2845 584 2895 VIII,
614 2844 680 2887 22.
802 2847 843 2902 ⁷)
873 2848 998 2888 Rom.
1028 2849 1148 2899 VIII,
1176 2849 1242 2892 21.
