1759 3134
253 117 337 160 422
552 116 773 156 Omessms
803 128 848 155 m
882 115 1064 156 CANTIC.
1099 115 1400 156 CANnconUM

257 232 359 271 Istas
402 245 499 282 ergo
538 227 837 269 similitudines
888 226 977 268 auri
1027 228 1220 267 fecerunt
1264 242 1441 282 sponsae
1484 226 1681 267 ecelesiae

259 307 403 363 sponsi
433 306 578 355 amici,
613 305 750 357 angeli
781 305 981 346 videlicet
1013 315 1054 344 et
1082 303 1339 359 prophetae:
1377 303 1449 358 qui
1480 303 1686 345 ministra-

260 395 409 425 verunt
437 383 480 424 in
511 384 602 435 lege
637 383 871 439 ceterisque
909 380 1130 438 mysteriis.
1190 380 1387 434 Hae-2¹),
1430 380 1606 437 opinor,
1647 392 1687 423 et

257 461 414 503 Paulus
445 460 700 514 intelligens,
731 460 919 502 dicebat:
954 457 1084 512 „in²)
1115 457 1322 511 religione
1352 458 1612 511 angelorum,
1644 458 1683 500 in

257 538 340 588 his,
379 553 484 596 quae
524 554 612 580 non
651 536 788 587 videt,
830 538 985 578 frustra
1020 535 1187 577 inflatus
1218 552 1340 577 sensu
1372 536 1504 577 carnis
1535 542 1684 578 suae.“

259 614 410 658 Omnis
451 631 549 668 ergo
588 614 779 673 judaicus
821 613 957 655 cultus
997 624 1038 655 et
1077 612 1227 666 religio
1267 612 1563 656 similitudines
1592 625 1688 656 sunt

256 693 357 734 auri.
420 693 529 735 Cum
560 703 702 734 autem
735 707 960 732 conversus
991 690 1122 732 fuerit
1151 690 1242 747 quis
1274 692 1327 732 ad
1356 691 1616 741 Dominum,
1647 703 1688 734 et

255 771 444 811 ablatum
485 770 616 811 fuerit
660 771 711 810 ab
752 785 803 810 eo
846 769 1061 819 velamen,
1100 780 1201 810 tunc
1244 768 1405 810 videbit
1440 785 1588 810 aurum
1618 785 1688 809 ve-

255 865 371 889 rum:
421 847 537 905 cujus
568 847 670 897 auri,
703 859 925 903 antequam
955 848 1140 897 adesset,
1191 857 1232 887 et
1263 848 1605 899 cognoscendum
1644 864 1687 889 se

255 927 501 982 praeberet,
543 924 841 966 similitudines
872 926 1065 966 fecerunt
1103 940 1283 980 sponsae
1325 924 1450 966 amici
1491 923 1602 981 ejus,
1642 937 1688 966 ut

259 1019 306 1044 ex
337 1003 422 1044 illis
453 1002 802 1045 similitudinibus
834 1001 1095 1043 commonita
1136 1013 1176 1043 et
1203 1013 1448 1059 provocata,
1479 1002 1570 1043 veri
1600 1001 1689 1043 auri

258 1081 516 1122 desiderium
566 1091 746 1135 caperet.
816 1080 913 1120 Hoc
954 1078 1067 1119 enim
1119 1079 1280 1120 factum
1323 1078 1481 1120 indicat
1518 1080 1689 1130 Paulus,

257 1176 354 1200 cum
395 1158 516 1200 dicit:
562 1157 756 1212 „haee³)
800 1168 941 1197 autem
992 1155 1035 1197 in
1073 1156 1206 1208 figura
1255 1156 1554 1209 contingebant
1590 1156 1687 1198 illis.

257 1234 425 1291 Scripta
455 1247 598 1276 autem
625 1246 719 1276 sunt
749 1245 929 1290 propter
957 1250 1056 1284 nOS,
1086 1233 1128 1274 in
1161 1250 1267 1290 quos
1297 1233 1391 1276 finis
1421 1235 1689 1276 saeculorum

257 1313 468 1355 devenit.“
528 1314 616 1355 Sed
632 1313 674 1367 ⁴)
720 1324 761 1353 et
800 1313 952 1362 finem,
992 1327 1119 1367 quem
1161 1310 1265 1353 dicit.
1295 1311 1476 1363 Paulus,
1513 1329 1599 1354 non
1628 1314 1689 1355 ina

254 1391 420 1443 telligas
452 1390 795 1446 corporalem.5)
855 1389 972 1431 Finis
1005 1389 1118 1430 enim
1160 1390 1393 1446 corporalis
1430 1391 1589 1432 multos
1627 1391 1690 1432 in-

258 1468 422 1519 veniet,
466 1486 546 1525 pro
581 1469 731 1525 quibus
769 1485 857 1509 non
894 1479 990 1508 sunt
1029 1467 1183 1524 scripta
1222 1469 1347 1510 haec:
1395 1485 1534 1525 neque
1576 1468 1686 1510 enirn

256 1546 501 1604 hujusmodi
543 1548 595 1588 de
635 1546 698 1587 his
728 1545 936 1602 recipient
973 1545 1250 1587 intellectum.
1312 1546 1398 1588 Sed
1436 1546 1565 1586 finem
1601 1563 1689 1588 sae—

258 1624 466 1675 culorum,
498 1623 810 1681 perfectionem
841 1639 984 1664 rerum
1013 1621 1217 1675 intellige,
1249 1640 1355 1679 quae
1384 1623 1532 1680 utique
1551 1624 1686 1665 Paulo

257 1714 298 1743 et
327 1702 538 1744 similibus
571 1702 658 1761 ejus
691 1701 929 1751 advenisse,
979 1712 1020 1742 et
1049 1711 1227 1757 propter
1257 1699 1372 1756 ipsos
1402 1700 1557 1758 scripta
1586 1703 1689 1743 haee

257 1797 343 1823 esse
385 1780 594 1822 dicuntur.
664 1782 751 1822 Sed
799 1780 900 1821 haec
946 1778 989 1819 in
1037 1794 1213 1819 excursu
1261 1776 1453 1829 diximus,
1496 1779 1687 1822 volentes

257 1861 500 1910 ostendere,
533 1859 754 1917 quomodo
786 1857 910 1899 amici
940 1856 1086 1914 sponsi
1117 1856 1258 1898 dicant
1288 1858 1340 1898 ad
1369 1873 1589 1913 sponsam,
1627 1860 1687 1900 fa-

256 1954 351 1980 cere
381 1954 424 1980 se
458 1938 496 1980 ei
536 1936 836 1980 similitudines
875 1934 967 1976 auri
1009 1952 1105 1976 cum
1145 1934 1486 1977 distinctionibus
1527 1937 1685 1990 argenti

252 2032 331 2071 per
361 2032 408 2057 ea
437 2016 619 2067 scilicet,
661 2032 766 2073 quae
798 2015 840 2056 in
873 2015 965 2067 lege
997 2025 1039 2054 et
1068 2013 1289 2070 prophetis
1320 2030 1398 2070 per
1425 2015 1598 2068 figuras,
1642 2027 1682 2056 et

253 2092 474 2146 imagines,
520 2106 561 2136 et
590 2093 909 2143 similitudines,
955 2104 997 2133 et
1024 2092 1270 2148 parabolaS,
1315 2091 1469 2147 scripta
1498 2092 1683 2133 tradide-

252 2183 362 2213 runt.
423 2173 531 2214 Sunt
559 2184 701 2228 tamen
730 2172 774 2213 in
803 2171 866 2213 his
898 2183 940 2211 et
968 2186 1122 2226 parvae
1153 2170 1360 2225 quaedam
1391 2169 1679 2212 distinctiones

252 2250 425 2303 argenti,
455 2249 611 2291 indicia
641 2250 802 2292 scilicet
831 2265 974 2290 sensus
997 2247 1225 2303 spiritualis
1258 2248 1375 2289 verbi
1406 2259 1448 2289 et
1477 2248 1684 2306 interpre-

377 2476 414 2528 ¹)
447 2476 556 2516 Edd‚
588 2475 784 2516 Merlini:
819 2476 999 2524 „Hoc.“

369 2546 411 2599 ²)
445 2547 531 2589 Cfr.
567 2546 732 2587 Coloss.
764 2547 821 2596 II,
853 2546 917 2589 18.
952 2572 1002 2578 —-
1048 2545 1157 2587 Edd.
1189 2546 1251 2586 M.
1284 2562 1418 2601 „quae
1451 2547 1581 2596 mlt,“
1614 2548 1677 2588 ed.

253 2603 409 2645 Ruaei:
441 2635 465 2653 „
484 2620 588 2659 quae
620 2603 746 2645 videt.
765 2609 788 2627 “

368 2674 411 2730 ³)
442 2674 580 2716 ICor.
610 2675 664 2725 X,
697 2673 762 2718 11.

367 2744 409 2800 ⁴²)
441 2744 550 2786 Edd.
581 2745 642 2787 M.
675 2746 797 2795 „Sed
831 2747 882 2787 de
913 2747 997 2788 fine
1029 2745 1202 2802 quidem
1234 2744 1350 2802 quod
1381 2742 1519 2784 dicit“
1551 2754 1629 2786 etc.

366 2814 410 2870 5)
441 2815 560 2912 MssR
582 2817 911 2872 ,‚temporalem.
971 2816 1091 2859 Finis
1131 2816 1243 2858 enirn
1280 2814 1528 2871 temporalis
1567 2814 1675 2855 mul-

250 2876 353 2912 tos“
387 2883 461 2912 etc.
490 2882 507 2902 0
565 2904 572 2913 .
