1759 3134
256 111 338 158 144
463 160 465 162 ,
658 114 878 157 Omonms
907 127 952 156 m
981 113 1278 158 EzEcnmtEm

261 241 345 270 tam
374 227 560 275 robusta,
591 236 716 282 q'uam
746 228 897 279 suerat,
930 244 1024 269 cum
1054 227 1201 269 suisset
1233 228 1276 269 in
1307 228 1428 270 vinea
1456 229 1540 271 Dei
1571 244 1611 273 et
1640 233 1682 273 in

259 318 368 347 terra
408 315 570 355 sancta,
607 306 681 345 ubi
726 307 928 348 sacrificia
967 305 1051 347 Dei
1093 306 1380 357 celebrantur,
1419 308 1493 348 sed
1523 321 1610 350 erat
1638 310 1680 350 in

257 384 476 440 Babylone
505 383 546 438 ¹)
590 383 786 425 translata
815 385 912 425 vitis
940 385 1116 425 infirma.
1177 384 1254 425 His
1277 385 1320 440 ²)
1352 384 1409 426 ita
1438 385 1581 437 gestis,
1620 387 1682 428 in-

258 474 322 502 ter
351 461 615 502 Pharaonem
642 477 785 514 regern
811 461 1004 519 Aegypti,
1037 473 1077 501 et
1107 462 1510 504 Nabuchodonosor
1538 480 1678 516 regem

258 537 509 596 Babylonis,
548 538 711 579 bellum
751 551 892 579 ortum
938 551 1010 580 est.
1070 539 1202 590 Igitur
1233 540 1443 595 populus,
1487 541 1558 597 qui
1590 559 1685 583 cum

258 616 424 669 regibus
463 616 546 657 suis
587 632 635 656 ac
673 616 804 671 stirpe
837 616 1091 671 optimatum
1121 617 1171 656 ab
1202 617 1381 674 Assy-iis
1412 618 1550 659 fuerat
1580 620 1686 660 affli-

262 705 371 744 ctus,
402 706 569 749 reperta
600 694 842 743 occasione,
874 711 954 749 qua
984 693 1128 751 jugum
1158 695 1555 737 Nabuchodonosor
1585 697 1686 755 abji-

259 783 386 821 ceret,
417 783 458 812 et
489 771 575 828 ejus
605 771 786 827 imperio
819 771 1095 821 liberaretur,
1126 771 1271 813 intulit
1298 789 1342 813 se
1373 774 1425 813 ad
1461 776 1685 815 secundam

258 849 441 905 aquilam
470 849 693 900 grandem,
724 865 968 901 magnarum
999 850 1182 900 alarum,
1219 849 1264 890 id
1296 861 1377 900 cst,
1407 850 1684 894 Pharaonem.

258 926 428 967 Deinde
464 926 524 967 sic
564 925 712 967 ordine
755 938 946 968 currente
988 944 1151 977 rerum,
1191 927 1288 982 quia
1317 928 1433 969 Deus
1463 944 1549 969 non
1579 929 1687 970 Pha-

259 1004 380 1045 raoni
408 1003 660 1054 tradiderat,
703 1005 776 1045 sed
805 1005 1226 1055 Nabuchodonosor,
1267 1016 1308 1045 et
1345 1005 1409 1046 illi
1446 1022 1532 1047 non
1565 1007 1686 1047 susti-

257 1093 404 1122 nentes
432 1080 638 1138 judicium
670 1093 712 1122 et
740 1081 969 1137 imperium
999 1080 1109 1138 erS,
1142 1094 1404 1123 excusserant
1431 1082 1574 1141 jugum
1605 1085 1687 1125 Na-

257 1159 592 1199 buchodonosor
625 1157 676 1196 de
708 1157 941 1198 cervicibus
971 1157 1054 1198 suis
1072 1189 1082 1207 ‚
1115 1170 1156 1198 et
1185 1159 1238 1198 ad
1267 1158 1529 1200 Pharaonem
1557 1172 1689 1202 trans-

256 1235 384 1288 gressi
413 1235 603 1282 fuerant,
632 1232 692 1274 ira
720 1233 806 1273 Dei
836 1242 963 1289 super
995 1249 1066 1274 eos
1096 1234 1266 1286 ingruit,
1299 1247 1339 1276 ct
1370 1242 1517 1277 contra
1548 1238 1685 1278 evenit

258 1329 385 1369 quam
420 1322 682 1368 putaverant.
743 1311 930 1366 Oportet
968 1311 1127 1367 quippe
1166 1328 1283 1363 eum,
1325 1313 1397 1369 qui
1435 1330 1458 1354 a
1486 1314 1582 1355 Deo
1616 1316 1686 1355 da-

256 1402 438 1440 mnatur,
466 1405 553 1429 non
582 1389 727 1441 fugere
758 1388 1008 1430 sententiam
1042 1389 1142 1447 ejus,
1171 1406 1249 1431 nec
1281 1391 1547 1432 voluntatem
1575 1392 1684 1450 judi-

259 1467 388 1508 cantis
417 1466 529 1507 velle
560 1477 747 1515 mutare,
776 1481 925 1506 verum
953 1466 1255 1522 patientissime
1285 1469 1488 1510 sustinere
1505 1502 1517 1519 ‚
1551 1470 1685 1511 donec

258 1545 348 1600 ipse
377 1544 495 1585 Deus
527 1543 701 1592 liberet,
733 1542 806 1598 qui
836 1543 1061 1585 damnavit.
1120 1545 1265 1597 Igitur,
1299 1546 1394 1602 quia
1423 1547 1477 1586 ad
1504 1546 1688 1587 Pharao-

257 1639 356 1663 nem
388 1620 601 1662 transtulit
629 1636 673 1661 se
702 1620 914 1675 populus,
955 1621 1211 1676 relinquitur
1239 1624 1290 1663 ab
1321 1623 1478 1664 auxilio
1508 1624 1614 1674 Dei,
1646 1636 1687 1664 ct

258 1700 407 1757 pejora
436 1697 616 1754 patitur,
657 1713 784 1753 quam
817 1708 912 1737 ante
941 1713 1166 1753 perpessus
1196 1711 1258 1740 est
1287 1716 1310 1740 a
1342 1701 1687 1742 Nabuchodono-

258 1793 342 1818 sor.
401 1775 600 1816 Diximus
628 1773 888 1814 solutionem
917 1776 1145 1829 parabolae
1176 1775 1289 1833 juxta
1319 1776 1526 1827 litteram,
1560 1789 1601 1818 et
1630 1777 1689 1828 id,

262 1854 379 1909 quod
407 1852 611 1908 scriptum
644 1863 725 1892 est:
756 1851 946 1907 sequitur
976 1852 1124 1893 durior
1152 1853 1467 1911 interpretatio,
1508 1866 1548 1895 et
1579 1855 1690 1895 diffi-

262 1931 353 1972 cilis
385 1931 437 1971 ad
466 1929 815 1981 intelligendum,
845 1930 1077 1970 secundum
1109 1947 1255 1972 verum
1278 1928 1687 1981 Nabuchodonosor,

379 2077 418 2127 ¹)
448 2075 559 2116 Edd.
590 2074 786 2117 Merlini:
815 2075 1092 2133 Babylonem.

379 2147 419 2202 ¹)
453 2145 632 2187 Catenae
661 2144 762 2187 Mss.
803 2142 881 2199 ,,Ὁ
912 2143 1119 2200 δεύτερος
1155 2145 1284 2196 ἀετὸς
1315 2147 1338 2190 ὂ
1374 2144 1546 2204 Φαραώ
1578 2148 1685 2193 ἔστι.

262 2208 430 2274 Ts‘y'ous
469 2216 520 2258 δὲ
558 2213 757 2271 πόλεμος
792 2217 870 2258 τοῦ
906 2212 1078 2273 Φαραώ
1107 2216 1220 2271 πρὸς
1249 2214 1684 2275 Ναβουχοδονόσορ-

263 2291 342 2332 καὶ
379 2282 630 2343 λαβόμενος
671 2283 890 2344 ἀφορμῆς
935 2285 957 2330 ὁ
1002 2285 1109 2335 λαὸς
1151 2285 1381 2343 ἠβουλήθη
1434 2286 1689 2345 ἀφηνιάσαι

263 2355 355 2401 ὑπὸ
386 2358 466 2400 τοῦ
499 2357 634 2411 ζυγοῦ
664 2362 748 2398 ‘cov'
775 2353 1218 2415 Ναβουχοδονόσορ·
1250 2360 1311 2407 εἷς
1343 2354 1395 2401 ὃν
1424 2359 1690 2414 παρέδωκεν

265 2425 289 2472 ὁ
327 2423 435 2474 θεὸς
474 2423 638 2473 ἀὐτοὺς
675 2422 752 2468 διὰ
792 2425 873 2474 τὰς
910 2423 1133 2484 ἕμαρτίας
1161 2427 1335 2472 αὐτῶν·
1379 2431 1455 2471 καὶ
1483 2443 1687 2485 προσγε-

263 2499 427 2542 νέσθαι
464 2497 525 2551 τῷ
567 2497 688 2552 ζυγῷ
727 2498 807 2538 τοῦ
844 2495 1017 2555 Φαραὼ
1066 2496 1118 2541 οὐ
1163 2496 1277 2541 κατὰ
1315 2496 1534 2554 βούλησιν
1575 2501 1685 2542 θεοῦ

262 2568 552 2626 ἠρετίσαντο,
593 2568 669 2608 καὶ
700 2565 802 2622 οὐχὶ
833 2570 895 2623 τῷ
926 2570 1006 2612 τοῦ
1035 2571 1147 2612 θεοῦ
1176 2571 1369 2635 μᾶλλον.
1430 2567 1521 2611 Διὰ
1551 2571 1681 2611 τοῦτο

263 2633 496 2695 δεινότερα
531 2639 768 2679 πείσονται
802 2635 928 2694 παρὰ
971 2641 1051 2682 τοῦ
1085 2637 1256 2695 Φαραώ
1299 2640 1390 2682 τῶν
1431 2635 1556 2694 παρὰ
1601 2641 1682 2680 τοῦ

265 2703 695 2763 Ναβουχοδονόσορ.
747 2709 898 2750 Ταῦτα
935 2708 985 2750 δὲ
1009 2711 1113 2764 περὶ
1132 2712 1214 2752 τοῦ
1233 2711 1347 2753 λαοῦ
1373 2706 1686 2765 ὑπολειφθέν-

267 2795 361 2832 τος,
393 2779 470 2820 καὶ
498 2779 576 2820 τοῦ
606 2780 861 2834 ληφθέντος
888 2776 978 2823 ὑπὸ
1011 2782 1090 2824 τοῦ
1115 2775 1543 2837 Ναβουχοδονόσορ,
1575 2778 1688 2822 κατὰ

264 2847 314 2893 τὸ
345 2844 528 2909 ῥητόν,“
584 2847 767 2891 Βηᾶειιεε
