<?xml version="1.0" encoding="UTF-8"?>
<!DOCTYPE html PUBLIC "-//W3C//DTD XHTML 1.0 Transitional//EN"
    "http://www.w3.org/TR/xhtml1/DTD/xhtml1-transitional.dtd">
<html xmlns="http://www.w3.org/1999/xhtml" xml:lang="en" lang="en">
 <head>
  <title>
</title>
<meta http-equiv="Content-Type" content="text/html;charset=utf-8" />
  <meta name='ocr-system' content='tesseract 3.04.00' />
  <meta name='ocr-capabilities' content='ocr_page ocr_carea ocr_par ocr_line ocrx_word'/>
</head>
<body>
  <div class='ocr_page' id='page_1' title='image "./operaomniaquaegr14orig_0440.png"; bbox 0 0 1759 3134; ppageno 0'>
   <div class='ocr_carea' id='block_1_1' title="bbox 244 129 1387 173">
    <p class='ocr_par' dir='ltr' id='par_1_1' title="bbox 244 129 1387 173">
     <span class='ocr_line' id='line_1_1' title="bbox 244 129 1387 173; baseline 0 -1"><span class='ocrx_word' id='word_1_1' title='bbox 244 130 327 172; x_wconf 64' lang='lat'>421</span> <span class='ocrx_word' id='word_1_2' title='bbox 542 130 762 171; x_wconf 72' lang='lat' dir='ltr'>Omossms</span> <span class='ocrx_word' id='word_1_3' title='bbox 794 143 839 171; x_wconf 71' lang='lat' dir='ltr'>m</span> <span class='ocrx_word' id='word_1_4' title='bbox 871 129 1051 172; x_wconf 66' lang='lat' dir='ltr'>CANrm.</span> <span class='ocrx_word' id='word_1_5' title='bbox 1087 129 1387 173; x_wconf 68' lang='lat' dir='ltr'>CAxrmoaUM</span> 
     </span>
    </p>
   </div>
   <div class='ocr_carea' id='block_1_2' title="bbox 240 241 1681 2326">
    <p class='ocr_par' dir='ltr' id='par_1_2' title="bbox 240 241 1681 2326">
     <span class='ocr_line' id='line_1_2' title="bbox 248 241 1675 303; baseline 0.004 -21"><span class='ocrx_word' id='word_1_6' title='bbox 248 243 508 292; x_wconf 82' lang='lat' dir='ltr'>velabantur,</span> <span class='ocrx_word' id='word_1_7' title='bbox 540 241 715 283; x_wconf 87' lang='lat' dir='ltr'>scissum</span> <span class='ocrx_word' id='word_1_8' title='bbox 746 255 806 284; x_wconf 87' lang='lat' dir='ltr'>est</span> <span class='ocrx_word' id='word_1_9' title='bbox 839 244 1059 284; x_wconf 82' lang='lat' dir='ltr'><strong>desursum</strong></span> <span class='ocrx_word' id='word_1_10' title='bbox 1091 243 1178 299; x_wconf 78' lang='lat' dir='ltr'>ejus</span> <span class='ocrx_word' id='word_1_11' title='bbox 1202 260 1332 300; x_wconf 89' lang='lat' dir='ltr'>usque</span> <span class='ocrx_word' id='word_1_12' title='bbox 1361 245 1574 296; x_wconf 79' lang='lat' dir='ltr'>deorsum,</span> <span class='ocrx_word' id='word_1_13' title='bbox 1605 264 1675 303; x_wconf 85' lang='lat' dir='ltr'>pa-</span> 
     </span>
     <span class='ocr_line' id='line_1_3' title="bbox 248 321 1677 377; baseline 0.003 -16"><span class='ocrx_word' id='word_1_14' title='bbox 248 321 330 361; x_wconf 84' lang='lat' dir='ltr'>lam</span> <span class='ocrx_word' id='word_1_15' title='bbox 363 322 456 361; x_wconf 84' lang='lat' dir='ltr'>fore</span> <span class='ocrx_word' id='word_1_16' title='bbox 489 321 737 362; x_wconf 80' lang='lat' dir='ltr'>denuntians</span> <span class='ocrx_word' id='word_1_17' title='bbox 770 321 988 371; x_wconf 88' lang='lat' dir='ltr'>omnibus,</span> <span class='ocrx_word' id='word_1_18' title='bbox 1032 322 1148 377; x_wconf 90' lang='lat' dir='ltr'>quod</span> <span class='ocrx_word' id='word_1_19' title='bbox 1177 321 1425 363; x_wconf 85' lang='lat' dir='ltr'>intrinsecus</span> <span class='ocrx_word' id='word_1_20' title='bbox 1457 322 1677 366; x_wconf 77' lang='lat' dir='ltr'>videbatur</span> 
     </span>
     <span class='ocr_line' id='line_1_4' title="bbox 248 398 1677 458; baseline 0.001 -18"><span class='ocrx_word' id='word_1_21' title='bbox 248 401 478 440; x_wconf 86' lang='lat' dir='ltr'>obtectum.</span> <span class='ocrx_word' id='word_1_22' title='bbox 539 398 611 440; x_wconf 86' lang='lat' dir='ltr'>Sic</span> <span class='ocrx_word' id='word_1_23' title='bbox 644 415 741 452; x_wconf 88' lang='lat' dir='ltr'>ergo</span> <span class='ocrx_word' id='word_1_24' title='bbox 773 399 905 448; x_wconf 87' lang='lat' dir='ltr'>illud,</span> <span class='ocrx_word' id='word_1_25' title='bbox 949 399 1065 456; x_wconf 90' lang='lat' dir='ltr'>quod</span> <span class='ocrx_word' id='word_1_26' title='bbox 1103 416 1181 455; x_wconf 90' lang='lat' dir='ltr'>per</span> <span class='ocrx_word' id='word_1_27' title='bbox 1210 400 1380 452; x_wconf 81' lang='lat' dir='ltr'><strong>angelos</strong></span> <span class='ocrx_word' id='word_1_28' title='bbox 1424 411 1465 441; x_wconf 88' lang='lat' dir='ltr'>et</span> <span class='ocrx_word' id='word_1_29' title='bbox 1493 402 1677 458; x_wconf 83' lang='lat' dir='ltr'>prophe-</span> 
     </span>
     <span class='ocr_line' id='line_1_5' title="bbox 245 476 1674 527; baseline 0.003 -11"><span class='ocrx_word' id='word_1_30' title='bbox 245 488 305 517; x_wconf 82' lang='lat' dir='ltr'>tas</span> <span class='ocrx_word' id='word_1_31' title='bbox 335 476 616 518; x_wconf 87' lang='lat' dir='ltr'>ministratum</span> <span class='ocrx_word' id='word_1_32' title='bbox 649 488 722 527; x_wconf 83' lang='lat' dir='ltr'>est,</span> <span class='ocrx_word' id='word_1_33' title='bbox 755 476 992 518; x_wconf 76' lang='lat' dir='ltr'>similitudo</span> <span class='ocrx_word' id='word_1_34' title='bbox 1026 476 1116 517; x_wconf 90' lang='lat' dir='ltr'>auri</span> <span class='ocrx_word' id='word_1_35' title='bbox 1146 476 1238 527; x_wconf 90' lang='lat' dir='ltr'>fuit,</span> <span class='ocrx_word' id='word_1_36' title='bbox 1271 493 1368 518; x_wconf 90' lang='lat' dir='ltr'>cum</span> <span class='ocrx_word' id='word_1_37' title='bbox 1395 477 1674 520; x_wconf 85' lang='lat' dir='ltr'>distinctioni-</span> 
     </span>
     <span class='ocr_line' id='line_1_6' title="bbox 243 553 1679 613; baseline 0.002 -19"><span class='ocrx_word' id='word_1_38' title='bbox 243 555 322 595; x_wconf 90' lang='lat' dir='ltr'>bus</span> <span class='ocrx_word' id='word_1_39' title='bbox 366 553 504 610; x_wconf 87' lang='lat' dir='ltr'>parvis</span> <span class='ocrx_word' id='word_1_40' title='bbox 547 565 588 595; x_wconf 89' lang='lat' dir='ltr'>et</span> <span class='ocrx_word' id='word_1_41' title='bbox 637 554 793 607; x_wconf 80' lang='lat' dir='ltr'>exiguis</span> <span class='ocrx_word' id='word_1_42' title='bbox 839 553 1014 608; x_wconf 82' lang='lat' dir='ltr'>argenti.</span> <span class='ocrx_word' id='word_1_43' title='bbox 1083 554 1200 596; x_wconf 83' lang='lat' dir='ltr'>Haec</span> <span class='ocrx_word' id='word_1_44' title='bbox 1246 566 1411 605; x_wconf 85' lang='lat' dir='ltr'>autem,</span> <span class='ocrx_word' id='word_1_45' title='bbox 1449 571 1558 613; x_wconf 88' lang='lat' dir='ltr'>quae</span> <span class='ocrx_word' id='word_1_46' title='bbox 1601 572 1679 613; x_wconf 85' lang='lat' dir='ltr'>per</span> 
     </span>
     <span class='ocr_line' id='line_1_7' title="bbox 244 630 1678 688; baseline 0.003 -15"><span class='ocrx_word' id='word_1_47' title='bbox 244 633 386 688; x_wconf 88' lang='lat' dir='ltr'>ipsum</span> <span class='ocrx_word' id='word_1_48' title='bbox 414 632 655 674; x_wconf 87' lang='lat' dir='ltr'>Dominum</span> <span class='ocrx_word' id='word_1_49' title='bbox 684 643 876 674; x_wconf 87' lang='lat' dir='ltr'>nostrum</span> <span class='ocrx_word' id='word_1_50' title='bbox 903 633 1050 673; x_wconf 87' lang='lat' dir='ltr'>Jesum</span> <span class='ocrx_word' id='word_1_51' title='bbox 1071 630 1284 674; x_wconf 85' lang='lat' dir='ltr'>Christum</span> <span class='ocrx_word' id='word_1_52' title='bbox 1313 632 1466 674; x_wconf 84' lang='lat' dir='ltr'>tradita</span> <span class='ocrx_word' id='word_1_53' title='bbox 1495 644 1604 684; x_wconf 83' lang='lat' dir='ltr'>sunt,</span> <span class='ocrx_word' id='word_1_54' title='bbox 1635 635 1678 677; x_wconf 89' lang='lat' dir='ltr'>in</span> 
     </span>
     <span class='ocr_line' id='line_1_8' title="bbox 244 700 1676 764; baseline 0.001 -13"><span class='ocrx_word' id='word_1_55' title='bbox 244 726 347 751; x_wconf 85' lang='lat' dir='ltr'>auro</span> <span class='ocrx_word' id='word_1_56' title='bbox 388 700 488 751; x_wconf 84' lang='lat' dir='ltr'>vero</span> <span class='ocrx_word' id='word_1_57' title='bbox 532 722 574 752; x_wconf 86' lang='lat' dir='ltr'>et</span> <span class='ocrx_word' id='word_1_58' title='bbox 617 721 789 763; x_wconf 85' lang='lat' dir='ltr'>argento</span> <span class='ocrx_word' id='word_1_59' title='bbox 822 709 961 752; x_wconf 89' lang='lat' dir='ltr'>solido</span> <span class='ocrx_word' id='word_1_60' title='bbox 996 709 1204 751; x_wconf 77' lang='lat' dir='ltr'>collocata</span> <span class='ocrx_word' id='word_1_61' title='bbox 1235 721 1341 752; x_wconf 91' lang='lat' dir='ltr'>sunt.</span> <span class='ocrx_word' id='word_1_62' title='bbox 1402 709 1528 751; x_wconf 50' lang='lat' dir='ltr'>Haec*</span> <span class='ocrx_word' id='word_1_63' title='bbox 1550 710 1676 764; x_wconf 85' lang='lat' dir='ltr'>enim,</span> 
     </span>
     <span class='ocr_line' id='line_1_9' title="bbox 245 786 1678 844; baseline 0.001 -16"><span class='ocrx_word' id='word_1_64' title='bbox 245 804 351 844; x_wconf 86' lang='lat' dir='ltr'>quae</span> <span class='ocrx_word' id='word_1_65' title='bbox 381 804 459 844; x_wconf 91' lang='lat' dir='ltr'>per</span> <span class='ocrx_word' id='word_1_66' title='bbox 488 787 647 830; x_wconf 84' lang='lat' dir='ltr'>amicos</span> <span class='ocrx_word' id='word_1_67' title='bbox 679 787 823 844; x_wconf 83' lang='lat' dir='ltr'>sponsi</span> <span class='ocrx_word' id='word_1_68' title='bbox 852 788 961 829; x_wconf 86' lang='lat' dir='ltr'>sacta</span> <span class='ocrx_word' id='word_1_69' title='bbox 993 798 1067 837; x_wconf 84' lang='lat' dir='ltr'>est,</span> <span class='ocrx_word' id='word_1_70' title='bbox 1098 786 1333 828; x_wconf 83' lang='lat' dir='ltr'>similitudo</span> <span class='ocrx_word' id='word_1_71' title='bbox 1367 787 1458 829; x_wconf 86' lang='lat' dir='ltr'>auri</span> <span class='ocrx_word' id='word_1_72' title='bbox 1490 805 1584 829; x_wconf 90' lang='lat' dir='ltr'>cum</span> <span class='ocrx_word' id='word_1_73' title='bbox 1617 788 1678 830; x_wconf 85' lang='lat' dir='ltr'>di-</span> 
     </span>
     <span class='ocr_line' id='line_1_10' title="bbox 244 864 1678 923; baseline 0.002 -18"><span class='ocrx_word' id='word_1_74' title='bbox 244 865 540 907; x_wconf 88' lang='lat' dir='ltr'>stinctionibus</span> <span class='ocrx_word' id='word_1_75' title='bbox 565 865 739 919; x_wconf 84' lang='lat' dir='ltr'>argenti,</span> <span class='ocrx_word' id='word_1_76' title='bbox 769 882 856 907; x_wconf 94' lang='lat' dir='ltr'>non</span> <span class='ocrx_word' id='word_1_77' title='bbox 890 865 932 906; x_wconf 92' lang='lat' dir='ltr'>in</span> <span class='ocrx_word' id='word_1_78' title='bbox 963 864 1268 921; x_wconf 85' lang='lat' dir='ltr'>sempiternum</span> <span class='ocrx_word' id='word_1_79' title='bbox 1286 865 1326 920; x_wconf 88' lang='lat'>¹)</span> <span class='ocrx_word' id='word_1_80' title='bbox 1359 881 1554 908; x_wconf 85' lang='lat' dir='ltr'>mansura</span> <span class='ocrx_word' id='word_1_81' title='bbox 1577 883 1678 923; x_wconf 85' lang='lat' dir='ltr'>pro-</span> 
     </span>
     <span class='ocr_line' id='line_1_11' title="bbox 243 942 1679 999; baseline 0.001 -15"><span class='ocrx_word' id='word_1_82' title='bbox 243 942 448 984; x_wconf 87' lang='lat' dir='ltr'>mittitur:</span> <span class='ocrx_word' id='word_1_83' title='bbox 481 944 555 984; x_wconf 86' lang='lat' dir='ltr'>sed</span> <span class='ocrx_word' id='word_1_84' title='bbox 592 955 760 999; x_wconf 88' lang='lat' dir='ltr'>tempus</span> <span class='ocrx_word' id='word_1_85' title='bbox 794 942 832 984; x_wconf 88' lang='lat' dir='ltr'>ei</span> <span class='ocrx_word' id='word_1_86' title='bbox 863 942 1059 984; x_wconf 83' lang='lat' dir='ltr'>statuitur</span> <span class='ocrx_word' id='word_1_87' title='bbox 1090 944 1140 983; x_wconf 86' lang='lat' dir='ltr'>ab</span> <span class='ocrx_word' id='word_1_88' title='bbox 1171 942 1256 984; x_wconf 88' lang='lat' dir='ltr'>illis</span> <span class='ocrx_word' id='word_1_89' title='bbox 1287 942 1389 999; x_wconf 88' lang='lat' dir='ltr'>ipsis</span> <span class='ocrx_word' id='word_1_90' title='bbox 1421 943 1679 985; x_wconf 86' lang='lat' dir='ltr'>dicentibus:</span> 
     </span>
     <span class='ocr_line' id='line_1_12' title="bbox 244 1019 1680 1078; baseline 0.001 -16"><span class='ocrx_word' id='word_1_91' title='bbox 244 1036 413 1077; x_wconf 85' lang='lat' dir='ltr'>„usque</span> <span class='ocrx_word' id='word_1_92' title='bbox 429 1021 472 1076; x_wconf 65' lang='grc'>2)</span> <span class='ocrx_word' id='word_1_93' title='bbox 512 1037 596 1078; x_wconf 84' lang='lat' dir='ltr'>quo</span> <span class='ocrx_word' id='word_1_94' title='bbox 629 1037 701 1062; x_wconf 88' lang='lat' dir='ltr'>rex</span> <span class='ocrx_word' id='word_1_95' title='bbox 731 1019 784 1061; x_wconf 88' lang='lat' dir='ltr'>sit</span> <span class='ocrx_word' id='word_1_96' title='bbox 825 1019 869 1061; x_wconf 90' lang='lat' dir='ltr'>in</span> <span class='ocrx_word' id='word_1_97' title='bbox 899 1019 1093 1062; x_wconf 86' lang='lat' dir='ltr'>recubitu</span> <span class='ocrx_word' id='word_1_98' title='bbox 1123 1027 1251 1063; x_wconf 88' lang='lat' dir='ltr'>suo.“</span> <span class='ocrx_word' id='word_1_99' title='bbox 1313 1021 1421 1064; x_wconf 88' lang='lat' dir='ltr'>Cum</span> <span class='ocrx_word' id='word_1_100' title='bbox 1463 1021 1575 1064; x_wconf 88' lang='lat' dir='ltr'>enim</span> <span class='ocrx_word' id='word_1_101' title='bbox 1614 1039 1680 1064; x_wconf 87' lang='lat' dir='ltr'>re-</span> 
     </span>
     <span class='ocr_line' id='line_1_13' title="bbox 245 1097 1681 1156; baseline 0.002 -17"><span class='ocrx_word' id='word_1_102' title='bbox 245 1100 446 1140; x_wconf 87' lang='lat' dir='ltr'>cumbens</span> <span class='ocrx_word' id='word_1_103' title='bbox 462 1099 504 1155; x_wconf 82' lang='lat'>³)</span> <span class='ocrx_word' id='word_1_104' title='bbox 537 1097 759 1139; x_wconf 83' lang='lat' dir='ltr'>dormierit</span> <span class='ocrx_word' id='word_1_105' title='bbox 788 1108 835 1138; x_wconf 93' lang='lat' dir='ltr'>ut</span> <span class='ocrx_word' id='word_1_106' title='bbox 865 1097 950 1147; x_wconf 87' lang='lat' dir='ltr'>leo,</span> <span class='ocrx_word' id='word_1_107' title='bbox 983 1109 1024 1138; x_wconf 91' lang='lat' dir='ltr'>et</span> <span class='ocrx_word' id='word_1_108' title='bbox 1057 1109 1106 1138; x_wconf 87' lang='lat' dir='ltr'>ut</span> <span class='ocrx_word' id='word_1_109' title='bbox 1142 1098 1302 1139; x_wconf 86' lang='lat' dir='ltr'>catulus</span> <span class='ocrx_word' id='word_1_110' title='bbox 1332 1099 1482 1150; x_wconf 88' lang='lat' dir='ltr'>leonis,</span> <span class='ocrx_word' id='word_1_111' title='bbox 1513 1111 1554 1141; x_wconf 91' lang='lat' dir='ltr'>et</span> <span class='ocrx_word' id='word_1_112' title='bbox 1582 1112 1681 1156; x_wconf 89' lang='lat' dir='ltr'>post</span> 
     </span>
     <span class='ocr_line' id='line_1_14' title="bbox 243 1175 1681 1232; baseline 0.001 -15"><span class='ocrx_word' id='word_1_113' title='bbox 243 1177 346 1217; x_wconf 87' lang='lat' dir='ltr'>haec</span> <span class='ocrx_word' id='word_1_114' title='bbox 376 1175 638 1217; x_wconf 85' lang='lat' dir='ltr'>suscitaverit</span> <span class='ocrx_word' id='word_1_115' title='bbox 681 1191 777 1216; x_wconf 89' lang='lat' dir='ltr'>eum</span> <span class='ocrx_word' id='word_1_116' title='bbox 815 1185 957 1230; x_wconf 89' lang='lat' dir='ltr'>pater,</span> <span class='ocrx_word' id='word_1_117' title='bbox 1004 1185 1044 1215; x_wconf 84' lang='lat' dir='ltr'>et</span> <span class='ocrx_word' id='word_1_118' title='bbox 1075 1175 1347 1217; x_wconf 85' lang='lat' dir='ltr'>resurrexerit</span> <span class='ocrx_word' id='word_1_119' title='bbox 1377 1177 1455 1232; x_wconf 68' lang='lat' dir='ltr'>a4)</span> <span class='ocrx_word' id='word_1_120' title='bbox 1487 1177 1681 1229; x_wconf 81' lang='lat' dir='ltr'>mortuis,</span> 
     </span>
     <span class='ocr_line' id='line_1_15' title="bbox 241 1252 1678 1312; baseline 0.001 -18"><span class='ocrx_word' id='word_1_121' title='bbox 241 1253 276 1294; x_wconf 92' lang='lat' dir='ltr'>si</span> <span class='ocrx_word' id='word_1_122' title='bbox 307 1253 380 1310; x_wconf 89' lang='lat' dir='ltr'>qui</span> <span class='ocrx_word' id='word_1_123' title='bbox 408 1253 567 1295; x_wconf 87' lang='lat' dir='ltr'>fuerint</span> <span class='ocrx_word' id='word_1_124' title='bbox 597 1253 838 1294; x_wconf 84' lang='lat' dir='ltr'>conformes</span> <span class='ocrx_word' id='word_1_125' title='bbox 869 1252 1188 1294; x_wconf 86' lang='lat' dir='ltr'>resurrectionis</span> <span class='ocrx_word' id='word_1_126' title='bbox 1233 1252 1345 1309; x_wconf 82' lang='lat' dir='ltr'>ejus,</span> <span class='ocrx_word' id='word_1_127' title='bbox 1388 1252 1471 1312; x_wconf 81' lang='lat' dir='ltr'>jam</span> <span class='ocrx_word' id='word_1_128' title='bbox 1509 1270 1596 1295; x_wconf 91' lang='lat' dir='ltr'>non</span> <span class='ocrx_word' id='word_1_129' title='bbox 1635 1254 1678 1296; x_wconf 89' lang='lat' dir='ltr'>in</span> 
     </span>
     <span class='ocr_line' id='line_1_16' title="bbox 243 1329 1678 1389; baseline 0.001 -17"><span class='ocrx_word' id='word_1_130' title='bbox 243 1330 578 1387; x_wconf 79' lang='lat' dir='ltr'>similitudine⁵)</span> <span class='ocrx_word' id='word_1_131' title='bbox 623 1330 733 1382; x_wconf 86' lang='lat' dir='ltr'>auri,</span> <span class='ocrx_word' id='word_1_132' title='bbox 781 1330 826 1372; x_wconf 91' lang='lat' dir='ltr'>id</span> <span class='ocrx_word' id='word_1_133' title='bbox 868 1342 950 1381; x_wconf 90' lang='lat' dir='ltr'>est,</span> <span class='ocrx_word' id='word_1_134' title='bbox 998 1347 1086 1372; x_wconf 93' lang='lat' dir='ltr'>non</span> <span class='ocrx_word' id='word_1_135' title='bbox 1126 1329 1169 1372; x_wconf 89' lang='lat' dir='ltr'>in</span> <span class='ocrx_word' id='word_1_136' title='bbox 1206 1346 1349 1372; x_wconf 86' lang='lat' dir='ltr'>rerum</span> <span class='ocrx_word' id='word_1_137' title='bbox 1389 1332 1678 1389; x_wconf 83' lang='lat' dir='ltr'>corporalium</span> 
     </span>
     <span class='ocr_line' id='line_1_17' title="bbox 244 1408 1678 1467; baseline 0.001 -16"><span class='ocrx_word' id='word_1_138' title='bbox 244 1410 360 1451; x_wconf 87' lang='lat' dir='ltr'>cultu</span> <span class='ocrx_word' id='word_1_139' title='bbox 390 1411 641 1451; x_wconf 85' lang='lat' dir='ltr'>manebunt:</span> <span class='ocrx_word' id='word_1_140' title='bbox 682 1409 812 1465; x_wconf 72' lang='lat' dir='ltr'>sedfi)</span> <span class='ocrx_word' id='word_1_141' title='bbox 844 1426 993 1451; x_wconf 85' lang='lat' dir='ltr'>aurum</span> <span class='ocrx_word' id='word_1_142' title='bbox 1025 1425 1173 1451; x_wconf 76' lang='lat' dir='ltr'>verum</span> <span class='ocrx_word' id='word_1_143' title='bbox 1207 1410 1257 1450; x_wconf 83' lang='lat' dir='ltr'>ab</span> <span class='ocrx_word' id='word_1_144' title='bbox 1298 1408 1397 1465; x_wconf 85' lang='lat' dir='ltr'>ipsis</span> <span class='ocrx_word' id='word_1_145' title='bbox 1428 1410 1678 1467; x_wconf 86' lang='lat' dir='ltr'>percipient,</span> 
     </span>
     <span class='ocr_line' id='line_1_18' title="bbox 241 1487 1679 1545; baseline 0.001 -16"><span class='ocrx_word' id='word_1_146' title='bbox 241 1489 458 1530; x_wconf 80' lang='lat' dir='ltr'>credentes</span> <span class='ocrx_word' id='word_1_147' title='bbox 500 1499 541 1528; x_wconf 83' lang='lat' dir='ltr'>et</span> <span class='ocrx_word' id='word_1_148' title='bbox 571 1498 784 1544; x_wconf 85' lang='lat' dir='ltr'>sperantes</span> <span class='ocrx_word' id='word_1_149' title='bbox 824 1504 910 1529; x_wconf 89' lang='lat' dir='ltr'>non</span> <span class='ocrx_word' id='word_1_150' title='bbox 952 1503 1021 1538; x_wconf 87' lang='lat' dir='ltr'>ea,</span> <span class='ocrx_word' id='word_1_151' title='bbox 1072 1503 1176 1544; x_wconf 88' lang='lat' dir='ltr'>quae</span> <span class='ocrx_word' id='word_1_152' title='bbox 1209 1487 1425 1539; x_wconf 78' lang='lat' dir='ltr'>videntur,</span> <span class='ocrx_word' id='word_1_153' title='bbox 1468 1490 1543 1530; x_wconf 81' lang='lat' dir='ltr'>sed</span> <span class='ocrx_word' id='word_1_154' title='bbox 1574 1505 1679 1545; x_wconf 82' lang='lat' dir='ltr'>quae</span> 
     </span>
     <span class='ocr_line' id='line_1_19' title="bbox 242 1565 1678 1622; baseline 0.001 -15"><span class='ocrx_word' id='word_1_155' title='bbox 242 1583 326 1607; x_wconf 93' lang='lat' dir='ltr'>non</span> <span class='ocrx_word' id='word_1_156' title='bbox 358 1566 569 1616; x_wconf 81' lang='lat' dir='ltr'>videntur,</span> <span class='ocrx_word' id='word_1_157' title='bbox 600 1582 679 1606; x_wconf 89' lang='lat' dir='ltr'>nec</span> <span class='ocrx_word' id='word_1_158' title='bbox 712 1582 816 1622; x_wconf 86' lang='lat' dir='ltr'>quae</span> <span class='ocrx_word' id='word_1_159' title='bbox 849 1565 892 1605; x_wconf 90' lang='lat' dir='ltr'>in</span> <span class='ocrx_word' id='word_1_160' title='bbox 922 1566 1043 1606; x_wconf 89' lang='lat' dir='ltr'>terris</span> <span class='ocrx_word' id='word_1_161' title='bbox 1075 1577 1184 1615; x_wconf 86' lang='lat' dir='ltr'>sunt,</span> <span class='ocrx_word' id='word_1_162' title='bbox 1218 1566 1290 1606; x_wconf 89' lang='lat' dir='ltr'>sed</span> <span class='ocrx_word' id='word_1_163' title='bbox 1323 1582 1427 1622; x_wconf 89' lang='lat' dir='ltr'>quae</span> <span class='ocrx_word' id='word_1_164' title='bbox 1458 1565 1500 1606; x_wconf 89' lang='lat' dir='ltr'>in</span> <span class='ocrx_word' id='word_1_165' title='bbox 1534 1567 1678 1617; x_wconf 89' lang='lat' dir='ltr'>coelis,</span> 
     </span>
     <span class='ocr_line' id='line_1_20' title="bbox 242 1642 1679 1701; baseline 0.001 -16"><span class='ocrx_word' id='word_1_166' title='bbox 242 1645 314 1686; x_wconf 89' lang='lat' dir='ltr'>ubi</span> <span class='ocrx_word' id='word_1_167' title='bbox 347 1644 535 1687; x_wconf 87' lang='lat' dir='ltr'>Christus</span> <span class='ocrx_word' id='word_1_168' title='bbox 568 1655 629 1685; x_wconf 88' lang='lat' dir='ltr'>est</span> <span class='ocrx_word' id='word_1_169' title='bbox 668 1643 711 1684; x_wconf 87' lang='lat' dir='ltr'>in</span> <span class='ocrx_word' id='word_1_170' title='bbox 753 1644 922 1684; x_wconf 76' lang='lat' dir='ltr'>dextera</span> <span class='ocrx_word' id='word_1_171' title='bbox 951 1642 1037 1683; x_wconf 83' lang='lat' dir='ltr'>Dei</span> <span class='ocrx_word' id='word_1_172' title='bbox 1078 1643 1247 1693; x_wconf 74' lang='lat' dir='ltr'>sedem,</span> <span class='ocrx_word' id='word_1_173' title='bbox 1299 1654 1340 1683; x_wconf 88' lang='lat' dir='ltr'>et</span> <span class='ocrx_word' id='word_1_174' title='bbox 1380 1642 1542 1694; x_wconf 85' lang='lat' dir='ltr'>dicent,</span> <span class='ocrx_word' id='word_1_175' title='bbox 1583 1644 1679 1701; x_wconf 89' lang='lat' dir='ltr'>quia</span> 
     </span>
     <span class='ocr_line' id='line_1_21' title="bbox 241 1720 1677 1779; baseline -0.001 -14"><span class='ocrx_word' id='word_1_176' title='bbox 241 1736 311 1774; x_wconf 84' lang='lat' dir='ltr'>„et</span> <span class='ocrx_word' id='word_1_177' title='bbox 326 1723 366 1779; x_wconf 93' lang='lat'>⁷)</span> <span class='ocrx_word' id='word_1_178' title='bbox 398 1722 432 1764; x_wconf 90' lang='lat' dir='ltr'>si</span> <span class='ocrx_word' id='word_1_179' title='bbox 454 1722 730 1776; x_wconf 86' lang='lat' dir='ltr'>cognovimus</span> <span class='ocrx_word' id='word_1_180' title='bbox 760 1720 975 1763; x_wconf 85' lang='lat' dir='ltr'>Christum</span> <span class='ocrx_word' id='word_1_181' title='bbox 993 1721 1221 1778; x_wconf 86' lang='lat' dir='ltr'>aliquando</span> <span class='ocrx_word' id='word_1_182' title='bbox 1243 1721 1476 1762; x_wconf 89' lang='lat' dir='ltr'>secundum</span> <span class='ocrx_word' id='word_1_183' title='bbox 1496 1737 1677 1773; x_wconf 85' lang='lat' dir='ltr'>carnem,</span> 
     </span>
     <span class='ocr_line' id='line_1_22' title="bbox 243 1798 1678 1859; baseline -0.001 -17"><span class='ocrx_word' id='word_1_184' title='bbox 243 1802 317 1843; x_wconf 84' lang='lat' dir='ltr'>sed</span> <span class='ocrx_word' id='word_1_185' title='bbox 356 1817 469 1842; x_wconf 92' lang='lat' dir='ltr'>nunc</span> <span class='ocrx_word' id='word_1_186' title='bbox 508 1801 591 1859; x_wconf 81' lang='lat' dir='ltr'>jam</span> <span class='ocrx_word' id='word_1_187' title='bbox 631 1817 719 1842; x_wconf 91' lang='lat' dir='ltr'>non</span> <span class='ocrx_word' id='word_1_188' title='bbox 759 1799 1006 1841; x_wconf 87' lang='lat' dir='ltr'>novimus.“</span> <span class='ocrx_word' id='word_1_189' title='bbox 1068 1801 1166 1841; x_wconf 81' lang='lat' dir='ltr'>Non</span> <span class='ocrx_word' id='word_1_190' title='bbox 1200 1815 1296 1852; x_wconf 82' lang='lat' dir='ltr'>ergo</span> <span class='ocrx_word' id='word_1_191' title='bbox 1328 1798 1413 1858; x_wconf 83' lang='lat' dir='ltr'>jam</span> <span class='ocrx_word' id='word_1_192' title='bbox 1444 1799 1678 1841; x_wconf 85' lang='lat' dir='ltr'>distinctio-</span> 
     </span>
     <span class='ocr_line' id='line_1_23' title="bbox 240 1877 1677 1936; baseline 0 -16"><span class='ocrx_word' id='word_1_193' title='bbox 240 1879 364 1920; x_wconf 88' lang='lat' dir='ltr'>nibus</span> <span class='ocrx_word' id='word_1_194' title='bbox 404 1879 546 1936; x_wconf 84' lang='lat' dir='ltr'>parvis</span> <span class='ocrx_word' id='word_1_195' title='bbox 587 1879 769 1932; x_wconf 84' lang='lat' dir='ltr'>argenti,</span> <span class='ocrx_word' id='word_1_196' title='bbox 813 1879 887 1919; x_wconf 88' lang='lat' dir='ltr'>sed</span> <span class='ocrx_word' id='word_1_197' title='bbox 916 1878 959 1919; x_wconf 88' lang='lat' dir='ltr'>in</span> <span class='ocrx_word' id='word_1_198' title='bbox 1001 1877 1269 1919; x_wconf 82' lang='lat' dir='ltr'>latitudinem</span> <span class='ocrx_word' id='word_1_199' title='bbox 1310 1877 1468 1919; x_wconf 85' lang='lat' dir='ltr'>diffuso</span> <span class='ocrx_word' id='word_1_200' title='bbox 1505 1890 1677 1920; x_wconf 86' lang='lat' dir='ltr'>utentur</span> 
     </span>
     <span class='ocr_line' id='line_1_24' title="bbox 241 1956 1676 2014; baseline 0.001 -16"><span class='ocrx_word' id='word_1_201' title='bbox 241 1969 427 2011; x_wconf 78' lang='lat' dir='ltr'>argeum.</span> <span class='ocrx_word' id='word_1_202' title='bbox 495 1957 684 1998; x_wconf 77' lang='lat' dir='ltr'>Audient</span> <span class='ocrx_word' id='word_1_203' title='bbox 724 1957 857 2008; x_wconf 87' lang='lat' dir='ltr'>enim,</span> <span class='ocrx_word' id='word_1_204' title='bbox 905 1957 1022 2014; x_wconf 88' lang='lat' dir='ltr'>quod</span> <span class='ocrx_word' id='word_1_205' title='bbox 1068 1956 1112 1997; x_wconf 89' lang='lat' dir='ltr'>in</span> <span class='ocrx_word' id='word_1_206' title='bbox 1151 1956 1227 1997; x_wconf 85' lang='lat' dir='ltr'>illa</span> <span class='ocrx_word' id='word_1_207' title='bbox 1269 1956 1358 1998; x_wconf 83' lang='lat' dir='ltr'>auri</span> <span class='ocrx_word' id='word_1_208' title='bbox 1399 1956 1676 1999; x_wconf 80' lang='lat' dir='ltr'>similitudine</span> 
     </span>
     <span class='ocr_line' id='line_1_25' title="bbox 241 2035 1673 2094; baseline -0.001 -16"><span class='ocrx_word' id='word_1_209' title='bbox 241 2049 385 2094; x_wconf 86' lang='lat' dir='ltr'>petra,</span> <span class='ocrx_word' id='word_1_210' title='bbox 433 2053 539 2094; x_wconf 87' lang='lat' dir='ltr'>quae</span> <span class='ocrx_word' id='word_1_211' title='bbox 579 2035 699 2093; x_wconf 86' lang='lat' dir='ltr'>sequi</span> <span class='ocrx_word' id='word_1_212' title='bbox 739 2035 924 2086; x_wconf 66' lang='lat' dir='ltr'>dicitur,</span> <span class='ocrx_word' id='word_1_213' title='bbox 972 2047 1013 2077; x_wconf 87' lang='lat' dir='ltr'>et</span> <span class='ocrx_word' id='word_1_214' title='bbox 1050 2047 1202 2092; x_wconf 86' lang='lat' dir='ltr'>potum</span> <span class='ocrx_word' id='word_1_215' title='bbox 1246 2035 1412 2092; x_wconf 89' lang='lat' dir='ltr'>populo</span> <span class='ocrx_word' id='word_1_216' title='bbox 1457 2036 1673 2091; x_wconf 82' lang='lat' dir='ltr'>praebere,</span> 
     </span>
     <span class='ocr_line' id='line_1_26' title="bbox 244 2113 1672 2170; baseline -0.001 -14"><span class='ocrx_word' id='word_1_217' title='bbox 244 2114 433 2156; x_wconf 87' lang='lat' dir='ltr'>Christus</span> <span class='ocrx_word' id='word_1_218' title='bbox 465 2126 538 2165; x_wconf 87' lang='lat' dir='ltr'>est,</span> <span class='ocrx_word' id='word_1_219' title='bbox 572 2126 612 2154; x_wconf 89' lang='lat' dir='ltr'>et</span> <span class='ocrx_word' id='word_1_220' title='bbox 642 2130 757 2154; x_wconf 87' lang='lat' dir='ltr'>mare</span> <span class='ocrx_word' id='word_1_221' title='bbox 787 2113 1020 2170; x_wconf 82' lang='lat' dir='ltr'>baptismus</span> <span class='ocrx_word' id='word_1_222' title='bbox 1054 2126 1127 2164; x_wconf 84' lang='lat' dir='ltr'>est,</span> <span class='ocrx_word' id='word_1_223' title='bbox 1159 2125 1201 2155; x_wconf 87' lang='lat' dir='ltr'>et</span> <span class='ocrx_word' id='word_1_224' title='bbox 1230 2114 1361 2154; x_wconf 86' lang='lat' dir='ltr'>nubes</span> <span class='ocrx_word' id='word_1_225' title='bbox 1389 2113 1558 2169; x_wconf 84' lang='lat' dir='ltr'>spiritus</span> <span class='ocrx_word' id='word_1_226' title='bbox 1583 2130 1672 2155; x_wconf 85' lang='lat' dir='ltr'>san-</span> 
     </span>
     <span class='ocr_line' id='line_1_27' title="bbox 243 2191 1673 2247; baseline -0.001 -14"><span class='ocrx_word' id='word_1_227' title='bbox 243 2204 334 2234; x_wconf 88' lang='lat' dir='ltr'>ctus</span> <span class='ocrx_word' id='word_1_228' title='bbox 367 2203 440 2244; x_wconf 86' lang='lat' dir='ltr'>est,</span> <span class='ocrx_word' id='word_1_229' title='bbox 474 2204 515 2233; x_wconf 86' lang='lat' dir='ltr'>et</span> <span class='ocrx_word' id='word_1_230' title='bbox 545 2208 696 2233; x_wconf 85' lang='lat' dir='ltr'>manna</span> <span class='ocrx_word' id='word_1_231' title='bbox 726 2193 902 2233; x_wconf 85' lang='lat' dir='ltr'>verbum</span> <span class='ocrx_word' id='word_1_232' title='bbox 932 2191 1017 2233; x_wconf 83' lang='lat' dir='ltr'>Dei</span> <span class='ocrx_word' id='word_1_233' title='bbox 1049 2203 1130 2241; x_wconf 90' lang='lat' dir='ltr'>est,</span> <span class='ocrx_word' id='word_1_234' title='bbox 1162 2203 1202 2231; x_wconf 87' lang='lat' dir='ltr'>et</span> <span class='ocrx_word' id='word_1_235' title='bbox 1231 2207 1356 2244; x_wconf 88' lang='lat' dir='ltr'>agnus</span> <span class='ocrx_word' id='word_1_236' title='bbox 1387 2191 1563 2247; x_wconf 83' lang='lat' dir='ltr'>paschae</span> <span class='ocrx_word' id='word_1_237' title='bbox 1594 2192 1673 2233; x_wconf 78' lang='lat' dir='ltr'>sal-</span> 
     </span>
     <span class='ocr_line' id='line_1_28' title="bbox 241 2268 1672 2326; baseline -0.002 -13"><span class='ocrx_word' id='word_1_238' title='bbox 241 2283 363 2313; x_wconf 80' lang='lat' dir='ltr'>vator</span> <span class='ocrx_word' id='word_1_239' title='bbox 393 2283 475 2321; x_wconf 89' lang='lat' dir='ltr'>est,</span> <span class='ocrx_word' id='word_1_240' title='bbox 518 2282 559 2311; x_wconf 88' lang='lat' dir='ltr'>et</span> <span class='ocrx_word' id='word_1_241' title='bbox 589 2270 750 2323; x_wconf 83' lang='lat' dir='ltr'>sanguis</span> <span class='ocrx_word' id='word_1_242' title='bbox 781 2270 874 2323; x_wconf 86' lang='lat' dir='ltr'>agni</span> <span class='ocrx_word' id='word_1_243' title='bbox 903 2270 1041 2326; x_wconf 82' lang='lat' dir='ltr'>passio</span> <span class='ocrx_word' id='word_1_244' title='bbox 1075 2268 1288 2325; x_wconf 64' lang='lat' dir='ltr'>Christi5)</span> <span class='ocrx_word' id='word_1_245' title='bbox 1321 2281 1403 2318; x_wconf 86' lang='lat' dir='ltr'>est,</span> <span class='ocrx_word' id='word_1_246' title='bbox 1444 2280 1486 2309; x_wconf 88' lang='lat' dir='ltr'>et</span> <span class='ocrx_word' id='word_1_247' title='bbox 1517 2269 1672 2320; x_wconf 82' lang='lat' dir='ltr'>velum,</span> 
     </span>
    </p>
   </div>
   <div class='ocr_carea' id='block_1_3' title="bbox 243 2347 1672 2408">
    <p class='ocr_par' dir='ltr' id='par_1_3' title="bbox 243 2347 1672 2408">
     <span class='ocr_line' id='line_1_29' title="bbox 243 2347 1672 2408; baseline -0.001 -16"><span class='ocrx_word' id='word_1_248' title='bbox 243 2350 360 2408; x_wconf 82' lang='lat' dir='ltr'>quod</span> <span class='ocrx_word' id='word_1_249' title='bbox 391 2360 451 2392; x_wconf 86' lang='lat' dir='ltr'>est</span> <span class='ocrx_word' id='word_1_250' title='bbox 480 2349 524 2394; x_wconf 82' lang='lat' dir='ltr'>in</span> <span class='ocrx_word' id='word_1_251' title='bbox 553 2348 705 2391; x_wconf 85' lang='lat' dir='ltr'>sanctis</span> <span class='ocrx_word' id='word_1_252' title='bbox 737 2360 999 2398; x_wconf 82' lang='lat' dir='ltr'>sanctorum,</span> <span class='ocrx_word' id='word_1_253' title='bbox 1041 2364 1124 2405; x_wconf 91' lang='lat' dir='ltr'>quo</span> <span class='ocrx_word' id='word_1_254' title='bbox 1158 2347 1296 2389; x_wconf 83' lang='lat' dir='ltr'>divina</span> <span class='ocrx_word' id='word_1_255' title='bbox 1325 2347 1422 2399; x_wconf 79' lang='lat' dir='ltr'>illa,</span> <span class='ocrx_word' id='word_1_256' title='bbox 1455 2359 1496 2389; x_wconf 91' lang='lat' dir='ltr'>et</span> <span class='ocrx_word' id='word_1_257' title='bbox 1524 2364 1672 2390; x_wconf 80' lang='lat' dir='ltr'>arcana</span> 
     </span>
    </p>
   </div>
   <div class='ocr_carea' id='block_1_4' title="bbox 358 2538 1668 2875">
    <p class='ocr_par' dir='ltr' id='par_1_4' title="bbox 362 2538 1112 2596">
     <span class='ocr_line' id='line_1_30' title="bbox 362 2538 1112 2596; baseline 0 -16"><span class='ocrx_word' id='word_1_258' title='bbox 362 2539 401 2594; x_wconf 88' lang='lat'>¹)</span> <span class='ocrx_word' id='word_1_259' title='bbox 435 2540 515 2580; x_wconf 88' lang='lat' dir='ltr'>Ed.</span> <span class='ocrx_word' id='word_1_260' title='bbox 545 2541 595 2582; x_wconf 85' lang='lat' dir='ltr'>R.</span> <span class='ocrx_word' id='word_1_261' title='bbox 628 2541 738 2582; x_wconf 73' lang='lat' dir='ltr'>solat</span> <span class='ocrx_word' id='word_1_262' title='bbox 771 2538 1072 2596; x_wconf 65' lang='lat' dir='ltr'>„sempiterna</span> <span class='ocrx_word' id='word_1_263' title='bbox 1088 2544 1112 2564; x_wconf 93' lang='lat'><strong>“</strong></span> 
     </span>
    </p>

    <p class='ocr_par' dir='ltr' id='par_1_5' title="bbox 358 2610 1452 2666">
     <span class='ocr_line' id='line_1_31' title="bbox 358 2610 1452 2666; baseline -0.001 -13"><span class='ocrx_word' id='word_1_264' title='bbox 358 2611 400 2666; x_wconf 72' lang='grc'>2)</span> <span class='ocrx_word' id='word_1_265' title='bbox 434 2611 593 2654; x_wconf 83' lang='lat' dir='ltr'>Cantic.</span> <span class='ocrx_word' id='word_1_266' title='bbox 625 2612 658 2661; x_wconf 90' lang='lat' dir='ltr'>I,</span> <span class='ocrx_word' id='word_1_267' title='bbox 692 2611 757 2654; x_wconf 84' lang='grc'>12.</span> <span class='ocrx_word' id='word_1_268' title='bbox 791 2634 840 2641; x_wconf 90' lang='grc'>-</span> <span class='ocrx_word' id='word_1_269' title='bbox 871 2611 1005 2652; x_wconf 87' lang='lat' dir='ltr'>Deest</span> <span class='ocrx_word' id='word_1_270' title='bbox 1036 2610 1160 2661; x_wconf 87' lang='lat' dir='ltr'>„sit“</span> <span class='ocrx_word' id='word_1_271' title='bbox 1192 2610 1232 2652; x_wconf 89' lang='lat' dir='ltr'>in</span> <span class='ocrx_word' id='word_1_272' title='bbox 1267 2611 1360 2652; x_wconf 88' lang='lat' dir='ltr'>edd.</span> <span class='ocrx_word' id='word_1_273' title='bbox 1393 2612 1452 2653; x_wconf 83' lang='lat' dir='ltr'>M.</span> 
     </span>
    </p>

    <p class='ocr_par' dir='ltr' id='par_1_6' title="bbox 358 2681 1668 2807">
     <span class='ocr_line' id='line_1_32' title="bbox 358 2681 1668 2739; baseline 0.004 -18"><span class='ocrx_word' id='word_1_274' title='bbox 358 2681 402 2737; x_wconf 82' lang='lat'>³)</span> <span class='ocrx_word' id='word_1_275' title='bbox 431 2682 541 2722; x_wconf 84' lang='lat' dir='ltr'><strong>Edd.</strong></span> <span class='ocrx_word' id='word_1_276' title='bbox 573 2682 635 2725; x_wconf 81' lang='grc' dir='ltr'>Μ.</span> <span class='ocrx_word' id='word_1_277' title='bbox 666 2683 939 2733; x_wconf 84' lang='lat' dir='ltr'>„recubans.“</span> <span class='ocrx_word' id='word_1_278' title='bbox 1060 2682 1102 2739; x_wconf 81' lang='lat'>⁴¹)</span> <span class='ocrx_word' id='word_1_279' title='bbox 1134 2682 1242 2724; x_wconf 89' lang='lat' dir='ltr'><strong>Edd.</strong></span> <span class='ocrx_word' id='word_1_280' title='bbox 1274 2682 1336 2726; x_wconf 85' lang='lat' dir='ltr'>M.</span> <span class='ocrx_word' id='word_1_281' title='bbox 1368 2699 1418 2734; x_wconf 90' lang='lat' dir='ltr'>„e</span> <span class='ocrx_word' id='word_1_282' title='bbox 1448 2683 1668 2726; x_wconf 86' lang='lat' dir='ltr'>mortuis.“</span> 
     </span>
     <span class='ocr_line' id='line_1_33' title="bbox 360 2751 1493 2807; baseline 0.004 -15"><span class='ocrx_word' id='word_1_283' title='bbox 360 2751 402 2807; x_wconf 87' lang='lat'>⁵)</span> <span class='ocrx_word' id='word_1_284' title='bbox 432 2751 543 2794; x_wconf 86' lang='lat' dir='ltr'><strong>Edd.</strong></span> <span class='ocrx_word' id='word_1_285' title='bbox 579 2753 640 2795; x_wconf 83' lang='lat' dir='ltr'>M.</span> <span class='ocrx_word' id='word_1_286' title='bbox 678 2753 1088 2803; x_wconf 87' lang='lat' dir='ltr'>„similitudinem.“</span> <span class='ocrx_word' id='word_1_287' title='bbox 1488 2762 1493 2765; x_wconf 80' lang='grc'><strong>“</strong></span> 
     </span>
    </p>

    <p class='ocr_par' dir='ltr' id='par_1_7' title="bbox 358 2821 1283 2875">
     <span class='ocr_line' id='line_1_34' title="bbox 358 2821 1283 2875; baseline 0.005 -13"><span class='ocrx_word' id='word_1_288' title='bbox 358 2821 403 2875; x_wconf 79' lang='lat'>⁶)</span> <span class='ocrx_word' id='word_1_289' title='bbox 434 2822 545 2864; x_wconf 85' lang='lat' dir='ltr'><strong>Edd.</strong></span> <span class='ocrx_word' id='word_1_290' title='bbox 576 2823 636 2865; x_wconf 83' lang='lat' dir='ltr'>M.</span> <span class='ocrx_word' id='word_1_291' title='bbox 669 2825 780 2874; x_wconf 86' lang='lat' dir='ltr'>„sed</span> <span class='ocrx_word' id='word_1_292' title='bbox 810 2841 957 2866; x_wconf 84' lang='lat' dir='ltr'>verum</span> <span class='ocrx_word' id='word_1_293' title='bbox 987 2842 1136 2867; x_wconf 88' lang='lat' dir='ltr'>aurum</span> <span class='ocrx_word' id='word_1_294' title='bbox 1149 2832 1174 2850; x_wconf 94' lang='lat'><strong>“</strong></span> <span class='ocrx_word' id='word_1_295' title='bbox 1206 2837 1283 2868; x_wconf 85' lang='lat' dir='ltr'>etc.</span> 
     </span>
    </p>
   </div>
   <div class='ocr_carea' id='block_1_5' title="bbox 356 2891 1642 2953">
    <p class='ocr_par' dir='ltr' id='par_1_8' title="bbox 356 2891 1642 2953">
     <span class='ocr_line' id='line_1_35' title="bbox 356 2891 1642 2953; baseline 0.005 -21"><span class='ocrx_word' id='word_1_296' title='bbox 356 2891 397 2945; x_wconf 83' lang='grc'>7)</span> <span class='ocrx_word' id='word_1_297' title='bbox 429 2892 471 2933; x_wconf 91' lang='grc' dir='ltr'><strong><em>Π</em></strong></span> <span class='ocrx_word' id='word_1_298' title='bbox 492 2893 588 2936; x_wconf 88' lang='lat' dir='ltr'>Cor.</span> <span class='ocrx_word' id='word_1_299' title='bbox 620 2896 670 2945; x_wconf 89' lang='lat' dir='ltr'>V,</span> <span class='ocrx_word' id='word_1_300' title='bbox 704 2894 767 2938; x_wconf 84' lang='lat'>16.</span> <span class='ocrx_word' id='word_1_301' title='bbox 889 2895 932 2953; x_wconf 78' lang='grc'>8)</span> <span class='ocrx_word' id='word_1_302' title='bbox 963 2897 1070 2938; x_wconf 89' lang='lat' dir='ltr'><strong>Edd.</strong></span> <span class='ocrx_word' id='word_1_303' title='bbox 1104 2897 1163 2940; x_wconf 80' lang='lat' dir='ltr'>M.</span> <span class='ocrx_word' id='word_1_304' title='bbox 1198 2895 1391 2948; x_wconf 80' lang='lat' dir='ltr'>„Christi</span> <span class='ocrx_word' id='word_1_305' title='bbox 1421 2895 1489 2938; x_wconf 86' lang='lat' dir='ltr'>dei</span> <span class='ocrx_word' id='word_1_306' title='bbox 1520 2907 1595 2938; x_wconf 84' lang='lat' dir='ltr'>est.</span> <span class='ocrx_word' id='word_1_307' title='bbox 1617 2902 1642 2920; x_wconf 89' lang='lat'>“</span> 
     </span>
    </p>
   </div>
  </div>
 </body>
</html>
