1759 3134
226 159 310 205 382
520 161 741 204 Omossms
772 175 816 203 n:
847 160 1029 204 CANTm.
1063 158 1364 205 CANTmonum

227 274 377 331 quibus
409 274 732 330 illuminabat¹)
762 275 971 330 populum
1004 274 1145 325 Israel,
1175 275 1403 316 Pharaonis
1442 292 1536 326 cor,
1584 278 1649 318 cui

225 353 387 394 inerant
421 353 558 393 luteae
590 352 876 405 cogitationes,
908 369 986 408 pro
1019 353 1117 408 ipsis
1143 365 1336 394 motuum
1357 370 1530 394 suorum
1551 371 1647 410 qua-

226 429 412 470 litatibus
444 429 677 472 indurabat.
737 431 852 472 Haec
884 442 1022 471 autem
1056 431 1170 486 quod
1204 430 1260 472 ita
1291 447 1333 471 se
1365 432 1564 482 habeant,
1609 444 1649 474 et

225 524 309 549 non
343 523 626 560 communem,
657 521 704 550 ut
736 509 976 550 hominibus
1008 509 1187 559 videtur,
1218 509 1436 551 historiam
1467 510 1647 550 famulus

225 585 308 626 Dei
354 602 432 642 per
475 586 681 642 Spiritum
727 599 913 628 sanctum
960 587 1193 642 scribat²)‚
1241 587 1477 628 ostenditur
1522 587 1646 627 etiam

224 664 346 713 inde,
388 665 503 720 quod
533 664 606 705 ubi
637 665 787 714 refert,
826 664 1075 716 ingemuisse
1108 665 1220 706 filios
1252 665 1400 715 Israel,
1429 682 1514 705 non
1547 664 1648 705 dicit

224 757 247 781 a
289 741 402 792 luto,
433 758 569 798 neque
610 758 632 783 a
671 742 820 792 latere,
860 759 996 799 neque
1038 758 1060 783 a
1099 741 1231 798 paleis
1272 742 1522 796 ingemuisse
1562 759 1647 792 eos,

224 820 298 861 sed
329 821 380 861 ab
413 819 613 876 operibus
645 819 750 871 suis,
789 820 938 877 inquit.
997 820 1051 861 Et
1081 837 1270 862 rursum:
1312 820 1447 875 ‚,et³)
1479 819 1650 861 adscen—

225 898 310 948 dit,
349 897 508 954 iuquit,
539 898 701 940 clamor
731 914 878 939 eorum
909 899 961 939 ad
990 898 1182 940 Deum.“
1240 900 1338 940 Non
1370 896 1473 939 dixit
1503 914 1525 938 a
1555 896 1647 938 luto

225 975 323 1030 ΘΝ)
357 976 508 1025 latere,
546 978 619 1017 sed
649 976 824 1018 iterum:
865 976 1011 1032 ,‚ab⁵)
1045 976 1242 1032 operibus
1273 976 1407 1017 suis.“
1465 976 1650 1031 Propter

224 1055 340 1112 quod
373 1066 413 1095 et
457 1053 692 1109 subjungit:
738 1054 834 1109 quia
874 1054 1121 1104 „exaudivit
1147 1056 1188 1110 6)
1219 1053 1430 1095 Dominus
1472 1053 1647 1106 gemitus

223 1132 455 1190 ipsorum.“
519 1130 628 1172 Cum
658 1130 804 1186 utique
835 1146 921 1171 non
963 1130 1210 1187 exaudiat7)
1243 1148 1392 1173 eorum
1432 1131 1647 1183 gemitum,

225 1209 297 1265 qui
327 1225 413 1249 non
446 1223 493 1248 ex
526 1207 725 1263 operibus
757 1206 840 1248 suis
857 1207 900 1264 ⁸)
931 1208 1110 1248 clamant
1141 1209 1193 1249 ad
1223 1208 1474 1250 Dominum.
1533 1210 1648 1250 Haec

224 1286 413 1345 quamvis
453 1301 531 1342 per
571 1301 784 1326 excessum
825 1284 936 1326 dicta
976 1286 1218 1338 videantur,
1261 1298 1402 1328 tamen
1451 1287 1645 1328 locorum

225 1363 545 1422 opportunitate
589 1362 861 1413 commoniti,
906 1364 1484 1422 nequaquamfjudicavimus
1524 1365 1648 1406 omit—

223 1444 369 1494 tenda,
409 1441 589 1483 maxime
623 1458 718 1483 cum
746 1442 925 1483 habeant
954 1442 1114 1498 aliquid
1153 1443 1440 1485 similitudinis
1472 1444 1523 1484 ad
1553 1444 1648 1495 hoc,

224 1521 340 1578 quod
372 1519 475 1560 dicit
505 1520 620 1570 haec,
653 1536 757 1576 quae
789 1520 991 1561 infuscata
1012 1531 1085 1569 est,
1118 1520 1215 1576 quia
1232 1521 1467 1578 despexerit
1483 1523 1523 1578 9)
1556 1539 1646 1563 eam

223 1599 309 1640 sol:
344 1598 462 1654 quod
491 1597 636 1653 utique
670 1598 906 1639 ostenditur
935 1597 995 1638 ibi
1027 1597 1240 1649 accidere,
1270 1600 1344 1641 ubi
1375 1612 1645 1657 peccatorum

224 1692 344 1718 causa
372 1675 608 1732 praecedit:
654 1686 695 1715 et
733 1673 794 1714 ibi
824 1674 1021 1717 insuscari
1052 1676 1120 1717 vel
1160 1677 1279 1718 aduri
1321 1678 1502 1735 aliquem
1543 1680 1647 1729 sole,

224 1756 299 1797 ubi
339 1754 503 1812 peccati
543 1752 717 1794 materia
754 1751 954 1794 subsistit.
1015 1754 1102 1795 Ubi
1143 1771 1243 1796 vero
1284 1772 1370 1798 non
1410 1768 1470 1798 cst
1501 1773 1647 1814 pecca—

222 1846 327 1885 tum,
357 1834 422 1874 sol
454 1847 589 1889 neque
620 1831 797 1872 adurere
831 1830 1006 1882 dicitur,
1037 1848 1175 1888 neque
1206 1832 1426 1885 infuscare,
1457 1836 1562 1877 sicut
1594 1837 1644 1877 de

222 1912 334 1970 justo
366 1912 548 1953 refertur
576 1909 619 1950 in
650 1908 844 1966 psalmis:
879 1926 992 1966 „per
1011 1910 1077 1966 ¹⁰)
1110 1910 1224 1952 diem
1252 1911 1317 1952 sol
1351 1928 1437 1953 non
1467 1923 1561 1954 uret
1590 1925 1647 1967 te,

224 2006 362 2046 neque
406 1990 503 2030 luna
544 2005 622 2044 per
650 1994 872 2029 noctem.“
931 1988 1059 2029 Vides
1092 2005 1213 2042 ergo,
1253 1989 1350 2046 quia
1379 2003 1565 2043 sanctos,
1602 1992 1646 2033 in

226 2067 377 2123 quibus
408 2077 680 2123 peccatorum
718 2066 836 2107 nulla
867 2082 987 2108 causa
1028 2078 1110 2118 est,
1149 2068 1215 2108 sol
1253 2085 1464 2124 nunquam
1496 2070 1645 2112 adurit.

221 2213 555 2220 .—.—7.———

344 2311 383 2366 ¹)
416 2312 515 2353 Mss.
557 2311 909 2363 „illuminabat.“
968 2311 1083 2354 Libri
1125 2313 1226 2355 editi
1258 2316 1314 2372 (v.
1348 2331 1381 2357 c.
1414 2316 1509 2361 edd.
1540 2317 1642 2376 M.):

224 2367 521 2420 ‚,illuminat.>“
580 2369 630 2412 R.

341 2440 382 2496 2)
413 2440 522 2481 Edd.
552 2439 615 2480 M.
646 2437 932 2489 „scribebat.“
1051 2442 1094 2499 3)
1125 2443 1259 2484 Exod.
1292 2444 1348 2495 II,
1377 2444 1445 2489 23.

341 2510 384 2567 ⁴)
415 2510 524 2552 Edd.
556 2511 617 2551 M.
649 2521 729 2560 „et
759 2526 781 2551 a
811 2510 983 2552 latere.“

341 2580 383 2637 ε’)
411 2580 546 2621 Exod.
579 2580 635 2631 II,
665 2579 732 2625 23.
853 2582 894 2637 6)
925 2581 1060 2624 Exod.
1092 2584 1148 2634 Π,
1179 2584 1245 2628 24.

342 2650 383 2705 ⁷)
413 2651 514 2692 Mss.
547 2650 808 2702 „exaudiat.“
867 2651 984 2693 Libri
1016 2653 1118 2694 editi
1146 2654 1200 2710 (e.
1234 2671 1267 2696 c.
1296 2655 1390 2697 edd.
1409 2656 1514 2713 M.:)
1546 2674 1641 2710 „ex-

224 2706 394 2748 audivit.
406 2714 431 2732 “

339 2778 382 2833 8)
413 2779 546 2819 Deest
574 2778 726 2829 ‚‚suis“
758 2779 800 2819 in
833 2780 927 2820 edd.
955 2780 1014 2821 M.

345 2848 387 2904 9)
419 2849 526 2890 Edd.
558 2850 618 2890 M.
651 2850 926 2905 ‚,despexit.“

316 2920 382 2975 ¹⁰)
413 2919 565 2961 Psalm.
601 2920 754 2970 CXXI,
789 2920 825 2963 6.
