1759 3134
670 119 923 162 PROtOGUs.
1422 119 1507 165 319

92 231 363 275 canticorum
391 246 477 273 non
508 242 668 286 tantum
699 248 860 283 eorum,
892 247 996 287 quae
1027 231 1155 288 prius,
1186 233 1259 276 sed
1282 244 1322 275 et
1342 249 1507 286 eorum,

90 326 196 367 quae
225 311 500 367 postmodum
528 311 713 352 canenda
740 310 999 351 videbantur.
1060 310 1108 352 Si
1138 311 1228 367 quis
1251 328 1352 353 vero
1383 323 1505 369 putet

91 387 217 429 etiam
255 403 303 429 ex
339 388 450 429 libro
489 388 756 431 Psalmorum
792 387 946 428 debere
991 388 1166 439 assumi,
1204 388 1338 430 sicubi
1375 388 1420 431 in
1450 405 1502 430 eo

90 465 158 507 vel
190 465 398 507 canticum
427 466 636 517 scribitur,
665 465 735 506 vel
759 463 967 506 canticum
989 465 1157 521 psalmi,
1186 466 1504 509 multitudinem

90 543 357 596 congregabit
383 544 727 600 praecedentium
758 541 1029 584 canticorum.
1074 544 1228 597 Junget
1250 544 1361 585 enim
1394 557 1504 587 cete-

88 619 143 661 ris
163 620 288 662 etiam
307 635 375 662 xv.
396 622 434 678 ¹)
457 622 583 664 simul
608 621 808 674 graduum
837 620 1015 662 cantica:
1050 633 1091 662 et
1116 621 1333 678 requirens
1365 623 1504 675 singu-

88 698 231 740 lorum
268 698 442 740 virtutes
481 698 763 749 canticorum,
800 710 925 754 atque
957 715 1005 739 ex
1033 698 1096 739 his
1126 699 1388 755 proficientis
1417 699 1505 741 ani-

83 792 177 818 mae
208 777 356 830 gradus
387 775 586 829 colligens
617 792 664 817 ac
684 774 911 832 spiritualis
928 775 1229 830 intelligentiae
1244 778 1286 835 ²)
1310 776 1505 819 ordinem

85 853 239 896 iterum
277 852 702 910 consequentiamque
743 869 1026 911 componens,
1067 856 1289 897 ostendere
1328 855 1502 912 poterit,

86 949 212 990 quam
239 931 468 986 magnificis
497 931 701 985 gressibus
729 930 927 974 incedens
957 949 1109 990 sponsa
1137 950 1216 990 per
1239 933 1341 975 haec
1361 934 1504 976 omnia

83 1009 302 1068 perveniat
336 1025 469 1067 usque
507 1010 560 1050 ad
598 1009 830 1051 thalamum
868 1011 1032 1068 sponsi,
1078 1011 1316 1066 digrediens
1339 1013 1384 1071 3)
1425 1012 1503 1065 „in

84 1088 230 1131 locum
266 1087 527 1130 tabernaculi
564 1087 821 1129 admirabilis
858 1105 991 1145 usque
1031 1090 1083 1131 ad
1113 1090 1289 1133 domum
1316 1090 1422 1142 Dei,
1459 1091 1504 1133 in

87 1183 191 1209 voce
236 1164 523 1208 exsultationis
567 1177 609 1207 et
653 1166 929 1208 confessionis
972 1183 1097 1210 sonus
1143 1169 1411 1226 epulantis:“
1462 1181 1504 1211 et

86 1245 331 1302 perveniens
361 1259 494 1300 usque
523 1243 577 1284 ad
604 1242 757 1300 ipsum,
785 1255 833 1285 ut
863 1243 1054 1297 diximus,
1084 1246 1316 1289 thalamum
1345 1247 1504 1304 sponsi,

84 1335 132 1364 ut
169 1323 310 1365 audiat
346 1334 387 1364 et
424 1322 624 1378 loquatur
663 1333 811 1363 cuncta
847 1322 972 1375 haec,
1011 1339 1115 1381 quae
1154 1326 1422 1368 continentur
1458 1325 1503 1369 in

85 1401 259 1443 Cantico
294 1400 577 1443 Canticorum.
636 1400 787 1441 Adhuc
817 1412 956 1442 autem
985 1419 1207 1459 possumus
1238 1416 1280 1446 et
1309 1405 1409 1447 haec
1439 1404 1505 1446 in-

83 1478 249 1536 quirere
286 1477 424 1535 prius,
464 1493 589 1534 quam
625 1478 678 1519 ad
716 1478 856 1534 ipsum
894 1496 1047 1537 corpus
1089 1480 1227 1523 libelli
1267 1483 1505 1526 veniamus:

84 1572 159 1598 cur
179 1556 397 1608 Salomon,
430 1556 502 1613 qui
530 1556 700 1597 videtur
730 1557 1023 1614 obtemperare
1053 1558 1096 1600 in
1126 1559 1189 1601 his
1217 1561 1351 1603 tribus
1381 1562 1507 1603 libeb-

84 1631 134 1676 lis
168 1634 375 1676 voluntati
403 1634 585 1691 Spiritus
615 1633 768 1685 sancti,
810 1633 856 1674 in
883 1634 1125 1678 Proverbiis
1148 1637 1190 1695 4)
1232 1639 1404 1696 quidem
1442 1641 1507 1683 di-

86 1721 202 1753 catur
240 1711 447 1754 Salomon
485 1711 597 1753 filius
634 1711 797 1763 David,
843 1711 916 1767 qui
955 1714 1142 1765 regnavit
1179 1714 1225 1756 in
1262 1718 1413 1770 Israel,
1459 1718 1505 1761 in

84 1789 269 1832 secundo
300 1804 401 1831 vero
433 1788 583 1830 libello
603 1805 691 1831 non
710 1789 917 1832 Salomon
932 1789 1142 1843 scribitur,
1175 1795 1249 1836 sed
1279 1798 1432 1847 „verba
1447 1798 1505 1856 ⁵),

84 1868 235 1925 inquit,
264 1867 540 1909 Ecclesiastae
570 1866 650 1908 filii
667 1867 809 1909 David
833 1867 940 1921 regis
958 1868 1085 1910 Israel
1115 1870 1160 1911 in
1180 1871 1505 1917 Hierusalem:“

84 1956 127 1986 et
154 1945 295 1986 filium
323 1944 497 2001 quidem
525 1960 568 1986 se
599 1959 687 1987 esse
715 1944 870 1997 David,
904 1945 1098 1988 similiter
1125 1961 1174 1991 ut
1202 1949 1246 1991 in
1273 1951 1430 2008 primo,
1463 1965 1506 1995 et

83 2039 226 2077 regem
253 2023 384 2065 Israel
414 2021 578 2073 scribit,
617 2023 692 2064 sed
720 2022 782 2064 ihi
820 2025 1068 2080 proverbia,
1105 2026 1174 2068 hic
1202 2029 1329 2070 verba
1357 2030 1504 2087 ponit:

84 2112 127 2143 et
163 2117 207 2142 se
244 2099 406 2157 ipsum,
446 2116 573 2158 quem
610 2099 673 2142 ibi
697 2101 740 2158 6)
779 2102 1078 2155 Salomonem,
1116 2104 1185 2146 hic
1219 2106 1504 2152 Ecclesiasten

82 2179 286 2221 nominat.
343 2179 400 2221 Et
429 2195 525 2220 cum
553 2177 616 2219 ibi
642 2190 809 2232 gentem
832 2181 982 2232 solam,
1011 2181 1054 2223 in
1080 2199 1160 2240 qua
1188 2199 1429 2238 regnaverat
1445 2189 1504 2245 ⁷),

82 2257 306 2314 posuisset,
334 2257 402 2298 hic
434 2268 475 2298 et
504 2268 669 2310 gentem
687 2258 845 2314 posuit,
877 2270 919 2301 et
940 2260 1084 2303 locum
1102 2263 1220 2317 regni
1237 2263 1502 2308 Hierusalem

85 2335 284 2390 designat.
342 2336 392 2377 In
423 2335 598 2378 Cantico
632 2335 905 2378 cantieorum
941 2355 1042 2381 vero
1082 2357 1218 2399 neque
1256 2343 1386 2398 gentis
1425 2361 1502 2386 no-

206 2533 245 2590 ¹)
274 2533 382 2574 Edd.
408 2533 469 2576 M.
498 2549 742 2591 perperam:
776 2533 904 2579 CXV.
935 2535 1060 2580 simul
1092 2550 1169 2582 etc.

200 2606 244 2661 ²)
275 2604 406 2645 Deest
434 2603 772 2658 „intelligentiae
785 2611 810 2630 ‘⁴
839 2605 882 2648 in
912 2609 976 2651 ed.
1007 2610 1058 2652 R.

202 2675 246 2730 3)
280 2673 366 2717 Cfr.
396 2674 550 2716 Psalm.
580 2675 715 2726 XLII,
745 2675 784 2718 4.

201 2745 244 2801 ⁴)
278 2744 363 2787 Cfr.
393 2746 520 2787 Prov.
552 2747 586 2796 I,
618 2746 654 2790 1.
777 2748 818 2805 ⁵)
852 2749 1089 2795 Ecclesiast.
1124 2753 1156 2804 I,
1186 2753 1222 2798 1.

201 2815 245 2872 ⁶)
275 2814 384 2858 Edd.
413 2815 608 2858 Merlini:
644 2833 780 2873 supra.

203 2884 245 2942 7)
274 2884 383 2928 Edd.
414 2886 610 2930 Merlini:
645 2891 887 2943 regnaverit,
