1759 3134
196 141 276 186 168
598 144 816 187 ORIGENIS
847 159 889 188 m
922 146 1215 186 Ezncnuztssm

204 256 399 303 dracone,
434 254 529 309 quia
560 256 647 311 ipse
678 274 747 298 rex
779 259 828 298 sit
862 258 1065 306 onmium,
1097 256 1167 311 qui
1199 267 1292 296 sunt
1321 256 1361 296 in
1385 257 1522 312 aquis:
1555 275 1604 299 ve

201 347 295 383 rum
330 344 371 371 tu
402 347 488 371 non
521 349 562 373 es
594 334 634 374 in
663 335 800 391 aquis,
829 337 899 376 scd
933 335 973 375 in
1007 351 1052 374 ea
1084 346 1205 382 terra,
1237 349 1340 388 quae
1371 333 1447 373 tibi
1479 350 1622 390 repro-

201 408 395 448 mittitur.
454 408 508 449 Et
539 410 639 451 haec
670 411 779 452 dicta
809 424 924 462 sunt,
969 424 1014 452 ut
1046 409 1284 462 diligentius
1316 410 1622 461 ventilaremus,

202 486 319 540 quod
358 485 410 525 sit
450 485 707 539 signaculum
750 489 1049 530 similitudinis,
1111 486 1250 540 Quam
1288 488 1432 528 beatus
1471 487 1551 527 suit
1581 488 1622 528 in

202 561 279 602 illo
318 573 534 618 tempore,
584 582 668 620 quo
715 566 974 618 signaculum
1015 563 1302 605 similitudinis
1343 565 1452 606 erat!
1525 565 1622 605 Tibi

203 639 337 679 adhuc
369 640 508 690 deest,
539 654 585 682 ut
614 642 849 682 similitudo
881 643 1081 695 signaculi
1112 643 1204 692 fias,
1247 652 1287 681 ct
1316 642 1468 695 procul
1500 658 1541 682 es
1572 643 1622 681 ab

201 715 408 773 ejusmodi
438 734 624 758 munere.
685 719 803 759 Dixit
835 720 1003 775 quidem
1035 720 1172 760 Deus:
1216 717 1450 768 „faciamus
1478 719 1517 775 ¹)
1549 720 1625 759 lio-

203 793 359 834 minem
392 796 444 835 ad
475 795 697 847 imaginem
727 808 767 836 ct
797 796 1118 838 similitudinem
1155 786 1399 836 iiostran1:“
1443 808 1623 837 attamen

201 872 382 912 necdum
420 884 667 913 consecutus
706 889 747 913 cs
789 873 1129 914 similitudinem:
1171 873 1272 914 fecit
1312 873 1470 928 quippe
1509 874 1626 914 Deus

199 948 438 999 hominem,
476 950 528 990 ad
566 949 787 1002 imaginem
827 951 911 991 Dei
949 952 1061 991 fecit.
1133 951 1217 991 Ubi
1256 950 1340 992 Dei
1383 961 1443 990 est
1481 950 1628 990 simili-

202 1025 336 1067 tudo?
394 1027 540 1076 „Cum
564 1027 606 1081 2)
640 1028 902 1083 apparuerit,
944 1029 1101 1069 similes
1143 1028 1180 1068 ci
1213 1028 1388 1077 erimus,
1427 1027 1625 1083 quoniam

204 1103 438 1144 videbimus
469 1120 565 1144 eum
595 1104 717 1144 sicuti
749 1110 850 1145 est.“
906 1105 996 1156 Ego
1031 1105 1088 1145 sic
1119 1104 1281 1159 accipio
1315 1116 1355 1144 et
1384 1104 1478 1154 hoc,
1511 1105 1626 1160 quod

203 1179 358 1219 dicitur
386 1196 409 1219 a
440 1180 670 1234 propheta:
703 1181 856 1229 „Deus
880 1180 947 1236 3),
980 1181 1071 1235 quis
1101 1180 1248 1220 similis
1267 1181 1308 1235 4)
1340 1180 1479 1221 tibi?“
1512 1181 1628 1236 quasi

202 1256 334 1296 illud:
369 1255 548 1311 „quis-³³)
578 1268 699 1311 putas
729 1256 867 1296 fidelis
899 1268 940 1296 et
969 1256 1132 1311 sapiens
1165 1255 1490 1310 dispensator?“
1521 1256 1626 1298 sicut

201 1345 242 1373 et
278 1333 383 1373 hoc:
431 1349 564 1383 „cum
587 1333 628 1389 6)
667 1333 779 1373 enim
824 1333 1087 1389 apparuerit,
1134 1332 1290 1373 similes
1338 1333 1376 1373 ei
1421 1333 1624 1375 erimus.“

203 1409 311 1464 Quis
343 1421 423 1460 est,
463 1410 535 1465 qui
563 1409 818 1451 assimiletur
847 1410 914 1451 ei?
970 1410 1101 1451 Pauci
1133 1411 1364 1451 admodum
1395 1424 1512 1461 sunt,
1553 1412 1625 1467 qui

199 1498 449 1542 receperunt
486 1486 808 1528 similitudinem
846 1500 891 1528 ut
920 1486 1133 1543 Apostoli.
1194 1487 1452 1537 „Faciamus
1477 1488 1518 1544 7)
1551 1489 1627 1529 ho-

200 1564 359 1604 minem
390 1565 443 1604 ad
473 1564 693 1617 imaginem
727 1577 767 1605 ct
797 1565 1118 1606 similitudinem
1147 1576 1346 1604 nostram.
1400 1566 1482 1605 Iste
1515 1581 1626 1617 ergo,

204 1640 275 1696 qui
305 1656 416 1680 nunc
445 1641 680 1695 plangitur,
720 1642 981 1694 signaculum
1014 1654 1121 1691 erat,
1165 1652 1205 1680 et
1234 1641 1385 1696 plenus
1415 1641 1630 1696 sapientia,

202 1734 329 1773 quem
357 1729 397 1757 et
427 1729 473 1757 tu
503 1718 687 1772 planges,
718 1718 751 1758 si
781 1719 914 1758 factus
943 1718 1072 1758 fueris
1102 1717 1314 1758 Ezechiel.
1373 1717 1526 1759 Nescio
1558 1735 1628 1759 au-

201 1806 288 1835 tem
326 1794 360 1835 si
401 1806 443 1835 et
485 1806 530 1835 tu
570 1795 772 1850 sapientia
810 1795 960 1851 plenus
1001 1795 1150 1836 fueris:
1199 1795 1366 1836 interim
1411 1795 1513 1846 iste,
1558 1795 1630 1851 qui

198 1872 430 1927 plangitur,
467 1872 620 1927 plenus
662 1884 747 1913 erat
782 1872 1006 1927 sapientia,
1046 1884 1088 1912 et
1127 1884 1214 1913 erat
1254 1873 1418 1914 decoris
1459 1889 1627 1914 corona.

201 1949 453 1999 Considera,
494 1949 628 2005 qualis
669 1949 819 1999 fuerit,
867 1949 940 2004 qui
979 1949 1056 1989 suit
1097 1966 1252 1990 corona
1293 1950 1471 1991 decoris.
1529 1951 1627 1991 Non

199 2026 451 2082 simpliciter
482 2027 633 2076 decor,
674 2042 752 2067 nec
783 2027 917 2078 gloria
948 2037 1036 2066 erat
1064 2026 1106 2066 in
1140 2042 1217 2076 eo,
1249 2027 1323 2067 sed
1354 2042 1510 2067 corona
1541 2027 1632 2078 glo-

204 2104 302 2144 riae.
361 2104 486 2145 Hunc
524 2115 664 2144 autem
709 2104 908 2144 decorem
944 2103 1036 2143 noli
1080 2115 1193 2143 extra
1222 2115 1263 2143 te
1296 2118 1522 2158 quaerere,
1559 2104 1633 2144 sed

201 2180 309 2220 circa
338 2180 498 2221 animae
533 2180 750 2233 regionem
777 2181 844 2234 S),
884 2179 958 2220 ubi
999 2179 1318 2231 cogitatorium,
1355 2179 1429 2220 ubi
1466 2180 1631 2220 intelle-

205 2257 342 2297 ctuale
384 2257 593 2307 consistit,
632 2257 706 2296 ubi
750 2272 845 2296 vera
877 2268 938 2297 est
966 2256 1254 2311 pulchritudo.
1317 2257 1484 2311 Quodsi
1515 2258 1634 2298 volu-

203 2333 282 2374 eris
312 2333 369 2374 ibi
403 2350 600 2389 quaerere
635 2334 855 2382 decorem,
896 2333 969 2373 ubi
1003 2350 1096 2374 caro
1132 2347 1204 2384 est,
1256 2348 1292 2376 et
1334 2335 1520 2388 sanguis,
1557 2336 1634 2375 lm-

322 2517 361 2571 ¹)
394 2516 499 2557 Gen.
534 2519 566 2566 I,
597 2516 663 2558 26.
787 2516 827 2571 2)
860 2516 1046 2556 IJoann.
1080 2517 1157 2564 III,
1189 2516 1226 2558 2.

320 2587 361 2640 3)
393 2586 546 2626 Psalm.
577 2586 731 2636 LXXI,
774 2586 836 2629 19.
870 2586 1044 2641 (LXX.)

317 2654 358 2711 ⁴)
390 2656 499 2697 Edd.
531 2657 727 2697 Merlini:
764 2657 910 2697 similis
942 2656 1049 2697 sibi?
1081 2658 1196 2712 quasi
1231 2670 1307 2698 etc.

320 2726 362 2781 5)
395 2726 481 2767 Csr.
513 2727 613 2767 Luc.
644 2727 743 2776 XII,
778 2726 843 2768 42.

319 2799 360 2851 6)
394 2797 583 2837 IJoann.
618 2797 695 2844 III,
727 2796 765 2838 ¹2.
892 2797 931 2852 7)
968 2797 1074 2837 Gen.
1108 2799 1140 2845 I,
1172 2798 1238 2841 ⁴26.

323 2867 366 2922 ⁸)
398 2865 506 2907 Etld.
541 2866 712 2907 Merlini
746 2868 876 2908 male:
911 2867 1172 2920 religionem.
