1759 3134
204 645 336 699 ΕΚ
418 640 643 702 ΤΩΝ
717 638 1222 700 ΩΡΙΓΕΝΟ
1255 643 1385 699 ΥΣ

630 776 978 829 ΕΚΛοΓΑι

357 887 499 937 ΕΙΣ
545 884 726 937 ΤΟΝ
769 886 1232 940 ΙΕΖΕΚΙΗΛ.

549 1155 819 1216 Κεφάλαιον
847 1161 1046 1218 πρῶτον.

85 1302 116 1327 ”
163 1250 296 1319 Ιἀὶ’)
338 1261 515 1319 ἐγένετο
551 1261 604 1306 ἐν
633 1264 695 1318 τῷ
726 1266 974 1320 τριακοστῷ
1014 1264 1101 1309 ἔτει
1140 1261 1192 1307 ἐν
1221 1263 1282 1319 τῷ
1312 1260 1505 1320 τετάρτῳ

86 1340 199 1396 μηνὶ
236 1342 418 1401 πέμπτῃ
459 1341 539 1383 τοῦ
574 1338 740 1397 μηνὸς,
780 1343 857 1384 καὶ
895 1339 984 1398 ἐγώ
1021 1337 1145 1397 ἤμην
1181 1340 1232 1384 ἐν
1266 1342 1392 1396 μέσῳ
1431 1343 1507 1395 τῆς

86 1417 396 1473 αἰχμαλωσίας
437 1415 513 1458 ἐπὶ
552 1417 632 1459 τοῦ
670 1419 883 1472 ποταμοῦ
916 1420 996 1460 τοῦ
1033 1414 1220 1475 Χοβὰρ·
1260 1418 1337 1459 καὶ
1373 1415 1505 1471 ἠνοί-

79 1497 267 1549 χθησαν
297 1494 341 1536 οἱ
369 1491 609 1550 οὐρανοί.“
648 1490 696 1537 Ὁ
719 1491 918 1548 ’Ῑεζεκιὴλ
947 1490 1093 1538 τύπον
1122 1496 1251 1552 φέρει
1279 1494 1359 1537 τοῦ
1386 1497 1503 1552 Χρι-

87 1570 195 1614 στοῦ
224 1566 344 1613 κατὰ
364 1567 527 1625 πολλὰ,
559 1571 637 1613 καὶ
668 1565 776 1630 ἄρξῃ
798 1575 990 1625 θεωρεῖν
1018 1573 1152 1616 τοῦτο
1184 1570 1235 1615 ἐν
1262 1575 1356 1620 τοῖς
1384 1587 1504 1629 προ-

86 1650 253 1706 οιμίοις
280 1648 356 1702 τῆς
385 1651 678 1705 προφητείας.
731 1646 1030 1704 »Ἐγένετοῧ
1071 1647 1123 1692 ἐν
1160 1649 1222 1705 τῷ
1252 1650 1501 1708 τριακοστῷ

87 1723 198 1778 ἔτει,
238 1720 432 1780 τετάρτῳ
462 1726 598 1781 μηνὶ,
638 1725 822 1784 πέμπτῃ
851 1726 930 1767 τοῦ
959 1723 1124 1781 μηνὸς,
1166 1722 1308 1781 κάγὼ,
1342 1726 1501 1782 φησὶν,

86 1795 211 1858 ἤμην
250 1799 302 1844 ἓν
338 1803 467 1858 μέσῳ
505 1803 582 1856 τῆς
610 1803 923 1859 αῗχμαλωσιάς
960 1800 1039 1844 ἐπὶ
1075 1803 1286 1858 ποταμοῦ
1317 1798 1502 1858 Χοβάρ·

85 1878 166 1920 καὶ
180 1874 467 1933 ἠνοίχθησαν
487 1880 531 1922 οἱ
549 1877 789 1937 οὐρανοί.“
827 1879 979 1921 Ταῦτα
994 1877 1072 1921 καὶ
1086 1879 1192 1936 περὶ
1208 1879 1288 1921 τοῦ
1301 1880 1503 1936 Χριστοῦ

84 1955 366 2012 γέγραπται,
400 1951 473 1999 ὅτε
501 1947 560 2010 ἦν
589 1955 641 2000 ἐν
668 1957 731 2011 τῷ
763 1951 922 2011 κόσμῳ
952 1951 1119 2011 τούτῳ,
1160 1954 1211 1998 ἐν
1247 1957 1298 2016 τῇ
1329 1956 1502 2013 αἰχμα-

85 2033 228 2088 λωσίᾳ
256 2027 393 2091 ταύτῃ
423 2031 500 2075 ἐπὶ
529 2033 609 2076 τοῦ
635 2028 892 2088 Ἰορδάνου,
932 2029 1005 2076 ὅτε
1035 2029 1304 2087 ,,’[ησοῦς3>
1333 2022 1390 2089 ἦν
1419 2032 1505 2093 ἀρ-

81 2106 280 2167 χόμενος
319 2106 428 2153 ὡσεὶ
457 2108 571 2153 ἐτῶν
599 2106 855 2168 τριάκοντα,
870 2109 900 2133 “
943 2109 1021 2152 καὶ
1060 2105 1132 2152 ὅτε
1162 2106 1505 2165 ἠνοίχθησανῆ

90 2185 212 2243 αὐτῷ
244 2187 288 2231 οἱ
321 2184 522 2242 οὐρανοί.
588 2183 655 2229 Τὰ
687 2185 736 2230 δὲ
766 2184 1007 2244 τριάκοντα
1036 2184 1110 2240 ἔτη
1138 2183 1194 2229 τὰ
1224 2184 1274 2230 ἓν
1301 2187 1353 2247 τῇ
1386 2203 1508 2244 προ-

89 2267 252 2322 φητεία
282 2261 394 2307 κατά
425 2262 476 2308 τὸ
507 2261 728 2318 αἲσθητόν
754 2262 878 2309 ἔστιν
913 2260 936 2307 ὃ
971 2259 1139 2321 χρόνος
1175 2265 1251 2318 τῆς
1288 2265 1398 2319 ζωῆς
1425 2266 1505 2309 τοῦ

88 2337 356 2398 προφήτου·
386 2343 462 2396 τῆς
478 2342 529 2386 δὲ
551 2343 875 2399 αἰχμαλωσίας,
908 2339 986 2400 ἀφ’
1019 2330 1072 2385 οὗ
1100 2341 1351 2395 κατῆλθον,
1382 2356 1507 2399 πεμ-

89 2431 208 2461 πτον
236 2417 346 2466 ἔτος.
404 2416 535 2461 Ἀλλὰ
563 2418 653 2477 μὲν
681 2416 796 2463 κατὰ
824 2415 908 2473 τὴν
935 2419 1250 2478 προσηγορίαν
1277 2419 1356 2461 καὶ
1385 2415 1507 2475 σύμ-

88 2496 228 2549 βολον
256 2494 347 2550 ἔχει
375 2496 454 2538 τοῦ
470 2496 671 2555 Χριστοῦ
698 2493 912 2550 Ἰεζεκιὴλ,
949 2491 997 2545 ὃς
1026 2492 1317 2557 ἑρμηνεύεται
1346 2491 1507 2554 κράτος

88 2571 217 2614 θεοῦ.
278 2571 370 2613 Καὶ
398 2569 475 2616 τό·
515 2572 677 2629 ,,υἰὲ5)
708 2569 1026 2632 ἀνθρώπου·“
1058 2575 1121 2623 εἲς
1147 2570 1398 2632 ἀναγωγὴν
1425 2575 1504 2618 τοῦ

83 2650 450 2705 χρηματίσαντος
477 2650 579 2693 υἱοῦ
610 2647 871 2709 ἀνθρώπου.

207 2806 248 2861 ¹)
280 2805 430 2847 Ezech.
461 2807 496 2858 Ι,
528 2806 566 2851 1.
664 2806 708 2863 ²)
736 2807 886 2852 Ezech.
917 2809 952 2859 I,
982 2808 1020 2854 1.
1123 2809 1168 2866 ³)
1196 2811 1296 2853 Luc.
1329 2811 1407 2863 ΙΙΙ,
1436 2809 1506 2856 23.

203 2868 249 2932 ⁸)
282 2875 368 2920 Cfr.
399 2877 499 2920 Luc.
531 2876 611 2930 ΙΙΙ,
637 2875 706 2923 21.
824 2879 868 2935 5)
897 2878 1049 2922 Ezech.
1081 2879 1138 2931 ΙΙ,
1168 2879 1206 2926 1.

1063 2954 1154 3002 12*
