1759 3134
679 140 932 184 PROLOGUS.
1438 147 1522 193 293

97 258 171 299 ille
201 258 262 314 ¹):
306 254 490 311 „scripsi
512 254 554 310 2)
585 253 727 304 vobis,
758 253 905 310 pueri,
936 255 1136 309 quoniam
1167 255 1421 309 cognovistis
1450 275 1524 315 pa-

96 348 227 376 trem:
260 332 406 389 scripsi
437 331 572 382 vobis,
603 342 754 388 patres,
788 329 989 387 quoniam
1021 333 1275 384 cognovistis
1306 351 1417 387 eum,
1448 337 1521 394 qui

95 414 148 454 ab
180 409 300 453 initio
333 420 416 450 est:
446 408 594 465 scripsi
623 406 757 459 vobis,
786 406 981 465 juvenes,
1016 409 1217 465 quoniam
1247 412 1378 454 fortes
1411 413 1522 467 estis,

96 501 137 530 et
157 488 198 542 ³)
237 487 414 527 verbum
444 486 530 528 Dei
566 496 706 527 manet
734 484 778 526 in
807 485 949 536 vobis,
989 496 1031 526 et
1061 485 1215 529 vicistis
1246 490 1521 544 malignum.“

95 565 279 608 Evidens
312 563 461 621 utique
494 575 568 614 est,
598 579 676 605 nec
705 564 756 605 ab
786 563 878 605 ullo
911 563 1094 605 arbitror
1124 565 1299 608 omnino
1322 568 1521 621 dubitari,

95 643 211 700 quod
240 658 396 699 pueros
427 641 495 683 hic
523 642 708 683 Joannes
738 641 807 682 vel
838 641 1141 693 adolescentes,
1172 643 1240 685 vel
1256 643 1298 700 ⁴)
1333 643 1521 701 juvenes,

92 720 160 761 vel
200 720 326 762 etiam
362 731 502 776 patres
542 719 772 761 secundum
812 718 997 771 animae,
1036 736 1125 762 non
1165 722 1398 764 secundum
1429 739 1522 765 cor-

89 796 207 854 poris
247 797 435 854 appellat
457 797 498 853 ⁵)
539 808 731 840 aetatem.
792 797 879 839 Sed
919 808 960 838 et
989 797 1145 839 Paulus
1188 797 1293 840 dicit
1328 799 1373 841 in
1414 817 1520 858 quo-

90 875 188 916 dam
221 874 341 916 loco:
384 890 506 925 „non
531 873 574 931 ὃ)
610 873 735 931 potui
766 874 886 916 vobis
917 874 1039 932 loqui
1069 875 1187 932 quasi
1217 875 1520 932 spiritualibus,

88 953 164 994 sed
194 951 311 1009 quasi
342 951 598 993 carnalibus:
630 963 829 1009 tanquam
859 952 1045 1009 parvulis
1076 952 1120 995 in
1150 953 1318 996 Christo
1350 955 1414 997 lac
1444 973 1520 998 vo-

87 1029 153 1072 bis
190 1041 343 1086 potum
383 1029 504 1081 dedi,
547 1046 636 1072 non
676 1035 863 1072 escam.“
939 1031 989 1072 In
1016 1030 1056 1088 ⁷)
1101 1030 1267 1074 Christo
1317 1035 1520 1090 parvulus

88 1108 241 1165 procul
292 1107 423 1149 dubio
469 1109 701 1150 secundum
745 1107 930 1158 animae,
976 1123 1065 1150 non
1109 1110 1341 1152 secundum
1387 1112 1520 1154 carnis

88 1184 330 1227 nominatur
369 1196 561 1228 aetatem.
621 1185 820 1242 Denique
859 1185 974 1227 idem
1002 1186 1160 1228 Paulus
1201 1186 1328 1229 etiam
1357 1187 1400 1230 in
1430 1190 1516 1232 alio

91 1263 188 1305 loco
220 1262 301 1304 ait:
343 1279 476 1314 „cum
499 1263 541 1320 ⁸)
576 1279 706 1305 essem
737 1263 959 1319 parvulus,
993 1263 1200 1320 loquebar
1229 1265 1336 1307 sicut
1364 1284 1518 1323 parvuu

90 1341 174 1392 lus,
215 1340 323 1382 sicut
359 1341 558 1397 parvulus
598 1341 831 1397 sapiebam,
870 1340 978 1382 sicut
1016 1342 1218 1397 parvulus
1256 1343 1515 1398 cogitabam:

89 1435 184 1460 curn
212 1429 354 1459 autem
384 1419 516 1460 factus
546 1435 640 1460 sum
669 1418 759 1469 vir,
799 1418 983 1459 destruxi
1024 1434 1129 1475 quae
1162 1431 1278 1462 erant
1307 1422 1516 1478 parvuli.“

88 1496 144 1538 Et
195 1495 349 1538 iterum
403 1495 506 1537 alibi
560 1495 689 1538 dicit:
743 1496 915 1548 „donec
948 1496 991 1553 ⁹)
1045 1512 1314 1540 occurramus
1369 1516 1516 1543 omnes

93 1574 135 1615 in
178 1574 316 1616 virum
362 1576 622 1631 perfectum,
666 1574 709 1616 in
756 1591 995 1616 mensuram
1046 1574 1190 1617 aetatis
1236 1576 1516 1634 plenitudinis

90 1651 287 1698 Cl1risti.“
346 1652 436 1696 Scit
467 1652 578 1695 enim
611 1668 859 1696 occursuros
888 1652 957 1708 ¹⁰)
999 1669 1085 1696 esse
1118 1670 1286 1706 omnes,
1326 1655 1398 1712 qui
1429 1672 1518 1699 cre-

208 1872 246 1929 ¹)
276 1873 409 1914 Deest
440 1872 587 1923 „ille“
620 1871 661 1913 in
694 1872 788 1913 edd.
821 1872 884 1914 M.

203 1943 246 1999 2)
277 1944 465 1985 IJoann.
499 1944 554 1994 ΙΙ,
587 1942 651 1987 13.
686 1942 751 1986 14.

201 2013 245 2069 3)
276 2013 348 2057 Sic
377 2015 532 2056 habent
561 2013 688 2063 Mss.,
730 2014 803 2054 sed
842 2013 939 2055 libri
979 2015 1082 2056 editi
1117 2017 1174 2072 (v.
1209 2036 1242 2059 c.
1276 2019 1371 2059 edd.
1404 2019 1510 2071 M.):

87 2083 156 2122 „et
182 2087 260 2128 per
289 2073 467 2113 verbum
495 2070 603 2121 Dei,
636 2071 753 2128 quod
784 2082 925 2112 manet
954 2071 995 2113 in
1027 2073 1174 2126 coelo,
1205 2074 1360 2117 vicistis
1390 2075 1512 2118 mali-

86 2133 256 2182 gnum.“
317 2129 368 2170 R.

200 2199 243 2257 ⁴²)
272 2200 383 2242 Edd.
414 2199 608 2242 Merlini:
642 2209 684 2240 et
711 2197 897 2257 juvenes·

203 2271 248 2325 ⁵)
278 2271 388 2313 Edd.
419 2269 611 2312 Merlini:
643 2270 844 2327 appellat.¹

88 2399 97 2408 ⁸
188 2342 246 2440 (ἱ)
279 2342 364 2440 (ἐξ.
387 2342 407 2383 Ι
426 2341 523 2385 Cor.
544 2342 623 2394 III,
643 2340 679 2386 1.
700 2341 740 2387 2.
766 2368 817 2374 —-
843 2342 1012 2386 Desunt
1027 2345 1170 2387 verba:
1201 2361 1314 2397 „non
1334 2350 1505 2397 escamf

88 2416 131 2441 111
162 2414 183 2439 e
248 2430 256 2440 .
288 2429 305 2440 I
340 2431 349 2440 .

205 2470 246 2526 ⁷)
279 2469 351 2512 Sic
391 2470 514 2519 Mss.,
553 2469 652 2510 libri
692 2487 793 2513 vero
835 2472 939 2514 editi
977 2472 1037 2530 (v.
1078 2490 1111 2515 c.
1152 2473 1246 2515 edd.
1279 2473 1385 2530 M.):
1425 2476 1512 2525 „In

90 2526 258 2569 Christo
280 2537 438 2625 {ntem
474 2526 641 2582 parvuli
669 2529 822 2585 procul
853 2529 984 2571 dubio
1018 2553 1068 2561 —-
1100 2530 1372 2573 nominantur
1402 2544 1512 2575 aeta-

87 2589 223 2627 tem.“
324 2616 332 2625 .

204 2654 248 2710 ⁸)
281 2655 301 2695 Ι
322 2654 420 2696 Cor.
451 2653 574 2704 XIII,
605 2653 670 2698 11.
715 2677 764 2686 -
801 2656 910 2699 Edd.
940 2658 1134 2701 Merlini:
1174 2658 1282 2702 sicut
1311 2660 1511 2717 parvulus

88 2712 309 2769 loquebar.

207 2782 250 2838 9)
285 2782 371 2823 Cfr,
402 2781 555 2837 Ephes.
589 2783 661 2833 IV,
694 2782 761 2827 13.

181 2852 249 2908 ¹⁰)
282 2852 390 2893 Edd.
429 2851 626 2893 Merlini:
667 2869 920 2897 occursuros
958 2873 1045 2899 csse
1086 2876 1162 2903 nos
1201 2860 1243 2903 in
1280 2876 1515 2905 mensuram

90 2908 234 2952 aetatis
263 2907 543 2966 plenitudinis
576 2909 740 2953 Christi.
801 2911 935 2968 Igitur
965 2925 1041 2957 etc.
