1759 3134
237 155 294 199 88
646 158 866 199 OmGENxs
898 171 940 199 m
972 159 1267 201 Ezsscnmmm

253 269 406 310 deinde
437 270 470 309 si
500 270 684 325 Spiritus
715 283 879 312 sanctus
912 272 1073 312 dederit
1102 271 1165 327 ¹),
1207 273 1258 311 ad
1291 273 1436 312 Jcsum
1468 274 1678 315 Christum

253 358 294 387 et
324 347 377 386 ad
407 346 549 386 Deum
579 359 743 403 patrem
775 349 1092 402 transmigrabo.
1153 348 1337 403 Quando
1361 351 1432 390 -ad
1464 350 1677 392 hominem

251 423 420 477 loquor,
453 435 493 464 et
524 425 731 480 deprecor
763 442 857 466 curn
889 443 967 482 pro
994 427 1130 482 aliqua
1156 443 1213 476 re,
1240 439 1289 466 ut
1313 427 1557 468 misereatur
1575 429 1678 468 mei:

252 499 286 538 si
317 498 404 540 sine
436 499 724 544 misericordia
757 516 840 554 est,
879 504 984 544 nihil
1026 504 1183 559 patitur
1224 520 1270 543 ex
1301 503 1384 552 his,
1425 519 1529 559 quae
1561 520 1583 544 a
1612 521 1679 544 me

252 576 473 617 dicuntur:
515 579 548 618 si
591 596 690 620 vcro
733 581 856 621 molli
899 593 959 621 est
991 582 1155 630 animo,
1196 593 1236 621 et
1265 580 1370 621 nihil
1401 580 1442 620 in
1476 596 1526 620 eo
1557 580 1680 633 rigidi

255 653 394 694 cordis
426 655 648 707 obduruit,
679 658 796 698 audit
825 675 918 708 me,
950 671 989 699 et
1018 660 1241 699 miseretur
1270 658 1375 698 mei:
1409 670 1450 698 et
1479 658 1680 698 molliun-

252 742 321 770 tur
350 731 508 772 viscera
540 734 627 790 ejus
657 736 709 775 ad
738 752 851 776 meas
882 753 1041 791 preces.
1103 737 1207 777 Tale
1249 735 1352 776 mihi
1387 735 1589 797 quiddam
1620 735 1680 774 in-

250 807 394 860 tellige
435 825 561 865 super
603 813 882 853 Salvatorem.
958 813 1187 853 Descendit
1233 814 1275 853 in
1316 825 1446 853 terras
1482 812 1681 852 miserans

256 884 485 926 humanum
517 904 656 940 genus,
686 890 899 945 passiones
925 906 1147 946 perpessus
1172 903 1229 931 est
1255 902 1428 938 nostras,
1458 900 1681 944 antequam

255 978 424 1003 crucem
453 977 680 1020 pateretur,
713 979 754 1007 et
785 984 949 1007 carnem
981 979 1167 1008 nostram
1192 967 1431 1019 dignaretur
1459 983 1679 1008 assumere.

252 1040 300 1082 Si
340 1042 451 1082 enim
491 1059 576 1084 non
616 1044 762 1084 suisset
799 1061 964 1100 passus,
1001 1060 1088 1084 non
1119 1045 1297 1085 venisset
1327 1045 1369 1084 in
1401 1044 1684 1084 conversatio-

251 1134 349 1158 nem
381 1119 584 1160 humanae
619 1121 738 1161 vitae.
797 1123 989 1162 Primum
1020 1137 1163 1176 passus
1195 1133 1277 1171 est,
1320 1121 1471 1161 deinde
1511 1123 1681 1161 descen-

255 1194 337 1243 dit,
380 1207 420 1235 et
451 1196 561 1237 visus
593 1209 664 1238 est.
727 1197 847 1251 Quae
881 1209 942 1238 est
972 1197 1070 1246 ista,
1112 1214 1236 1252 quam
1272 1214 1352 1253 pro
1385 1197 1507 1238 nobis
1537 1215 1680 1253 passus

255 1281 315 1310 est
360 1272 528 1326 passio?
601 1274 761 1315 Caritas
805 1286 865 1314 est
908 1274 1061 1329 passio.
1135 1274 1261 1314 Pater
1301 1290 1471 1330 quoque
1511 1275 1600 1331 ipse
1641 1288 1682 1316 et

253 1347 372 1388 Deus
410 1349 716 1401 universitatis,
765 1351 1013 1404 longanimis
1061 1364 1101 1391 ct
1142 1352 1325 1392 multum
1362 1352 1600 1394 misericors
1641 1366 1681 1394 et

253 1425 486 1476 miserator,
517 1443 656 1468 nonne
684 1430 1003 1483 quodammodo
1036 1428 1222 1484 patitur?
1269 1430 1331 1469 An
1361 1430 1540 1482 ignoras,
1572 1431 1680 1487 quia,

253 1504 421 1557 quando
462 1505 639 1545 humana
682 1504 917 1560 dispensat,
959 1505 1197 1561 passionem
1236 1506 1394 1561 patitur
1432 1508 1683 1550 humanam?

255 1580 570 1635 „Supportavit
594 1583 636 1637 2)
685 1582 796 1622 enim
843 1600 982 1624 mores
1028 1595 1122 1624 tuos
1162 1583 1374 1624 Dominus
1410 1585 1527 1626 Deus
1570 1598 1680 1638 tuus,

256 1659 476 1711 quomodo
516 1660 548 1699 si
590 1660 681 1714 quis
721 1672 945 1715 supportet
986 1662 1115 1700 homo
1158 1661 1293 1700 filium
1329 1669 1492 1702 suum.“
1551 1664 1682 1716 Igitur

252 1749 392 1774 mores
437 1747 606 1776 nostros
648 1749 871 1792 supportat
915 1738 1057 1787 Deus,
1112 1737 1217 1777 sicut
1262 1738 1476 1793 passiones
1521 1753 1681 1783 nostras

252 1817 404 1864 portat
432 1812 544 1853 filius
585 1814 681 1854 Dei.
757 1816 851 1870 lpse
890 1826 1009 1870 pater
1048 1830 1135 1854 non
1175 1826 1235 1854 est
1279 1816 1560 1870 impassibilis.
1636 1819 1682 1860 Si

254 1899 448 1939 rogetur,
487 1890 710 1931 miseretur
751 1903 792 1931 et
824 1892 1048 1941 condolet,
1087 1891 1246 1946 patitur
1284 1893 1446 1948 aliquid
1489 1895 1681 1946 caritatis,

251 1974 292 2003 et
329 1965 376 2005 fit
414 1965 457 2005 in
495 1967 568 2017 iis,
607 1968 648 2008 in
692 1968 843 2024 quibus
883 1967 996 2024 juxta
1022 1969 1355 2020 magnitudinem
1381 1982 1552 2012 naturae
1581 1989 1679 2013 suae

252 2055 339 2080 non
368 2054 511 2097 potest
526 2052 637 2094 esse,
671 2056 711 2084 et
735 2056 914 2100 propter
937 2061 1014 2085 nos
1036 2045 1234 2086 humanas
1258 2047 1432 2087 sustinet
1451 2049 1678 2103 passiones.

368 2118 404 2160 7.
450 2121 643 2177 ‚‚N0n³)
684 2122 875 2178 pepercit
912 2123 1060 2163 oculus
1095 2135 1213 2173 tuus,
1251 2123 1408 2179 inquit,
1451 2125 1493 2165 in
1524 2138 1588 2176 te,
1631 2140 1677 2168 ut

250 2196 408 2235 faceret
448 2196 525 2237 tibi
564 2215 694 2239 unum
735 2216 782 2239 ex
823 2198 1018 2239 omnibus
1058 2200 1170 2249 istis,
1215 2213 1261 2241 ut
1306 2213 1474 2257 paterer
1518 2203 1679 2260 aliquid

249 2290 376 2328 super
405 2281 487 2316 te.“
546 2276 638 2325 „Et
663 2275 755 2331 ⁴²)“,
787 2276 883 2332 quia
912 2276 1006 2317 talis
1038 2278 1188 2318 effecta
1220 2296 1274 2328 es,
1306 2279 1534 2338 „projecta
1565 2297 1607 2322 es
1636 2281 1680 2322 in

250 2351 401 2392 faciem
434 2354 611 2408 campi.“
669 2354 787 2393 Deus
824 2370 877 2393 ne
906 2370 984 2394 nos
1014 2354 1117 2395 tales
1152 2371 1238 2396 esse
1270 2357 1460 2411 patiaris,
1501 2370 1549 2398 ut
1577 2375 1678 2414 pro-

250 2427 443 2483 jiciamur
481 2447 504 2471 a
544 2443 605 2479 te,
640 2443 682 2470 et
723 2432 774 2470 ab
816 2432 991 2472 ecclesia
1029 2444 1100 2472 tua
1139 2432 1180 2472 in
1220 2432 1372 2473 faciem
1407 2435 1564 2491 campi,
1602 2438 1676 2479 sed

252 2506 403 2558 magiS‚
440 2519 487 2548 ut
525 2510 576 2548 ab
616 2508 813 2559 angustiis
857 2524 1053 2549 sensuum
1087 2509 1348 2562 egrediamur
1377 2512 1430 2552 ad
1460 2514 1675 2568 campum!

250 2583 343 2631 „Et
369 2585 410 2638 ⁵)
448 2584 637 2642 projecta
677 2602 717 2625 es
759 2586 798 2625 in
841 2586 990 2626 faciem
1033 2587 1210 2642 campi.“
1271 2586 1443 2641 Quare?
1499 2589 1675 2639 „Pravi-

369 2745 409 2799 ¹)
438 2745 516 2786 Ed.
549 2747 681 2786 Ruaei
713 2749 823 2789 sola:
859 2750 1021 2791 viderit.
1145 2750 1187 2806 2)
1219 2749 1304 2791 Cfr.
1335 2749 1484 2790 Ezech.
1515 2749 1628 2791 XVI.

368 2815 410 2868 3)
438 2815 589 2856 Ezech.
620 2817 735 2865 XVI,
767 2819 804 2860 5.
927 2821 967 2875 ⁴)
998 2821 1150 2862 Ezech‚
1180 2820 1295 2869 XVI,
1330 2820 1367 2867 5,

369 2885 408 2939 5)
438 2885 587 2926 Ezech.
619 2887 734 2936 XVI,
770 2890 805 2930 5.
