1759 3134
648 144 843 185 HommA
872 142 987 184 XIV.
1455 148 1536 191 177

100 260 212 301 Sunt
246 252 385 299 autem
423 255 618 312 quidam,
663 255 735 313 qui
764 265 903 295 amant
933 254 1239 307 velamentum,
1278 267 1321 297 et
1352 258 1531 300 oderunt

105 352 191 386 eos,
225 335 296 391 qui
330 335 380 374 de
409 333 615 374 velamine
645 333 992 386 interpretantur:
1023 334 1095 372 sed
1125 350 1202 374 nos
1234 346 1527 376 convertamur

106 413 158 452 ad
187 410 436 460 Dominum,
467 422 513 450 ut
544 411 682 451 ablato
715 408 921 449 velamine
953 409 1157 452 dicamus:
1191 427 1294 460 „nos
1313 412 1352 466 ¹)
1383 424 1523 453 autem

104 504 251 528 omnes
279 487 462 527 revelata
491 487 598 527 facie
629 485 805 539 gloriam
834 485 920 526 Dei
949 487 1233 542 speculantes,
1272 488 1315 529 in
1345 490 1522 530 eandem

102 564 325 616 imaginem
363 565 712 604 transformamur
753 578 775 602 a
813 562 948 614 gloria
984 562 1029 602 in
1068 563 1297 615 gloriam.‘⁴
1361 567 1519 607 Verum

103 653 163 682 est
193 641 399 695 quaedam
431 653 576 697 porta,
617 651 658 681 et
686 655 790 689 una,
829 651 871 680 et
914 640 1074 690 clausa,
1113 656 1191 696 per
1228 657 1353 696 quam
1388 659 1514 684 nemo

100 716 273 759 transiit.
334 718 441 759 Sunt
479 717 637 773 quippe
672 717 876 772 quaedam
903 717 1122 758 universae
1154 729 1366 758 creaturae
1397 718 1514 760 inco-

100 794 229 847 gnita,
274 805 318 834 et
356 794 429 834 uni
467 794 763 834 tantummodo
800 806 912 836 nota.
971 795 1119 850 Neque
1158 794 1270 835 enim
1308 794 1513 852 quidquid

97 871 216 912 novit
245 870 370 920 filius,
402 871 483 911 hoc
507 872 666 911 mundo
692 872 867 927 aperuit.
912 874 1010 914 Non
1033 872 1144 928 capit
1169 883 1369 922 creatura,
1400 874 1515 933 quod

98 948 209 1004 capit
236 948 375 988 Deus:
417 959 458 988 et
494 959 542 987 ut
578 949 631 988 ad
660 948 819 1007 majora
848 950 1034 1000 veniam,
1075 966 1163 990 non
1203 948 1374 1005 capiunt
1401 949 1515 1001 signa

96 1025 325 1081 aequaliter
355 1024 651 1077 cognitionem.
708 1026 810 1067 Plus
842 1039 928 1068 erat
958 1027 1001 1067 in
1031 1026 1180 1076 Paulo,
1213 1042 1338 1082 quam
1366 1026 1409 1066 in
1436 1026 1513 1067 Ti-

95 1103 292 1152 motheo,
331 1119 427 1142 cum
467 1114 572 1143 esset
609 1120 678 1145 vas
720 1105 950 1146 electionis,
1010 1105 1066 1144 Et
1104 1120 1201 1144 vere
1240 1119 1437 1155 magnum
1469 1104 1513 1145 in

100 1181 229 1220 domo
260 1195 329 1220 vas
360 1176 623 1230 Timotheus,
654 1198 818 1221 rursum
851 1183 974 1237 capit,
1005 1197 1109 1237 quae
1140 1197 1216 1233 ego
1249 1197 1397 1236 capere
1427 1197 1512 1222 non

97 1246 282 1313 possum.
342 1256 397 1296 Et
430 1267 491 1296 est
520 1257 695 1297 forsitan
725 1257 899 1313 aliquis,
930 1259 1001 1314 qui
1028 1259 1151 1299 etiam
1180 1274 1249 1298 me
1278 1258 1416 1298 minus
1449 1275 1514 1300 ea-

98 1334 205 1388 piat:
236 1344 330 1374 sunt
360 1334 587 1388 quaedam,
619 1349 723 1388 quae
755 1334 870 1374 solus
903 1334 1088 1376 Christus
1118 1335 1251 1390 capit,
1282 1346 1324 1375 et
1352 1335 1511 1376 idcirco

99 1410 235 1450 clausa
266 1421 327 1449 est
354 1409 476 1466 janua
505 1410 656 1464 templi
673 1410 770 1450 Dei.
818 1409 937 1462 Quae
969 1422 1028 1451 est
1059 1411 1170 1451 enim
1200 1411 1277 1452 ista
1308 1413 1516 1454 obsecro?

95 1486 311 1534 Exterior‚
351 1502 455 1540 quae
487 1487 828 1526 extramundanas
858 1502 944 1536 res,
986 1498 1026 1527 et
1062 1487 1355 1543 incorporeas,
1398 1499 1439 1528 et
1467 1500 1514 1528 ut

95 1563 152 1604 ita
182 1563 330 1612 dicam,
360 1562 712 1618 immateriales2)
743 1563 890 1619 aperit.
934 1566 1082 1620 Neque
1114 1565 1225 1605 enim
1254 1565 1406 1605 frustra
1436 1581 1515 1620 po-

96 1640 222 1681 situm
254 1651 327 1689 est,
359 1640 610 1680 exteriorem
639 1639 806 1697 januam
836 1657 1002 1696 semper
1031 1656 1118 1681 esse
1151 1641 1343 1682 clausam.
1391 1642 1512 1695 Quae

97 1729 159 1759 est
187 1718 263 1757 ista
290 1717 414 1773 janua
445 1717 654 1758 exterior?
700 1719 964 1759 Sanctorum.
1017 1716 1160 1770 Quare
1193 1717 1356 1758 clausa?
1401 1717 1514 1771 Quia

97 1794 308 1835 Dominus
338 1794 456 1834 Deus
486 1794 615 1834 Israel
646 1795 761 1834 solus
792 1794 1026 1846 ingreditur
1054 1805 1096 1833 et
1125 1793 1336 1845 egreditur
1359 1795 1400 1851 ³)
1437 1812 1515 1851 per

99 1887 203 1912 eam.
265 1870 406 1924 Quare
435 1870 755 1925 ingreditur⁴)?
812 1870 870 1911 Ut
901 1882 1184 1922 cognoscatur.
1244 1872 1282 1911 A
1313 1872 1426 1927 quo?
1478 1874 1513 1912 A

98 1950 217 1989 duce.
278 1946 383 2000 Quis
420 1948 474 1987 ad
515 1947 696 1987 clausam
732 1958 900 2002 portam
940 1948 1021 1987 dux
1052 1947 1158 1990 iste?
1215 1948 1409 1989 Salvator
1439 1962 1513 2000 est,

97 2024 170 2081 qui
198 2039 351 2078 panem
382 2023 586 2073 comedit,
626 2024 697 2079 qui
735 2036 903 2079 portam
941 2041 1038 2065 eum
1067 2036 1185 2079 patre
1219 2025 1399 2076 claudit,
1441 2028 1514 2083 qui

95 2100 303 2157 spirituali
332 2099 515 2155 pascitur
545 2101 662 2141 cibo:
693 2117 845 2151 „meus
867 2101 908 2157 5)
940 2101 1055 2142 cibus
1087 2113 1161 2152 est,
1191 2101 1347 2153 dicens,
1377 2115 1424 2144 ut
1454 2106 1514 2145 fa-

99 2179 204 2220 ciam
234 2179 495 2218 voluntatem
537 2176 646 2235 ejus,
688 2178 758 2233 qui
795 2178 908 2219 misit
937 2195 1028 2228 me,
1065 2191 1113 2219 ut
1150 2179 1366 2234 perficiam
1408 2196 1514 2235 opus

98 2255 229 2312 ejus.“
289 2255 438 2296 Clausa
469 2265 529 2294 est
558 2254 696 2310 itaque
726 2253 871 2311 janua,
911 2267 958 2296 ut
987 2272 1113 2296 nemo
1149 2256 1287 2297 videat
1316 2273 1510 2309 magnum

97 2333 360 2372 sacerdotem
388 2347 542 2386 panem
571 2331 613 2371 in
643 2332 792 2372 sanctis
823 2344 1063 2373 sanctorum
1093 2335 1400 2376 comedentem.

211 2407 249 2451 3.
294 2409 361 2448 Ad
392 2409 493 2449 haec
523 2420 663 2455 autem
692 2410 933 2464 probanda,
966 2426 1069 2466 quae
1101 2410 1304 2461 dicimus,
1336 2410 1405 2465 qui
1436 2412 1514 2449 Le-

221 2572 259 2627 ¹)
291 2574 332 2612 11
354 2573 452 2615 Cor.
483 2573 561 2623 ΙΙΙ,
592 2575 655 2617 18.

216 2643 258 2698 2)
289 2641 397 2682 Edd.
429 2642 603 2682 Mer-lini
633 2660 875 2700 perperam:
908 2647 1154 2688 materiales.

217 2713 260 2767 3)
290 2712 399 2752 Edd.
427 2712 627 2752 'Merliniz
658 2716 901 2765 regreditur.

217 2781 258 2836 ⁴²)
290 2782 398 2823 Edd.
429 2781 623 2822 Merlini:
656 2785 894 2834 egreditur?
951 2786 1008 2826 Ut
1040 2799 1116 2828 etc.

218 2852 260 2907 ⁵)
290 2852 366 2892 Ev.
397 2852 546 2893 Joann.
580 2852 651 2901 IV,
683 2851 748 2895 34.

104 2929 320 2972 Omossms
343 2928 512 2971 OPERA.
559 2927 811 2971 Tom.XlV.
1164 2933 1216 2977 12
