1759 3134
743 132 883 176 Lmen
913 133 945 176 Ι.
1473 140 1553 186 341

135 264 220 298 sen,
253 248 413 289 dicens:
445 245 588 303 accipe
619 245 697 287 tibi
725 245 877 286 florem
907 246 1098 304 myrrhae
1124 248 1281 291 electae
1304 250 1553 308 quingentos

131 325 278 377 siclos,
311 336 352 366 et
382 324 665 366 cinamomum
694 339 819 365 suave
851 324 1055 365 ducentos
1085 325 1384 383 quinquaginta
1412 328 1553 382 siclos,

132 414 173 445 et
211 403 417 445 calamum
457 418 627 444 suavem
666 403 869 444 ducentos
910 400 1207 459 quinquaginta
1246 405 1396 458 siclos,
1441 419 1482 450 et
1511 409 1552 466 ¹)

131 481 261 522 casiae
280 479 528 537 quingentos
550 479 676 522 siclos
693 481 925 522 secundum
944 479 1095 521 siclum
1112 493 1314 535 sanctum,
1347 497 1388 526 et
1407 486 1551 528 oleum

130 575 177 600 ex
208 556 331 599 olivis
361 557 447 599 Hin
470 558 535 615 ²),
577 569 618 599 et
654 557 780 600 facies
816 557 927 599 illud
964 557 1109 600 oleum
1146 559 1380 602 chrismatis
1419 563 1551 605 sancti

126 634 438 692 unguentum3)
466 646 552 677 arte
582 634 891 692 pigmentarii.“
949 635 1066 678 Haec
1089 648 1230 680 autem
1259 638 1302 681 in
1333 640 1424 693 lege
1456 641 1548 698 qui-

126 716 224 756 dem
253 712 403 755 referri
433 712 620 755 audierat
648 729 823 770 sponsa,
864 715 935 757 sed
978 714 1185 757 rationem
1222 732 1371 760 eorum
1399 718 1550 761 verita-

123 804 294 850 temque
331 807 442 833 nunc
480 790 696 848 perspicit.
755 790 865 832 Vide
907 807 1028 845 ergo,
1072 794 1189 851 quod
1227 794 1329 837 istae
1369 809 1550 854 quatuor

123 870 282 929 species
311 867 513 924 unguenti
529 867 660 918 istius,
690 868 874 911 formam
894 871 1093 912 tenebant
1111 871 1408 916 incarnationis
1429 875 1549 917 verbi

123 948 230 999 Dei,
275 947 392 1005 quod
437 963 485 988 ex
530 957 712 1004 quatuor
756 946 974 991 elementis
1016 949 1358 1006 compaginatum
1395 969 1548 1010 corpus

123 1025 335 1077 assumsit,
376 1024 419 1066 in
450 1041 534 1082 quo
573 1040 753 1083 corpore
783 1025 952 1085 myrrha
979 1025 1056 1069 illa
1084 1027 1233 1070 mortis
1272 1028 1381 1089 ejus,
1422 1047 1548 1088 quam

120 1105 206 1147 sive
235 1115 283 1146 ut
312 1102 505 1161 pontifex
532 1120 613 1161 pro
643 1104 835 1161 populo,
875 1104 963 1146 sive
999 1116 1048 1146 ut
1076 1122 1254 1163 sponsus
1283 1123 1362 1164 pro
1394 1124 1548 1164 sponsa

122 1181 326 1239 suscepit,
356 1192 492 1223 servat
521 1180 687 1223 indicia.
750 1180 883 1236 Quod
911 1198 1012 1224 vero
1040 1199 1129 1225 non
1157 1184 1408 1241 simpliciter
1435 1202 1547 1245 myr-

122 1261 217 1312 rha,
258 1260 332 1301 sed
360 1259 439 1301 flos
469 1259 681 1317 myrrhae,
724 1271 766 1301 et
801 1260 993 1319 myrrhae
1034 1261 1193 1304 electae
1228 1262 1434 1320 scriptum
1471 1276 1546 1316 est,

121 1355 208 1381 non
237 1337 376 1380 solum
407 1349 591 1378 mortem
622 1337 733 1396 ejus,
767 1338 843 1379 sed
873 1349 913 1379 et
942 1338 1275 1395 primogenitum
1305 1356 1402 1382 eum
1432 1342 1546 1383 futu-

120 1433 214 1458 rum
260 1432 309 1456 ex
352 1414 530 1456 mortuis
569 1414 800 1466 indicabat,
847 1425 972 1472 atque
1015 1431 1107 1467 eos,
1155 1416 1229 1473 qui
1269 1418 1544 1474 complantati

119 1495 293 1537 fuissent
331 1491 609 1535 similitudine
632 1493 673 1547 ⁴²)
712 1493 862 1535 mortis
902 1493 1013 1553 ejus,
1052 1511 1139 1536 non
1178 1496 1319 1538 solum
1357 1509 1544 1549 vocatos,

118 1574 192 1616 scd
233 1573 389 1614 electos
428 1572 606 1613 futuros.
669 1571 968 1614 Cinamomum
1001 1589 1103 1615 vero
1135 1574 1451 1616 immaculatum
1482 1575 1544 1616 di-

118 1652 247 1703 citur,
276 1662 456 1707 propter
486 1649 707 1691 ecclesiam
735 1649 823 1691 sine
854 1650 1020 1705 dubio,
1055 1667 1179 1708 quam
1205 1652 1246 1709 ⁵)
1277 1651 1542 1708 purificatam

118 1732 284 1772 lavacro
315 1744 446 1785 aquae
474 1727 788 1769 immaculatam
818 1727 934 1780 fecit,
961 1745 1049 1771 non
1073 1730 1298 1772 habentem
1316 1731 1556 1784 maculam,'

119 1821 190 1851 aut
218 1823 383 1861 rugam,
421 1817 492 1847 aut
521 1805 683 1862 aliquid
713 1804 968 1864 hujusmodi.
1030 1808 1117 1850 Sed
1148 1819 1189 1850 et
1216 1791 1400 1851 calamus
1429 1817 1540 1852 a‘ssu-

116 1888 261 1938 mitur,
304 1884 402 1942 quia
439 1884 580 1938 lingua
611 1883 698 1941 ejus
730 1883 856 1926 etiam
886 1897 948 1927 cst
979 1886 1161 1928 calamus
1191 1887 1351 1929 scribae
1380 1887 1539 1929 veloci-

116 1979 180 2009 ter
208 1963 448 2014 scribentis,
487 1962 703 2004 doctrinae
743 1963 916 2016 gratiam
946 1963 1171 2020 pigmentis
1202 1965 1417 2020 designans
1446 1983 1539 2008 sua-

115 2044 251 2088 vitatis
273 2041 328 2100 6).
377 2037 525 2099 ’Ίρεως
550 2039 591 2095 ⁷)
622 2029 794 2098 quoque
822 2041 983 2099 species
1021 2042 1244 2086 adhibetur
1274 2044 1537 2096 calidissima,

232 2188 469 2243 ¹)-Desunt
504 2185 652 2225 verba:
694 2195 774 2235 „et
813 2183 945 2227 casiae
985 2185 1236 2244 quingentos
1274 2186 1457 2240 siclos“‚
1494 2187 1537 2229 in

114 2247 209 2288 cdd.
239 2245 300 2287 M.

228 2315 272 2371 ²)
302 2315 436 2356 Deest
464 2312 622 2365 „Hin“
652 2313 696 2354 in
728 2314 821 2355 edd.
853 2315 914 2357 M.

230 2387 274 2442 3)
302 2385 412 2426 Edd.
444 2383 639 2426 Merlini:
671 2385 884 2438 unguenti.

233 2455 275 2513 ²²)
303 2455 414 2497 Edd
444 2454 639 2496 Merlini:
668 2454 949 2498 similitudini.

231 2528 273 2584 ⁵)
302 2526 412 2567 Edd.
444 2524 640 2567 Merlini:
679 2542 806 2582 quam
833 2526 1073 2583 purificavit
1102 2528 1267 2569 lavacro
1298 2544 1450 2585 aquae:
1491 2541 1534 2571 et

112 2584 445 2638 immaculatam
454 2581 556 2623 fecit
587 2593 665 2625 etc.

228 2656 271 2721 6)
302 2654 373 2696 Sic
401 2654 566 2718 habent·
581 2653 682 2694 Mss
741 2652 858 2695 Libri
887 2669 987 2695 vero
1020 2653 1123 2696 editi
1154 2654 1210 2711 (e.
1243 2673 1276 2699 c.
1311 2657 1405 2698 edd.
1427 2657 1534 2714 M.:)

114 2711 376 2769 ‚,suavitatis.
452 2711 502 2752 In
539 2709 589 2750 iis
626 2726 796 2776 quoque
835 2710 996 2776 species
1035 2711 1207 2753 adhibet
1246 2713 1531 2765 calidissimas,

111 2784 158 2814 ut
185 2771 420 2867 referanttfxg·
449 2767 502 2808 ad
530 2766 836 2809 ardentissima:
876 2767 920 2809 in
957 2784 1040 2825 qua
1067 2785 1114 2810 re
1142 2769 1211 2811 vel
1240 2769 1411 2828 spiritus
1441 2787 1533 2813 san-

114 2828 205 2870 cti“
235 2837 300 2868 etc
414 2856 423 2865 .

230 2896 271 2954 ⁷)
306 2895 393 2939 Csr.
424 2893 558 2937 Exod.
590 2888 730 2947 XXX,
758 2893 826 2941 24.
