1738 3134
204 138 246 163 w
737 125 1096 169 Paornfiomssm.

321 233 432 288 Ejus
463 234 505 276 in
540 236 729 279 eundem
761 237 1035 295 prophetam
1068 236 1288 280 homiliae
1318 237 1375 280 iis
1406 238 1638 294 posterio-

212 361 286 391 res
320 352 446 401 sunt,
493 361 604 403 quas
643 350 688 392 in
717 351 964 394 Jeremiam
999 351 1285 408 composuit,
1329 351 1393 394 uti
1425 355 1552 408 patet
1585 364 1640 393 ex

212 461 282 504 his
324 460 592 505 undecimae
629 462 674 505 in
716 463 1007 507 Ezechielem
1048 464 1225 506 verbis:
1273 465 1377 516 „Eo
1418 469 1643 520 tempore,

212 587 301 630 quo
347 574 598 618 Jeremiam
651 578 976 634 exposuimus,
1025 590 1103 627 ea,
1155 590 1270 632 quae
1316 577 1451 620 nobis
1500 579 1645 633 gratia

213 688 303 731 Dei
339 688 576 731 orantibus
607 690 742 732 nobis
780 690 942 747 largita
982 695 1073 742 est,
1116 690 1212 733 sive
1253 696 1377 733 certe
1417 695 1645 747 utcunque

209 802 457 856 sensimus,
509 814 742 859 exponere
784 803 937 846 conati
978 808 1184 846 sumus.“
1246 804 1376 857 Quae
1405 803 1547 869 verba
1578 804 1643 846 in-

207 928 345 972 super
374 915 589 972 probant,
621 920 714 958 tum
745 915 864 968 illas,
896 929 1006 972 quas
1037 916 1083 958 in
1116 915 1381 967 Jeremiam,
1419 921 1514 958 tum
1547 929 1640 971 eas,

207 1041 318 1084 quas
349 1027 395 1070 in
417 1027 708 1071 Ezechielem
742 1027 884 1071 edidit
914 1028 1142 1082 homilias,
1175 1042 1332 1073 coram
1365 1029 1528 1072 eodem
1556 1043 1640 1087 po-

203 1139 332 1197 pulo,
367 1145 412 1183 et
440 1141 487 1183 in
519 1141 679 1183 eadem
705 1142 1027 1198 pronuntiatas
1059 1142 1202 1185 fuisse
1231 1143 1361 1197 urbe,
1395 1157 1510 1200 quae
1543 1157 1639 1187 cre-

207 1251 331 1295 ditur
375 1251 517 1296 fuisse
559 1252 791 1295 Caesarea
829 1253 1144 1307 Palaestinae,
1189 1253 1267 1296 ubi
1299 1256 1396 1311 J'am
1437 1270 1464 1300 a
1502 1257 1639 1314 longo

202 1371 416 1422 tempore
448 1365 604 1408 sedem
638 1379 766 1409 suam
797 1366 971 1410 fixerat.
1036 1366 1173 1409 Certe
1211 1366 1403 1410 homilia
1441 1380 1562 1412 nona
1593 1369 1637 1411 in

210 1478 462 1521 Jeremiam
503 1483 663 1537 aperte
705 1492 755 1522 se
792 1480 947 1537 prodit
985 1479 1031 1522 in
1061 1477 1322 1522 Palaestina
1362 1480 1636 1539 concionan-

207 1597 316 1645 tem,
351 1606 452 1635 cum
485 1592 568 1635 ait:
619 1593 782 1646 „Haec
817 1605 909 1635 non
949 1598 1018 1635 est
1048 1597 1195 1645 terra,
1237 1605 1370 1647 quam
1400 1594 1638 1651 pollicitus

208 1711 279 1748 est
309 1705 460 1755 DeuS,
503 1710 628 1748 terra
657 1707 799 1748 fluens
830 1705 903 1748 lac
934 1711 978 1748 et
1007 1704 1122 1756 mel,
1169 1705 1246 1747 sed
1279 1704 1360 1748 illa
1402 1710 1474 1749 est
1499 1711 1636 1758 terra,

205 1819 261 1861 de
299 1831 387 1874 qua
418 1818 633 1862 Salvator
663 1817 820 1861 docuit
850 1818 1027 1861 dicens:
1066 1818 1192 1860 beati
1221 1817 1379 1869 mites,
1422 1817 1635 1873 quoniam

197 1929 288 1987 ipsi
324 1929 630 1987 possidebunt
666 1936 881 1974 terram.“
941 1930 1142 1973 Homilia
1182 1928 1362 1985 quidem
1400 1929 1550 1986 prima
1588 1930 1635 1972 in

201 2041 496 2086 Ezechielem
535 2041 716 2085 videtur
755 2043 909 2086 dicere
947 2043 1133 2095 urbem,
1174 2043 1220 2085 in
1260 2055 1349 2098 qua
1386 2042 1632 2085 conciona-

192 2155 341 2209 batur,
374 2155 515 2198 fuisse
545 2155 825 2199 Jerusalem:
858 2155 957 2209 „Et
987 2160 1037 2199 ut
1061 2155 1195 2211 juxta
1225 2167 1325 2207 nos,
1355 2154 1516 2211 inquit,
1546 2153 1628 2197 ali-

199 2270 322 2326 quod
363 2282 588 2326 ponamus
629 2267 912 2327 exemplum,
953 2268 1255 2312 collectiones
1285 2267 1402 2311 istae
1431 2279 1522 2309 non
1553 2278 1628 2308 so-

192 2383 287 2426 lum
317 2382 364 2426 in
396 2382 543 2435 Aelia,
576 2395 668 2424 non
697 2386 870 2425 tantum
906 2382 1107 2435 Romae,
1137 2394 1229 2424 non
1259 2381 1305 2424 in
1339 2378 1626 2429 Alexandria,

194 2496 275 2539 sed
305 2495 350 2538 in
384 2494 509 2538 omni
541 2494 685 2538 semel
725 2495 839 2538 orbe
881 2493 1222 2538 similitudinem
1260 2492 1464 2536 referunt
1499 2503 1626 2547 sage-

194 2620 294 2662 nae,
328 2621 444 2664 quae
479 2620 536 2650 ex
568 2607 691 2650 omni
722 2621 886 2665 genere
917 2606 1112 2665 piscium
1144 2606 1289 2663 capit:
1308 2611 1334 2630 “
1371 2617 1552 2656 verum,
1585 2601 1624 2645 si

140 2775 144 2778 ἢ
193 2720 267 2764 llic
318 2721 636 2765 admitteretur
675 2734 857 2773 sensus,
905 2720 1143 2763 dicendum
1182 2720 1323 2773 foret,
1369 2718 1622 2762 diuturnam

193 2832 438 2893 Origenem
478 2833 786 2890 «lerosolymis
837 2832 989 2878 fixisse
1033 2834 1208 2887 sedem,
1257 2833 1295 2876 si
1337 2830 1517 2888 quidem
1557 2827 1623 2871 ibi
