1759 3134
221 149 306 192 398
514 150 735 192 Omenms
765 165 811 193 m
843 152 1026 194 Can-ric.
1061 153 1364 196 CANTmoaUM

222 278 268 306 ut
307 265 506 307 meridies
546 264 769 308 (liceretur.
829 266 1013 306 Volebat
1051 266 1160 307 enim
1199 283 1373 324 sponsa,
1421 285 1524 325 quae
1562 270 1644 326 jam

222 355 320 385 tunc
352 345 392 385 in
424 343 508 384 illis
538 344 886 394 adumbrabatur,
917 344 1102 395 discere,
1132 345 1207 386 ubi
1236 357 1425 402 pasceret
1456 363 1646 403 sponsus,

223 434 263 462 et
291 422 365 463 ubi
395 422 568 464 haberet
598 421 757 473 cubile,
799 434 838 463 et
870 422 966 463 ideo
999 422 1220 464 meridiem
1250 423 1452 465 nominat.
1511 424 1647 466 Evan-

221 499 390 552 gelistae
422 517 522 542 vero
556 500 597 541 in
627 500 703 551 his,
735 516 839 558 quae
871 502 1104 551 narrabant,
1132 517 1219 542 non
1236 500 1518 543 meridianum
1540 514 1647 544 tem-

220 594 319 633 pus,
359 579 434 619 sed
463 579 590 620 horae
621 589 757 619 sextae
788 595 1012 620 numerum
1041 578 1330 635 requirebant,
1371 581 1422 621 ad
1455 596 1646 622 enarran—

222 655 322 696 dum
352 655 514 698 scilicet
542 655 792 698 sacrificium
822 656 982 698 hostiae
1024 655 1132 714 ejus,
1179 673 1284 713 quae
1323 657 1464 699 oblata
1503 670 1564 699 est
1601 658 1643 699 in

221 733 288 774 die
329 734 511 776 Paschae
549 751 628 791 pro
667 734 932 776 redemtione
973 733 1181 786 hominis,
1224 733 1294 791 qui
1344 734 1387 776 in
1427 736 1493 777 die
1533 748 1644 777 sexta

219 810 426 854 formatus
455 824 516 854 est
546 828 568 853 a
599 812 719 864 Deo,
766 823 1041 870 posteaquam
1078 824 1186 854 terra
1225 812 1426 870 produxit
1461 813 1644 856 animam

220 888 430 931 viventem
459 891 691 932 secundum
728 905 875 942 genus,
923 890 1233 948 quadrupedia,
1278 903 1319 932 et
1348 892 1558 948 repentia,
1602 904 1644 933 et

220 970 370 1012 bestias
400 981 547 1012 terrae.
604 968 673 1010 Ob
703 968 784 1009 hoc
815 968 941 1021 igitur
969 969 1012 1010 in
1041 968 1252 1026 praesenti
1282 970 1379 1011 loco
1411 970 1644 1012 illuminari

217 1064 370 1104 sponsa
409 1047 620 1089 desiderat
657 1047 787 1103 pleno
829 1046 1026 1088 scientiae
1060 1047 1242 1099 lumine,
1280 1064 1332 1089 ne
1363 1065 1440 1105 per
1469 1049 1641 1105 imperi-

216 1127 318 1167 tiam
357 1142 519 1176 errans,
562 1124 607 1164 in
648 1123 791 1180 aliquo
839 1123 987 1164 similis
1035 1125 1244 1166 efficiatur
1289 1125 1374 1166 illis
1414 1127 1640 1167 doctorum

217 1204 384 1254 scholis,
417 1219 521 1259 quae
553 1217 638 1242 non
669 1216 746 1257 per
776 1200 910 1257 ipsam
938 1200 1023 1241 Dei
1055 1201 1315 1257 sapientiam,
1347 1204 1420 1244 scd
1451 1220 1529 1260 per
1551 1205 1644 1261 phi-

218 1281 500 1338 losophorum
532 1291 573 1321 et
602 1278 845 1336 principum
887 1276 1007 1336 hujus
1045 1279 1193 1320 mundi
1231 1293 1487 1324 exercentur.
1547 1283 1642 1324 Hoc

217 1360 328 1401 enim
370 1371 411 1400 et
451 1358 685 1416 Apostolus
726 1357 866 1398 dicere
908 1356 1076 1397 videtur
1113 1358 1156 1398 iu
1196 1375 1272 1410 eo,
1312 1360 1387 1400 ubi
1427 1361 1506 1411 ait,
1546 1361 1642 1417 quia

214 1437 531 1495 „loquimur¹)
572 1436 658 1478 Dei
704 1435 951 1492 sapientiam
1001 1436 1045 1476 in
1091 1436 1291 1495 mysterio
1338 1439 1642 1491 absconditam,

215 1533 341 1574 quam
370 1531 497 1557 nemo
528 1514 771 1571 principum
801 1512 923 1571 hujus
951 1514 1098 1556 mundi
1118 1516 1358 1568 cognovit.“
1405 1517 1460 1558 Et
1484 1518 1639 1559 iterum

213 1596 314 1637 haec
347 1595 494 1636 eadem
524 1593 749 1646 significat,
787 1609 882 1634 cum
914 1592 1036 1633 dicit:
1084 1595 1266 1650 „non²)
1303 1596 1414 1637 enim
1443 1596 1637 1652 spiritum

213 1672 334 1732 hujus
363 1671 512 1713 mundi
542 1671 794 1727 accepimus,
825 1671 898 1711 sed
928 1670 1146 1726 spiritum,
1178 1671 1251 1728 qui
1281 1689 1329 1713 ex
1358 1674 1456 1715 Deo
1489 1687 1562 1725 est,
1593 1687 1638 1716 ut

212 1751 409 1802 sciamus,
449 1766 553 1808 quae
584 1767 606 1791 a
635 1751 732 1792 Deo
763 1750 918 1790 donata
954 1760 1050 1790 sunt
1088 1750 1224 1792 nobis.
1239 1757 1263 1775 ‘⁶
1324 1751 1393 1794 Oh
1424 1752 1506 1794 hoc
1539 1769 1637 1806 ergo

211 1830 389 1887 requirit
419 1845 572 1886 sponsa
602 1827 756 1870 Christi
786 1827 1017 1869 meridiana
1049 1828 1224 1879 cubilia,
1255 1840 1296 1870 et
1324 1829 1637 1886 plenitudinem

210 1908 407 1950 scientiae
438 1907 578 1965 poscit
607 1923 630 1948 a
658 1907 770 1957 Deo,
800 1923 853 1947 ne
886 1905 1077 1947 videatur
1108 1923 1194 1948 esse
1224 1907 1331 1949 sicut
1360 1924 1442 1950 una
1473 1925 1521 1949 ex
1543 1909 1638 1965 phi-

211 1985 490 2042 losophorum
529 1985 704 2035 scholis,
755 2002 859 2042 quae
899 1985 1101 2042 adoperta
1135 1986 1398 2037 nominatur,
1447 2003 1526 2043 pro
1569 2002 1636 2037 eo,

212 2064 328 2120 quod
366 2064 590 2121 plenitudo
630 2063 814 2105 veritatis
854 2064 967 2119 apud
1008 2080 1079 2105 eos
1109 2076 1218 2106 tecta
1257 2076 1318 2106 est
1348 2077 1390 2106 et
1418 2066 1633 2122 adoperta.

211 2141 377 2197 Sponsa
406 2154 546 2183 autem
576 2142 730 2184 Christi
763 2141 946 2198 dicit³):
990 2158 1102 2192 „nos
1118 2142 1159 2197 ⁴)
1193 2153 1332 2184 autem
1362 2143 1545 2184 revelata
1575 2144 1636 2185 fa-

211 2218 273 2260 cie
304 2219 481 2273 gloriam
511 2220 596 2261 Dei
625 2221 904 2276 speculamur.
921 2225 946 2243 “

323 2297 497 2353 ‚‚Nisi⁵)
531 2298 778 2351 cognoveris
807 2310 870 2348 te,
903 2313 927 2337 0
958 2298 1125 2348 bona,“
1155 2297 1242 2339 sive
1282 2299 1495 2355 „pulchra
1524 2298 1635 2341 inter

208 2375 421 2427 mulieres,
453 2377 650 2429 egredere
679 2388 726 2417 tu
755 2376 798 2416 in
828 2374 1011 2428 vestigiis
1042 2391 1225 2429 gregum,
1258 2387 1299 2417 et
1326 2394 1450 2433 pasce
1469 2378 1631 2420 hoedos

208 2465 304 2496 tuos
344 2454 386 2495 in
424 2454 701 2496 tabernaculis
741 2460 1009 2510 pastorum.“
1067 2454 1201 2495 Unius
1242 2454 1433 2496 Chilonis
1471 2456 1632 2498 scilicet

210 2549 259 2573 ex
296 2544 479 2589 septem,
520 2549 624 2589 quos
663 2533 775 2589 apud
808 2532 992 2573 Graecos
1023 2532 1250 2585 singulares
1291 2533 1419 2574 fuisse
1449 2533 1493 2575 in
1522 2534 1630 2590 sapi-

210 2609 321 2651 entia
351 2610 462 2652 fama
492 2610 781 2662 concelebrat,
819 2609 921 2650 haec
959 2609 1070 2651 inter
1099 2622 1236 2652 cetera
1264 2609 1468 2652 mirabilis
1498 2611 1631 2652 fertur

328 2779 368 2834 ¹)
401 2779 486 2821 cfr.
519 2780 659 2829 icor.
688 2780 745 2830 II,
776 2778 814 2822 7.
845 2778 884 2823 8.
1005 2778 1048 2837 2)
1080 2779 1100 2820 1
1121 2778 1220 2822 cor.
1251 2779 1307 2830 Π,
1340 2779 1404 2823 12.

312 2849 369 2902 v³)
401 2849 509 2891 Edd.
541 2849 736 2891 merlini:
768 2850 953 2900 „dixitn‘
1066 2850 1108 2906 ⁴)
1142 2850 1226 2894 cfr.
1261 2850 1303 2891 II
1324 2849 1422 2893 cor.
1453 2850 1532 2902 111,
1562 2849 1628 2894 18.

327 2921 368 2976 ⁵)
402 2920 558 2962 cantic.
590 2921 624 2971 1,
653 2919 692 2964 8.
