1759 3134
236 103 320 152 304
528 102 750 148 Omcnms
780 117 826 149 m
857 103 1040 149 CAxnc.
1074 103 1380 148 Cmrmonum

242 221 369 273 enim,
400 219 515 277 quod
544 220 706 261 bonum
736 230 818 272 est,
848 219 929 260 hoc
961 230 1003 261 et
1032 219 1257 276 probabile
1290 231 1372 262 est:
1402 218 1564 260 bonum
1595 235 1664 262 au·

240 312 326 342 tem
357 298 532 356 proprie
561 314 649 339 non
680 315 773 352 erga
803 315 900 340 usus
931 314 1174 355 corporeos,
1206 298 1343 339 sedin
1362 297 1459 339 Deo
1480 297 1667 354 primum

241 390 281 419 et
321 376 450 419 animi
491 375 715 418 virtutibus
762 376 1036 430 intelligitur:
1086 387 1393 434 consequenter
1431 375 1506 416 ille
1548 392 1667 417 amor

239 454 473 512 probabilis
519 466 601 506 est,
649 454 720 511 qui
761 454 857 496 Deo
907 467 947 496 et
992 454 1119 496 animi
1163 454 1387 496 virtutibus
1432 464 1662 511 coaptatur.

238 533 294 575 Et
326 534 407 576 hoc
436 533 494 575 ita
523 549 567 575 se
600 532 777 583 habere,
819 531 1064 573 definitione
1106 531 1235 588 ipsius
1274 530 1490 573 salvatoris
1528 542 1666 572 osten-

239 610 375 663 ditur,
416 610 492 652 ubi
532 610 809 663 interrogatus
853 627 875 651 a
907 610 1112 666 quodam,
1156 610 1273 666 quod
1304 625 1390 651 esse
1420 609 1664 650 mandatum

241 688 434 730 omnium
463 687 716 739 maximum,
748 700 789 729 et
816 687 1002 745 primum
1033 688 1074 730 in
1106 688 1219 741 lege,
1254 687 1494 744 respondit:
1535 687 1667 739 „dili-

238 781 306 820 ges
329 765 368 823 ¹)
400 765 638 807 Dominum
668 767 811 807 Deum
846 777 967 807 tuum
1010 783 1057 808 ex
1097 778 1190 808 toto
1234 766 1361 808 corde
1400 777 1499 817 tuo,
1540 777 1580 807 et
1618 782 1666 806 ex

238 855 331 885 tota
361 843 498 886 anima
528 855 619 895 tua,
663 856 705 885 et
745 861 792 885 ex
817 843 916 885 totis
947 843 1104 886 viribus
1136 844 1230 886 tuis.
1291 844 1536 887 Secundum
1564 858 1666 884 vero

237 921 376 963 simile
410 934 470 964 est
486 923 528 978 6)
562 921 650 963 illi:
685 922 832 976 diliges
863 923 1106 979 proximum
1136 935 1257 964 tuum
1286 923 1393 965 sicut
1423 934 1464 964 te
1486 922 1668 979 ipsum.“

236 998 293 1040 Et
324 999 497 1058 adjecit:
542 1000 621 1051 „in
645 1000 688 1054 3)
720 999 782 1041 his
815 1002 980 1042 (luobus
1009 1001 1215 1043 mandatis
1246 1000 1381 1042 omnis
1413 1001 1479 1042 lex
1508 1000 1667 1057 pendet

241 1089 283 1119 et
312 1078 608 1134 prophetaez“
649 1078 873 1119 ostendens
903 1095 981 1134 per
1010 1079 1112 1120 haec
1145 1080 1253 1130 duo,
1288 1078 1444 1137 justum
1474 1095 1664 1120 amorem

237 1154 558 1211 legitimumque
591 1166 795 1206 constare,
825 1166 950 1212 atque
980 1156 1023 1196 in
1053 1156 1116 1198 his
1146 1156 1383 1198 universam
1414 1158 1551 1210 legem
1568 1174 1668 1213 pro-

237 1233 468 1290 phetasque
499 1233 698 1289 pendere.
760 1233 848 1275 Sed
889 1245 930 1275 et
971 1235 1086 1291 quod
1119 1234 1195 1276 ait:
1234 1251 1355 1286 „non
1383 1235 1429 1292 4>
1458 1235 1667 1276 adultera·-

237 1311 326 1353 bis:
366 1327 453 1353 non
495 1310 685 1352 occides:
726 1327 813 1352 non
853 1312 1013 1353 furtum
1050 1312 1199 1354 facies:
1238 1329 1325 1354 non
1362 1313 1516 1354 salsum
1550 1312 1666 1354 testi-

238 1389 434 1431 mouium
464 1388 635 1431 diees:“
668 1400 709 1430 et
738 1389 772 1430 si
804 1390 920 1446 quod
948 1390 1064 1432 aliud
1082 1392 1338 1443 mandatum,
1370 1391 1412 1433 in
1431 1391 1512 1432 hoc
1534 1391 1666 1432 verbo

237 1479 519 1517 restauratur,
549 1467 593 1508 in
624 1483 709 1524 quo
741 1466 822 1508 ait:
853 1467 1041 1521 „diliges
1063 1469 1109 1526 ⁵)
1138 1469 1381 1526 proximum
1410 1482 1533 1511 tuum
1561 1469 1667 1511 sicut

239 1558 281 1588 te
301 1547 501 1603 ipsum:“
534 1545 650 1602 quod
671 1545 753 1586 hoc
772 1547 905 1587 modo
925 1547 1090 1588 facilius
1111 1549 1414 1604 explanabitur.
1454 1548 1666 1589 Ponamus

239 1625 360 1668 verbi
389 1623 583 1680 causa⁶)‚
613 1623 837 1665 mulierem
866 1640 1011 1666 amore
1036 1625 1211 1684 alicujus
1237 1627 1316 1668 viri
1336 1627 1567 1679 ardentem,
1598 1645 1667 1669 cu-

238 1702 514 1760 pientemque
540 1701 588 1745 in
621 1702 882 1744 consortium
913 1702 1002 1760 ejus
1033 1703 1227 1755 adscisci,
1268 1721 1409 1747 nonne
1441 1706 1582 1748 omnia
1610 1706 1667 1747 ita

240 1793 348 1834 aget,
379 1793 420 1823 et
452 1796 598 1822 omues
627 1791 769 1823 motus
799 1797 898 1823 suos
928 1780 986 1823 ita
1014 1782 1282 1840 temPerabit,
1311 1794 1360 1825 ut
1388 1783 1466 1826 seit
1494 1783 1560 1825 illi
1576 1784 1669 1841 pla-

241 1876 358 1913 cere,
391 1876 515 1918 quem
549 1857 708 1913 diligit,
744 1875 798 1901 ne
827 1860 953 1912 forte,
983 1860 1019 1902 si
1050 1860 1094 1902 in
1125 1861 1268 1918 aliquo
1302 1873 1447 1903 contra
1475 1862 1668 1904 volunta-

238 1950 327 1980 tem
365 1938 481 1980 illius
521 1936 673 1992 egerit,
716 1937 927 1980 consortia
967 1937 1054 1997 ejus
1094 1939 1158 1980 vir
1189 1939 1264 1981 ille
1297 1940 1482 1997 optimus
1512 1941 1669 1982 refutet

240 2028 366 2073 atque
397 2015 593 2073 spernat?
649 2016 869 2058 Poteritne
898 2017 1001 2058 haec
1030 2016 1198 2068 mulier,
1229 2035 1334 2074 quae
1362 2034 1456 2072 erga
1478 2035 1666 2060 amorem

239 2093 321 2136 viri
350 2093 464 2135 illius
495 2105 590 2135 toto
622 2094 772 2146 corde,
803 2106 892 2136 tota
921 2095 1079 2148 anima,
1109 2095 1295 2152 totisque
1328 2095 1487 2138 viribus
1516 2097 1666 2150 fervet,

241 2184 311 2214 aut
341 2171 597 2215 adulterium
628 2171 916 2225 committere,
957 2190 1061 2231 quae
1099 2190 1196 2216 eum
1224 2174 1392 2217 noverit
1420 2192 1558 2218 amare
1587 2193 1666 2234 pu-

242 2250 459 2294 dicitiam?
487 2263 558 2293 aut
587 2249 890 2303 homicidium,
921 2268 1025 2309 quae
1057 2268 1153 2294 eum
1182 2253 1351 2295 noverit
1379 2253 1557 2298 mitem?
1597 2265 1669 2295 aut

236 2376 255 2385 -e

240 2461 338 2503 Deo
380 2459 567 2520 primum
607 2477 644 2506 et
685 2463 728 2506 in
768 2463 896 2507 animi
933 2490 984 2497 ε-
1024 2464 1286 2518 intelligitur.
1348 2464 1665 2523 Consequenter

242 2535 341 2574 ergo
373 2521 488 2562 solus
519 2538 639 2562 amor
670 2523 744 2563 ille
774 2522 1007 2578 probabilis
1039 2534 1121 2574 est,
1153 2524 1224 2580 qui
1257 2535 1334 2564 etc.

362 2591 402 2647 ¹)
435 2591 521 2633 Csr.
548 2591 699 2634 Matth.
729 2592 871 2644 XXII,
903 2592 970 2637 37.
1003 2593 1069 2638 39.

358 2662 401 2718 ²)
432 2661 710 2704 Desideratur
742 2670 870 2714 „est“
903 2663 946 2704 in
978 2664 1071 2706 edd,
1103 2665 1165 2706 M.

356 2732 400 2789 ³)
430 2732 580 2774 Matth.
611 2733 754 2784 XXII,
784 2733 851 2777 40.
971 2734 1014 2792 ¹²)
1053 2735 1139 2778 Csr.
1170 2735 1322 2778 Matth.
1353 2737 1472 2789 XIX,
1503 2736 1568 2781 18.

359 2805 401 2859 ⁵)
436 2804 522 2846 Csr.
554 2803 704 2845 Matth.
734 2804 854 2855 XIX,
886 2805 951 2848 19.
985 2807 1083 2848 coll.
1115 2807 1256 2859 XXII,
1287 2807 1356 2851 39.

357 2875 404 2931 ⁶)
434 2874 542 2916 Edd.
576 2874 772 2915 Mei-lini:
806 2876 946 2928 gratia.
