<?xml version="1.0" encoding="UTF-8"?>
<!DOCTYPE html PUBLIC "-//W3C//DTD XHTML 1.0 Transitional//EN"
    "http://www.w3.org/TR/xhtml1/DTD/xhtml1-transitional.dtd">
<html xmlns="http://www.w3.org/1999/xhtml" xml:lang="en" lang="en">
 <head>
  <title>
</title>
<meta http-equiv="Content-Type" content="text/html;charset=utf-8" />
  <meta name='ocr-system' content='tesseract 3.04.00' />
  <meta name='ocr-capabilities' content='ocr_page ocr_carea ocr_par ocr_line ocrx_word'/>
</head>
<body>
  <div class='ocr_page' id='page_1' title='image "./operaomniaquaegr14orig/operaomniaquaegr14orig_0118.png"; bbox 0 0 1759 3134; ppageno 0'>
   <div class='ocr_carea' id='block_1_1' title="bbox 218 128 1244 177">
    <p class='ocr_par' dir='ltr' id='par_1_1' title="bbox 218 128 1244 177">
     <span class='ocr_line' id='line_1_1' title="bbox 218 128 1244 177; baseline 0.003 -4"><span class='ocrx_word' id='word_1_1' title='bbox 218 128 300 173; x_wconf 83' lang='lat'><strong>102</strong></span> <span class='ocrx_word' id='word_1_2' title='bbox 625 133 843 177; x_wconf 74' lang='lat' dir='ltr'><strong>OmGEms</strong></span> <span class='ocrx_word' id='word_1_3' title='bbox 872 149 918 177; x_wconf 75' lang='lat' dir='ltr'><strong>m</strong></span> <span class='ocrx_word' id='word_1_4' title='bbox 947 135 1244 177; x_wconf 70' lang='lat' dir='ltr'><strong>Ezsscummm</strong></span> 
     </span>
    </p>
   </div>
   <div class='ocr_carea' id='block_1_2' title="bbox 222 242 1660 1774">
    <p class='ocr_par' dir='ltr' id='par_1_2' title="bbox 222 242 1655 1154">
     <span class='ocr_line' id='line_1_2' title="bbox 222 242 1646 304; baseline 0.004 -20"><span class='ocrx_word' id='word_1_5' title='bbox 222 242 304 296; x_wconf 83' lang='lat' dir='ltr'><strong>gis,</strong></span> <span class='ocrx_word' id='word_1_6' title='bbox 334 243 463 284; x_wconf 91' lang='lat' dir='ltr'><strong>melle</strong></span> <span class='ocrx_word' id='word_1_7' title='bbox 495 244 720 296; x_wconf 83' lang='lat' dir='ltr'><strong>evangelii,</strong></span> <span class='ocrx_word' id='word_1_8' title='bbox 759 262 781 287; x_wconf 90' lang='lat' dir='ltr'><strong>e</strong></span> <span class='ocrx_word' id='word_1_9' title='bbox 813 247 963 303; x_wconf 85' lang='lat' dir='ltr'><strong>quihus</strong></span> <span class='ocrx_word' id='word_1_10' title='bbox 994 247 1120 289; x_wconf 79' lang='lat' dir='ltr'><strong>cibati</strong></span> <span class='ocrx_word' id='word_1_11' title='bbox 1149 246 1348 303; x_wconf 89' lang='lat' dir='ltr'><strong>ponimus</strong></span> <span class='ocrx_word' id='word_1_12' title='bbox 1381 248 1526 288; x_wconf 89' lang='lat' dir='ltr'><strong>eadem</strong></span> <span class='ocrx_word' id='word_1_13' title='bbox 1557 248 1646 304; x_wconf 81' lang='lat' dir='ltr'><strong>ipsa</strong></span> 
     </span>
     <span class='ocr_line' id='line_1_3' title="bbox 224 320 1646 380; baseline 0.004 -19"><span class='ocrx_word' id='word_1_14' title='bbox 224 320 365 362; x_wconf 84' lang='lat' dir='ltr'><strong>idolis.</strong></span> <span class='ocrx_word' id='word_1_15' title='bbox 413 321 521 362; x_wconf 87' lang='lat' dir='ltr'><strong>Cum</strong></span> <span class='ocrx_word' id='word_1_16' title='bbox 553 321 664 362; x_wconf 88' lang='lat' dir='ltr'><strong>enim</strong></span> <span class='ocrx_word' id='word_1_17' title='bbox 696 324 800 380; x_wconf 88' lang='lat' dir='ltr'><strong>ex¹)</strong></span> <span class='ocrx_word' id='word_1_18' title='bbox 833 325 1038 378; x_wconf 84' lang='lat' dir='ltr'><strong>dogmatis</strong></span> <span class='ocrx_word' id='word_1_19' title='bbox 1068 324 1183 365; x_wconf 85' lang='lat' dir='ltr'><strong>falsis</strong></span> <span class='ocrx_word' id='word_1_20' title='bbox 1217 324 1407 366; x_wconf 80' lang='lat' dir='ltr'><strong>volentes</strong></span> <span class='ocrx_word' id='word_1_21' title='bbox 1439 341 1646 366; x_wconf 84' lang='lat' dir='ltr'>assumere</span> 
     </span>
     <span class='ocr_line' id='line_1_4' title="bbox 226 397 1649 458; baseline 0.001 -19"><span class='ocrx_word' id='word_1_22' title='bbox 226 397 541 449; x_wconf 84' lang='lat' dir='ltr'><strong>defensionem,</strong></span> <span class='ocrx_word' id='word_1_23' title='bbox 581 399 780 451; x_wconf 79' lang='lat' dir='ltr'><strong>diximus,</strong></span> <span class='ocrx_word' id='word_1_24' title='bbox 811 403 1014 458; x_wconf 85' lang='lat' dir='ltr'><strong>scriptum</strong></span> <span class='ocrx_word' id='word_1_25' title='bbox 1046 413 1105 443; x_wconf 92' lang='lat' dir='ltr'><strong>est</strong></span> <span class='ocrx_word' id='word_1_26' title='bbox 1136 402 1177 441; x_wconf 90' lang='lat' dir='ltr'><strong>in</strong></span> <span class='ocrx_word' id='word_1_27' title='bbox 1208 402 1437 457; x_wconf 80' lang='lat' dir='ltr'><strong>propheta,</strong></span> <span class='ocrx_word' id='word_1_28' title='bbox 1474 412 1649 441; x_wconf 83' lang='lat' dir='ltr'><strong>testatur</strong></span> 
     </span>
     <span class='ocr_line' id='line_1_5' title="bbox 227 476 1650 536; baseline 0.001 -20"><span class='ocrx_word' id='word_1_29' title='bbox 227 476 384 526; x_wconf 60' lang='lat' dir='ltr'><strong>hloses,</strong></span> <span class='ocrx_word' id='word_1_30' title='bbox 420 476 610 533; x_wconf 83' lang='lat' dir='ltr'><strong>loquitur</strong></span> <span class='ocrx_word' id='word_1_31' title='bbox 638 480 894 535; x_wconf 86' lang='lat' dir='ltr'><strong>Apostolus:</strong></span> <span class='ocrx_word' id='word_1_32' title='bbox 934 480 1035 536; x_wconf 89' lang='lat' dir='ltr'><strong>quid</strong></span> <span class='ocrx_word' id='word_1_33' title='bbox 1065 479 1177 521; x_wconf 85' lang='lat' dir='ltr'><strong>aliud</strong></span> <span class='ocrx_word' id='word_1_34' title='bbox 1209 479 1398 529; x_wconf 80' lang='lat' dir='ltr'><strong>facimus,</strong></span> <span class='ocrx_word' id='word_1_35' title='bbox 1431 495 1555 534; x_wconf 84' lang='lat' dir='ltr'><strong>quam</strong></span> <span class='ocrx_word' id='word_1_36' title='bbox 1585 494 1650 518; x_wconf 87' lang='lat' dir='ltr'><strong>ac-</strong></span> 
     </span>
     <span class='ocr_line' id='line_1_6' title="bbox 229 553 1651 613; baseline 0.001 -19"><span class='ocrx_word' id='word_1_37' title='bbox 229 553 433 610; x_wconf 88' lang='lat' dir='ltr'><strong>cipientes</strong></span> <span class='ocrx_word' id='word_1_38' title='bbox 461 571 590 610; x_wconf 78' lang='lat' dir='ltr'><strong>panes</strong></span> <span class='ocrx_word' id='word_1_39' title='bbox 619 556 804 598; x_wconf 82' lang='lat' dir='ltr'><strong>veritatis</strong></span> <span class='ocrx_word' id='word_1_40' title='bbox 833 557 1113 613; x_wconf 86' lang='lat' dir='ltr'><strong>proponimus</strong></span> <span class='ocrx_word' id='word_1_41' title='bbox 1145 572 1218 596; x_wconf 90' lang='lat' dir='ltr'><strong>eos</strong></span> <span class='ocrx_word' id='word_1_42' title='bbox 1250 555 1504 605; x_wconf 81' lang='lat' dir='ltr'>simulacris,</span> <span class='ocrx_word' id='word_1_43' title='bbox 1545 571 1651 610; x_wconf 85' lang='lat' dir='ltr'><strong>quae</strong></span> 
     </span>
     <span class='ocr_line' id='line_1_7' title="bbox 229 631 1653 689; baseline 0.001 -17"><span class='ocrx_word' id='word_1_44' title='bbox 229 631 309 688; x_wconf 83' lang='lat' dir='ltr'><strong>ipsi</strong></span> <span class='ocrx_word' id='word_1_45' title='bbox 339 633 564 675; x_wconf 79' lang='lat' dir='ltr'><strong>finximus?</strong></span> <span class='ocrx_word' id='word_1_46' title='bbox 615 634 808 675; x_wconf 62' lang='lat' dir='ltr'><strong>RIarcion</strong></span> <span class='ocrx_word' id='word_1_47' title='bbox 840 634 942 675; x_wconf 74' lang='lat' dir='ltr'><strong>fecit</strong></span> <span class='ocrx_word' id='word_1_48' title='bbox 972 634 1152 684; x_wconf 87' lang='lat' dir='ltr'><strong>idolum,</strong></span> <span class='ocrx_word' id='word_1_49' title='bbox 1185 645 1225 674; x_wconf 88' lang='lat' dir='ltr'><strong>et</strong></span> <span class='ocrx_word' id='word_1_50' title='bbox 1256 633 1483 689; x_wconf 81' lang='lat' dir='ltr'><strong>proposuit</strong></span> <span class='ocrx_word' id='word_1_51' title='bbox 1514 633 1552 673; x_wconf 85' lang='lat' dir='ltr'><strong>ei</strong></span> <span class='ocrx_word' id='word_1_52' title='bbox 1580 649 1653 688; x_wconf 89' lang='lat' dir='ltr'><strong>pa-</strong></span> 
     </span>
     <span class='ocr_line' id='line_1_8' title="bbox 227 710 1654 767; baseline -0.001 -15"><span class='ocrx_word' id='word_1_53' title='bbox 227 727 300 752; x_wconf 85' lang='lat' dir='ltr'><strong>nes</strong></span> <span class='ocrx_word' id='word_1_54' title='bbox 330 710 665 766; x_wconf 85' lang='lat' dir='ltr'><strong>Scripturarnm:</strong></span> <span class='ocrx_word' id='word_1_55' title='bbox 703 711 971 762; x_wconf 79' lang='lat' dir='ltr'>Valentinus,</span> <span class='ocrx_word' id='word_1_56' title='bbox 1002 711 1230 761; x_wconf 81' lang='lat' dir='ltr'><strong>Basilides,</strong></span> <span class='ocrx_word' id='word_1_57' title='bbox 1268 711 1481 767; x_wconf 83' lang='lat' dir='ltr'><strong>ceterique</strong></span> <span class='ocrx_word' id='word_1_58' title='bbox 1511 711 1654 751; x_wconf 89' lang='lat' dir='ltr'><strong>haere-</strong></span> 
     </span>
     <span class='ocr_line' id='line_1_9' title="bbox 227 788 1654 846; baseline -0.001 -17"><span class='ocrx_word' id='word_1_59' title='bbox 227 788 303 829; x_wconf 78' lang='lat' dir='ltr'><strong>tici</strong></span> <span class='ocrx_word' id='word_1_60' title='bbox 342 789 536 829; x_wconf 82' lang='lat' dir='ltr'><strong>fecerunt</strong></span> <span class='ocrx_word' id='word_1_61' title='bbox 572 788 781 829; x_wconf 79' lang='lat' dir='ltr'><strong>similiter.</strong></span> <span class='ocrx_word' id='word_1_62' title='bbox 849 789 939 839; x_wconf 85' lang='lat' dir='ltr'><strong>„Et</strong></span> <span class='ocrx_word' id='word_1_63' title='bbox 959 790 1001 846; x_wconf 86' lang='lat'><strong>²)</strong></span> <span class='ocrx_word' id='word_1_64' title='bbox 1040 788 1219 845; x_wconf 79' lang='lat' dir='ltr'><strong>posuisti</strong></span> <span class='ocrx_word' id='word_1_65' title='bbox 1260 788 1332 829; x_wconf 80' lang='lat' dir='ltr'><strong>illa</strong></span> <span class='ocrx_word' id='word_1_66' title='bbox 1371 799 1464 829; x_wconf 86' lang='lat' dir='ltr'><strong>ante</strong></span> <span class='ocrx_word' id='word_1_67' title='bbox 1502 788 1654 829; x_wconf 82' lang='lat' dir='ltr'><strong>faciem</strong></span> 
     </span>
     <span class='ocr_line' id='line_1_10' title="bbox 231 865 1655 908; baseline -0.001 -2"><span class='ocrx_word' id='word_1_68' title='bbox 231 882 382 907; x_wconf 86' lang='lat' dir='ltr'><strong>eorum</strong></span> <span class='ocrx_word' id='word_1_69' title='bbox 410 865 454 906; x_wconf 83' lang='lat' dir='ltr'><strong>in</strong></span> <span class='ocrx_word' id='word_1_70' title='bbox 483 866 663 906; x_wconf 90' lang='lat' dir='ltr'><strong>odorem</strong></span> <span class='ocrx_word' id='word_1_71' title='bbox 688 865 943 907; x_wconf 80' lang='lat' dir='ltr'><strong>suavitatis.“</strong></span> <span class='ocrx_word' id='word_1_72' title='bbox 1001 866 1258 908; x_wconf 78' lang='lat' dir='ltr'><strong>Naturaliter</strong></span> <span class='ocrx_word' id='word_1_73' title='bbox 1286 865 1519 907; x_wconf 79' lang='lat' dir='ltr'><strong>suavissimi</strong></span> <span class='ocrx_word' id='word_1_74' title='bbox 1551 866 1655 906; x_wconf 79' lang='lat' dir='ltr'><strong>odo—</strong></span> 
     </span>
     <span class='ocr_line' id='line_1_11' title="bbox 229 943 1654 998; baseline -0.001 -14"><span class='ocrx_word' id='word_1_75' title='bbox 229 943 285 985; x_wconf 86' lang='lat' dir='ltr'><strong>ris</strong></span> <span class='ocrx_word' id='word_1_76' title='bbox 315 955 412 984; x_wconf 89' lang='lat' dir='ltr'><strong>sunt</strong></span> <span class='ocrx_word' id='word_1_77' title='bbox 440 943 566 993; x_wconf 85' lang='lat' dir='ltr'><strong>haec,</strong></span> <span class='ocrx_word' id='word_1_78' title='bbox 596 959 702 998; x_wconf 88' lang='lat' dir='ltr'><strong>quae</strong></span> <span class='ocrx_word' id='word_1_79' title='bbox 731 944 854 984; x_wconf 88' lang='lat' dir='ltr'><strong>nobis</strong></span> <span class='ocrx_word' id='word_1_80' title='bbox 887 944 1058 997; x_wconf 83' lang='lat' dir='ltr'><strong>largitus</strong></span> <span class='ocrx_word' id='word_1_81' title='bbox 1091 956 1151 985; x_wconf 92' lang='lat' dir='ltr'><strong>est</strong></span> <span class='ocrx_word' id='word_1_82' title='bbox 1182 945 1311 985; x_wconf 87' lang='lat' dir='ltr'><strong>Deus.</strong></span> <span class='ocrx_word' id='word_1_83' title='bbox 1375 943 1515 998; x_wconf 86' lang='lat' dir='ltr'><strong>Quem</strong></span> <span class='ocrx_word' id='word_1_84' title='bbox 1548 944 1654 983; x_wconf 90' lang='lat' dir='ltr'><strong>odo-</strong></span> 
     </span>
     <span class='ocr_line' id='line_1_12' title="bbox 229 1020 1655 1078; baseline 0 -16"><span class='ocrx_word' id='word_1_85' title='bbox 229 1038 320 1062; x_wconf 87' lang='lat' dir='ltr'><strong>rem</strong></span> <span class='ocrx_word' id='word_1_86' title='bbox 349 1020 640 1062; x_wconf 78' lang='lat' dir='ltr'><strong>suavissimum</strong></span> <span class='ocrx_word' id='word_1_87' title='bbox 670 1032 765 1061; x_wconf 84' lang='lat' dir='ltr'><strong>ante</strong></span> <span class='ocrx_word' id='word_1_88' title='bbox 795 1020 912 1062; x_wconf 84' lang='lat' dir='ltr'><strong>idola</strong></span> <span class='ocrx_word' id='word_1_89' title='bbox 941 1021 1087 1077; x_wconf 89' lang='lat' dir='ltr'><strong>ponit,</strong></span> <span class='ocrx_word' id='word_1_90' title='bbox 1119 1022 1190 1078; x_wconf 88' lang='lat' dir='ltr'><strong>qui</strong></span> <span class='ocrx_word' id='word_1_91' title='bbox 1220 1023 1440 1063; x_wconf 77' lang='lat' dir='ltr'><strong>adversum</strong></span> <span class='ocrx_word' id='word_1_92' title='bbox 1472 1033 1655 1078; x_wconf 88' lang='lat' dir='ltr'><strong>potesta-</strong></span> 
     </span>
     <span class='ocr_line' id='line_1_13' title="bbox 231 1098 1263 1154; baseline -0.001 -14"><span class='ocrx_word' id='word_1_93' title='bbox 231 1111 318 1140; x_wconf 85' lang='lat' dir='ltr'><strong>tem</strong></span> <span class='ocrx_word' id='word_1_94' title='bbox 349 1099 663 1154; x_wconf 83' lang='lat' dir='ltr'><strong>Scripturarum</strong></span> <span class='ocrx_word' id='word_1_95' title='bbox 693 1109 764 1138; x_wconf 88' lang='lat' dir='ltr'><strong>aut</strong></span> <span class='ocrx_word' id='word_1_96' title='bbox 793 1098 918 1150; x_wconf 85' lang='lat' dir='ltr'><strong>gerit,</strong></span> <span class='ocrx_word' id='word_1_97' title='bbox 954 1111 1024 1140; x_wconf 85' lang='lat' dir='ltr'><strong>aut</strong></span> <span class='ocrx_word' id='word_1_98' title='bbox 1054 1099 1263 1152; x_wconf 84' lang='lat' dir='ltr'><strong>intelligit.</strong></span> 
     </span>
    </p>

    <p class='ocr_par' dir='ltr' id='par_1_3' title="bbox 229 1175 1660 1774">
     <span class='ocr_line' id='line_1_14' title="bbox 341 1175 1658 1229; baseline -0.002 -11"><span class='ocrx_word' id='word_1_99' title='bbox 341 1178 382 1220; x_wconf 86' lang='lat'><strong>5.</strong></span> <span class='ocrx_word' id='word_1_100' title='bbox 427 1176 522 1226; x_wconf 87' lang='lat' dir='ltr'><strong>„Et</strong></span> <span class='ocrx_word' id='word_1_101' title='bbox 547 1175 591 1229; x_wconf 81' lang='lat'><strong>3)</strong></span> <span class='ocrx_word' id='word_1_102' title='bbox 622 1176 781 1215; x_wconf 76' lang='lat' dir='ltr'><strong>factum</strong></span> <span class='ocrx_word' id='word_1_103' title='bbox 813 1186 895 1225; x_wconf 91' lang='lat' dir='ltr'><strong>est,</strong></span> <span class='ocrx_word' id='word_1_104' title='bbox 927 1175 1030 1215; x_wconf 82' lang='lat' dir='ltr'><strong>dicit</strong></span> <span class='ocrx_word' id='word_1_105' title='bbox 1058 1175 1226 1216; x_wconf 83' lang='lat' dir='ltr'><strong>Adonai</strong></span> <span class='ocrx_word' id='word_1_106' title='bbox 1255 1176 1490 1226; x_wconf 87' lang='lat' dir='ltr'><strong>Dominus,</strong></span> <span class='ocrx_word' id='word_1_107' title='bbox 1521 1187 1561 1215; x_wconf 88' lang='lat' dir='ltr'><strong>et</strong></span> <span class='ocrx_word' id='word_1_108' title='bbox 1593 1192 1658 1216; x_wconf 90' lang='lat' dir='ltr'><strong>ac-</strong></span> 
     </span>
     <span class='ocr_line' id='line_1_15' title="bbox 231 1251 1658 1310; baseline -0.001 -15"><span class='ocrx_word' id='word_1_109' title='bbox 231 1253 380 1310; x_wconf 82' lang='lat' dir='ltr'><strong>cepisti</strong></span> <span class='ocrx_word' id='word_1_110' title='bbox 409 1253 522 1293; x_wconf 83' lang='lat' dir='ltr'><strong>filios</strong></span> <span class='ocrx_word' id='word_1_111' title='bbox 551 1263 671 1302; x_wconf 77' lang='lat' dir='ltr'><strong>tuos,</strong></span> <span class='ocrx_word' id='word_1_112' title='bbox 712 1263 753 1291; x_wconf 89' lang='lat' dir='ltr'><strong>et</strong></span> <span class='ocrx_word' id='word_1_113' title='bbox 782 1251 889 1292; x_wconf 80' lang='lat' dir='ltr'><strong>filias</strong></span> <span class='ocrx_word' id='word_1_114' title='bbox 917 1263 1031 1302; x_wconf 84' lang='lat' dir='ltr'><strong>tuas,</strong></span> <span class='ocrx_word' id='word_1_115' title='bbox 1073 1268 1172 1308; x_wconf 86' lang='lat' dir='ltr'><strong>quas</strong></span> <span class='ocrx_word' id='word_1_116' title='bbox 1202 1252 1403 1305; x_wconf 84' lang='lat' dir='ltr'><strong>genuisti,</strong></span> <span class='ocrx_word' id='word_1_117' title='bbox 1437 1265 1478 1293; x_wconf 88' lang='lat' dir='ltr'><strong>et</strong></span> <span class='ocrx_word' id='word_1_118' title='bbox 1504 1252 1658 1293; x_wconf 87' lang='lat' dir='ltr'><strong>immo-</strong></span> 
     </span>
     <span class='ocr_line' id='line_1_16' title="bbox 230 1329 1657 1387; baseline 0 -15"><span class='ocrx_word' id='word_1_119' title='bbox 230 1332 327 1372; x_wconf 81' lang='lat' dir='ltr'><strong>lasti</strong></span> <span class='ocrx_word' id='word_1_120' title='bbox 363 1331 464 1372; x_wconf 84' lang='lat' dir='ltr'><strong>illos</strong></span> <span class='ocrx_word' id='word_1_121' title='bbox 502 1330 545 1370; x_wconf 89' lang='lat' dir='ltr'><strong>in</strong></span> <span class='ocrx_word' id='word_1_122' title='bbox 585 1329 967 1370; x_wconf 79' lang='lat' dir='ltr'><strong>consumtionem.“</strong></span> <span class='ocrx_word' id='word_1_123' title='bbox 1027 1329 1136 1370; x_wconf 87' lang='lat' dir='ltr'><strong>Cum</strong></span> <span class='ocrx_word' id='word_1_124' title='bbox 1158 1331 1200 1386; x_wconf 71' lang='lat'><strong>⁴)</strong></span> <span class='ocrx_word' id='word_1_125' title='bbox 1231 1330 1421 1383; x_wconf 82' lang='lat' dir='ltr'><strong>genuerit</strong></span> <span class='ocrx_word' id='word_1_126' title='bbox 1448 1331 1657 1387; x_wconf 84' lang='lat' dir='ltr'><strong>peccatrix</strong></span> 
     </span>
     <span class='ocr_line' id='line_1_17' title="bbox 229 1406 1657 1463; baseline 0 -13"><span class='ocrx_word' id='word_1_127' title='bbox 229 1409 465 1451; x_wconf 84' lang='lat' dir='ltr'><strong>Jerusalem</strong></span> <span class='ocrx_word' id='word_1_128' title='bbox 495 1407 607 1448; x_wconf 82' lang='lat' dir='ltr'><strong>filios</strong></span> <span class='ocrx_word' id='word_1_129' title='bbox 639 1419 680 1448; x_wconf 90' lang='lat' dir='ltr'><strong>et</strong></span> <span class='ocrx_word' id='word_1_130' title='bbox 709 1406 838 1456; x_wconf 87' lang='lat' dir='ltr'><strong>filias,</strong></span> <span class='ocrx_word' id='word_1_131' title='bbox 877 1406 972 1447; x_wconf 86' lang='lat' dir='ltr'><strong>finis</strong></span> <span class='ocrx_word' id='word_1_132' title='bbox 1002 1423 1172 1457; x_wconf 87' lang='lat' dir='ltr'><strong>eorum,</strong></span> <span class='ocrx_word' id='word_1_133' title='bbox 1209 1407 1280 1463; x_wconf 91' lang='lat' dir='ltr'><strong>qui</strong></span> <span class='ocrx_word' id='word_1_134' title='bbox 1309 1421 1555 1460; x_wconf 84' lang='lat' dir='ltr'><strong>nascuntur,</strong></span> <span class='ocrx_word' id='word_1_135' title='bbox 1587 1425 1657 1450; x_wconf 91' lang='lat' dir='ltr'><strong>oc-</strong></span> 
     </span>
     <span class='ocr_line' id='line_1_18' title="bbox 233 1483 1658 1541; baseline 0 -14"><span class='ocrx_word' id='word_1_136' title='bbox 233 1486 335 1528; x_wconf 88' lang='lat' dir='ltr'><strong>cisio</strong></span> <span class='ocrx_word' id='word_1_137' title='bbox 378 1497 451 1526; x_wconf 90' lang='lat' dir='ltr'><strong>est.</strong></span> <span class='ocrx_word' id='word_1_138' title='bbox 509 1486 659 1541; x_wconf 72' lang='lat' dir='ltr'><strong>Neque</strong></span> <span class='ocrx_word' id='word_1_139' title='bbox 700 1483 812 1524; x_wconf 82' lang='lat' dir='ltr'><strong>enim</strong></span> <span class='ocrx_word' id='word_1_140' title='bbox 850 1484 961 1525; x_wconf 84' lang='lat' dir='ltr'><strong>salus</strong></span> <span class='ocrx_word' id='word_1_141' title='bbox 1003 1484 1096 1526; x_wconf 90' lang='lat' dir='ltr'><strong>finis</strong></span> <span class='ocrx_word' id='word_1_142' title='bbox 1137 1497 1198 1526; x_wconf 92' lang='lat' dir='ltr'><strong>est</strong></span> <span class='ocrx_word' id='word_1_143' title='bbox 1234 1486 1529 1541; x_wconf 90' lang='lat' dir='ltr'><strong>pessimorum.</strong></span> <span class='ocrx_word' id='word_1_144' title='bbox 1589 1487 1658 1527; x_wconf 82' lang='lat' dir='ltr'><strong>Id-</strong></span> 
     </span>
     <span class='ocr_line' id='line_1_19' title="bbox 233 1561 1656 1619; baseline 0 -14"><span class='ocrx_word' id='word_1_145' title='bbox 233 1564 346 1605; x_wconf 86' lang='lat' dir='ltr'><strong>circo</strong></span> <span class='ocrx_word' id='word_1_146' title='bbox 386 1563 593 1618; x_wconf 82' lang='lat' dir='ltr'><strong>scriptum</strong></span> <span class='ocrx_word' id='word_1_147' title='bbox 632 1574 714 1603; x_wconf 91' lang='lat' dir='ltr'><strong>est:</strong></span> <span class='ocrx_word' id='word_1_148' title='bbox 756 1561 1022 1612; x_wconf 82' lang='lat' dir='ltr'><strong>„immolasti</strong></span> <span class='ocrx_word' id='word_1_149' title='bbox 1046 1563 1087 1619; x_wconf 87' lang='lat'><strong>⁵)</strong></span> <span class='ocrx_word' id='word_1_150' title='bbox 1129 1580 1200 1604; x_wconf 74' lang='lat' dir='ltr'><strong>eos</strong></span> <span class='ocrx_word' id='word_1_151' title='bbox 1232 1563 1272 1603; x_wconf 89' lang='lat' dir='ltr'><strong>in</strong></span> <span class='ocrx_word' id='word_1_152' title='bbox 1306 1564 1656 1606; x_wconf 81' lang='lat' dir='ltr'><strong>consumtionem.</strong></span> 
     </span>
     <span class='ocr_line' id='line_1_20' title="bbox 234 1640 1658 1696; baseline 0.001 -14"><span class='ocrx_word' id='word_1_153' title='bbox 234 1642 376 1696; x_wconf 84' lang='lat' dir='ltr'><strong>Quam</strong></span> <span class='ocrx_word' id='word_1_154' title='bbox 413 1640 582 1680; x_wconf 85' lang='lat' dir='ltr'><strong>modica</strong></span> <span class='ocrx_word' id='word_1_155' title='bbox 619 1640 825 1680; x_wconf 78' lang='lat' dir='ltr'><strong>fornicata</strong></span> <span class='ocrx_word' id='word_1_156' title='bbox 863 1651 943 1689; x_wconf 86' lang='lat' dir='ltr'><strong>est,</strong></span> <span class='ocrx_word' id='word_1_157' title='bbox 985 1640 1234 1681; x_wconf 83' lang='lat' dir='ltr'><strong>interfecisti</strong></span> <span class='ocrx_word' id='word_1_158' title='bbox 1271 1652 1391 1681; x_wconf 87' lang='lat' dir='ltr'><strong>natos</strong></span> <span class='ocrx_word' id='word_1_159' title='bbox 1428 1658 1570 1692; x_wconf 84' lang='lat' dir='ltr'><strong>meos,</strong></span> <span class='ocrx_word' id='word_1_160' title='bbox 1617 1654 1658 1683; x_wconf 85' lang='lat' dir='ltr'><strong>et</strong></span> 
     </span>
     <span class='ocr_line' id='line_1_21' title="bbox 234 1716 1660 1774; baseline -0.001 -14"><span class='ocrx_word' id='word_1_161' title='bbox 234 1719 389 1761; x_wconf 77' lang='lat' dir='ltr'><strong>dedisti</strong></span> <span class='ocrx_word' id='word_1_162' title='bbox 429 1723 543 1759; x_wconf 87' lang='lat' dir='ltr'><strong>eos.“</strong></span> <span class='ocrx_word' id='word_1_163' title='bbox 601 1716 782 1772; x_wconf 87' lang='lat' dir='ltr'><strong>Proprie</strong></span> <span class='ocrx_word' id='word_1_164' title='bbox 823 1716 901 1757; x_wconf 84' lang='lat' dir='ltr'><strong>ait:</strong></span> <span class='ocrx_word' id='word_1_165' title='bbox 939 1717 1174 1772; x_wconf 81' lang='lat' dir='ltr'><strong>„accepisti</strong></span> <span class='ocrx_word' id='word_1_166' title='bbox 1198 1718 1241 1774; x_wconf 77' lang='grc'><strong>6)</strong></span> <span class='ocrx_word' id='word_1_167' title='bbox 1271 1717 1570 1759; x_wconf 78' lang='lat' dir='ltr'><strong>filios&#39;tuos:“</strong></span> <span class='ocrx_word' id='word_1_168' title='bbox 1606 1719 1660 1759; x_wconf 83' lang='lat' dir='ltr'><strong>si-</strong></span> 
     </span>
    </p>
   </div>
   <div class='ocr_carea' id='block_1_3' title="bbox 232 1793 1663 1852">
    <p class='ocr_par' dir='ltr' id='par_1_4' title="bbox 232 1793 1663 1852">
     <span class='ocr_line' id='line_1_22' title="bbox 232 1793 1663 1852; baseline -0.002 -14"><span class='ocrx_word' id='word_1_169' title='bbox 232 1798 559 1852; x_wconf 84' lang='lat' dir='ltr'><strong>gnificanterque</strong></span> <span class='ocrx_word' id='word_1_170' title='bbox 600 1793 785 1835; x_wconf 83' lang='lat' dir='ltr'><strong>addidit:</strong></span> <span class='ocrx_word' id='word_1_171' title='bbox 824 1793 1054 1844; x_wconf 86' lang='lat' dir='ltr'><strong>„occidisti</strong></span> <span class='ocrx_word' id='word_1_172' title='bbox 1080 1796 1122 1851; x_wconf 82' lang='lat'><strong>⁷)</strong></span> <span class='ocrx_word' id='word_1_173' title='bbox 1160 1807 1280 1836; x_wconf 84' lang='lat' dir='ltr'><strong>natos</strong></span> <span class='ocrx_word' id='word_1_174' title='bbox 1320 1802 1480 1836; x_wconf 84' lang='lat' dir='ltr'><strong>meos.“</strong></span> <span class='ocrx_word' id='word_1_175' title='bbox 1557 1795 1663 1850; x_wconf 82' lang='lat' dir='ltr'><strong>Qui-</strong></span> 
     </span>
    </p>
   </div>
   <div class='ocr_carea' id='block_1_4' title="bbox 231 1962 1663 2072">
    <p class='ocr_par' dir='ltr' id='par_1_5' title="bbox 231 1962 1663 2072">
     <span class='ocr_line' id='line_1_23' title="bbox 355 1962 1663 2021; baseline 0.001 -16"><span class='ocrx_word' id='word_1_176' title='bbox 355 1965 395 2021; x_wconf 88' lang='lat'><strong>¹)</strong></span> <span class='ocrx_word' id='word_1_177' title='bbox 424 1965 535 2005; x_wconf 84' lang='lat' dir='ltr'><strong>Edd.</strong></span> <span class='ocrx_word' id='word_1_178' title='bbox 573 1963 770 2005; x_wconf 69' lang='lat' dir='ltr'><strong>&#39;Merliniz</strong></span> <span class='ocrx_word' id='word_1_179' title='bbox 812 1980 858 2003; x_wconf 84' lang='lat' dir='ltr'><strong>ex</strong></span> <span class='ocrx_word' id='word_1_180' title='bbox 900 1962 1165 2015; x_wconf 83' lang='lat' dir='ltr'><strong>dogmatibus</strong></span> <span class='ocrx_word' id='word_1_181' title='bbox 1206 1963 1319 2004; x_wconf 86' lang='lat' dir='ltr'><strong>falsis</strong></span> <span class='ocrx_word' id='word_1_182' title='bbox 1361 1987 1411 1993; x_wconf 87' lang='lat'><strong>—-</strong></span> <span class='ocrx_word' id='word_1_183' title='bbox 1452 1965 1663 2006; x_wconf 81' lang='lat' dir='ltr'><strong>defensio-</strong></span> 
     </span>
     <span class='ocr_line' id='line_1_24' title="bbox 231 2020 719 2072; baseline -0.008 -8"><span class='ocrx_word' id='word_1_184' title='bbox 231 2038 350 2072; x_wconf 87' lang='lat' dir='ltr'><strong>nem,</strong></span> <span class='ocrx_word' id='word_1_185' title='bbox 382 2020 609 2062; x_wconf 79' lang='lat' dir='ltr'><strong>dixerimus</strong></span> <span class='ocrx_word' id='word_1_186' title='bbox 641 2032 719 2061; x_wconf 80' lang='lat' dir='ltr'><strong>etc.</strong></span> 
     </span>
    </p>
   </div>
   <div class='ocr_carea' id='block_1_5' title="bbox 237 2087 1674 2569">
    <p class='ocr_par' dir='ltr' id='par_1_6' title="bbox 350 2087 1511 2145">
     <span class='ocr_line' id='line_1_25' title="bbox 350 2087 1511 2145; baseline 0.003 -14"><span class='ocrx_word' id='word_1_187' title='bbox 350 2088 394 2143; x_wconf 86' lang='lat'><strong>2)</strong></span> <span class='ocrx_word' id='word_1_188' title='bbox 425 2091 577 2133; x_wconf 88' lang='lat' dir='ltr'><strong>Ezech.</strong></span> <span class='ocrx_word' id='word_1_189' title='bbox 608 2092 725 2142; x_wconf 90' lang='lat' dir='ltr'><strong>XVI,</strong></span> <span class='ocrx_word' id='word_1_190' title='bbox 757 2091 822 2134; x_wconf 87' lang='lat'><strong>19.</strong></span> <span class='ocrx_word' id='word_1_191' title='bbox 942 2089 985 2145; x_wconf 85' lang='lat'><strong>³)</strong></span> <span class='ocrx_word' id='word_1_192' title='bbox 1015 2087 1168 2129; x_wconf 83' lang='lat' dir='ltr'><strong>Ezech.</strong></span> <span class='ocrx_word' id='word_1_193' title='bbox 1198 2089 1315 2139; x_wconf 87' lang='lat' dir='ltr'><strong>XVI,</strong></span> <span class='ocrx_word' id='word_1_194' title='bbox 1348 2090 1411 2133; x_wconf 80' lang='grc'><strong>19.</strong></span> <span class='ocrx_word' id='word_1_195' title='bbox 1443 2090 1511 2134; x_wconf 78' lang='lat'><strong>20.</strong></span> 
     </span>
    </p>

    <p class='ocr_par' dir='ltr' id='par_1_7' title="bbox 237 2157 1674 2569">
     <span class='ocr_line' id='line_1_26' title="bbox 353 2157 1674 2220; baseline 0.001 -16"><span class='ocrx_word' id='word_1_196' title='bbox 353 2162 398 2218; x_wconf 79' lang='lat'><strong>⁴)</strong></span> <span class='ocrx_word' id='word_1_197' title='bbox 428 2162 609 2204; x_wconf 85' lang='lat' dir='ltr'><strong>Catenae</strong></span> <span class='ocrx_word' id='word_1_198' title='bbox 625 2163 727 2204; x_wconf 88' lang='lat' dir='ltr'><strong>Mss.</strong></span> <span class='ocrx_word' id='word_1_199' title='bbox 767 2157 913 2216; x_wconf 66' lang='lat' dir='ltr'><strong>„ffla</strong></span> <span class='ocrx_word' id='word_1_200' title='bbox 946 2157 1067 2207; x_wconf 82' lang='grc' dir='ltr'><em>υἱοὺς</em></span> <span class='ocrx_word' id='word_1_201' title='bbox 1097 2158 1232 2213; x_wconf 80' lang='grc' dir='ltr'><em>αὐτῆς</em></span> <span class='ocrx_word' id='word_1_202' title='bbox 1253 2163 1330 2202; x_wconf 82' lang='grc' dir='ltr'><strong>καὶ</strong></span> <span class='ocrx_word' id='word_1_203' title='bbox 1353 2166 1607 2220; x_wconf 66' lang='grc' dir='ltr'><em>θυγατέρας</em></span> <span class='ocrx_word' id='word_1_204' title='bbox 1634 2161 1674 2217; x_wconf 86' lang='grc' dir='ltr'>ἡ</span> 
     </span>
     <span class='ocr_line' id='line_1_27' title="bbox 238 2227 1664 2290; baseline -0.001 -14"><span class='ocrx_word' id='word_1_205' title='bbox 238 2232 400 2289; x_wconf 72' lang='grc' dir='ltr'>ἀσεβὴς</span> <span class='ocrx_word' id='word_1_206' title='bbox 428 2232 566 2290; x_wconf 76' lang='grc' dir='ltr'><strong><em>ψυχὴ,</em></strong></span> <span class='ocrx_word' id='word_1_207' title='bbox 600 2230 626 2287; x_wconf 85' lang='grc' dir='ltr'>ἢ</span> <span class='ocrx_word' id='word_1_208' title='bbox 652 2230 827 2290; x_wconf 76' lang='grc' dir='ltr'><strong>πράξει,</strong></span> <span class='ocrx_word' id='word_1_209' title='bbox 857 2227 884 2286; x_wconf 80' lang='grc' dir='ltr'>ἢ</span> <span class='ocrx_word' id='word_1_210' title='bbox 916 2233 991 2274; x_wconf 82' lang='grc' dir='ltr'><strong>καὶ</strong></span> <span class='ocrx_word' id='word_1_211' title='bbox 1022 2227 1174 2286; x_wconf 75' lang='grc' dir='ltr'><em>λόγοις</em></span> <span class='ocrx_word' id='word_1_212' title='bbox 1206 2229 1507 2287; x_wconf 71' lang='grc' dir='ltr'><em>ἀντεγεννῶσὰ</em></span> <span class='ocrx_word' id='word_1_213' title='bbox 1540 2249 1664 2282; x_wconf 77' lang='grc' dir='ltr'><em>τινας</em></span> 
     </span>
     <span class='ocr_line' id='line_1_28' title="bbox 237 2298 1664 2360; baseline -0.001 -13"><span class='ocrx_word' id='word_1_214' title='bbox 237 2305 288 2347; x_wconf 73' lang='grc' dir='ltr'><strong>ἐν</strong></span> <span class='ocrx_word' id='word_1_215' title='bbox 317 2308 467 2360; x_wconf 75' lang='grc' dir='ltr'><em>κακίᾳ.</em></span> <span class='ocrx_word' id='word_1_216' title='bbox 521 2302 584 2347; x_wconf 81' lang='grc' dir='ltr'><strong>Τὸ</strong></span> <span class='ocrx_word' id='word_1_217' title='bbox 612 2301 701 2360; x_wconf 70' lang='grc' dir='ltr'><strong>γὰρ</strong></span> <span class='ocrx_word' id='word_1_218' title='bbox 721 2306 843 2350; x_wconf 77' lang='grc' dir='ltr'><em>τέλος</em></span> <span class='ocrx_word' id='word_1_219' title='bbox 866 2304 940 2355; x_wconf 77' lang='grc' dir='ltr'><strong>τῆς</strong></span> <span class='ocrx_word' id='word_1_220' title='bbox 971 2298 1178 2353; x_wconf 77' lang='grc' dir='ltr'><em>τοιαύτης</em></span> <span class='ocrx_word' id='word_1_221' title='bbox 1205 2299 1471 2356; x_wconf 67' lang='grc' dir='ltr'><em>γεννήσεως,</em></span> <span class='ocrx_word' id='word_1_222' title='bbox 1505 2300 1664 2360; x_wconf 69' lang='grc' dir='ltr'><em>σφαγή</em></span> 
     </span>
     <span class='ocr_line' id='line_1_29' title="bbox 237 2376 376 2419; baseline -0.007 0"><span class='ocrx_word' id='word_1_223' title='bbox 237 2376 376 2419; x_wconf 74' lang='grc' dir='ltr'><em>ἔστι.“</em></span> 
     </span>
     <span class='ocr_line' id='line_1_30' title="bbox 238 2439 1664 2501; baseline -0.001 -13"><span class='ocrx_word' id='word_1_224' title='bbox 238 2449 405 2501; x_wconf 73' lang='grc' dir='ltr'><strong>μένους</strong></span> <span class='ocrx_word' id='word_1_225' title='bbox 442 2447 488 2494; x_wconf 72' lang='grc' dir='ltr'><strong>ἐξ</strong></span> <span class='ocrx_word' id='word_1_226' title='bbox 527 2444 663 2497; x_wconf 74' lang='grc' dir='ltr'><em>αὐτῆς</em></span> <span class='ocrx_word' id='word_1_227' title='bbox 702 2440 854 2486; x_wconf 70' lang='grc' dir='ltr'><em>ἀδικεῖ</em></span> <span class='ocrx_word' id='word_1_228' title='bbox 886 2440 911 2495; x_wconf 84' lang='grc' dir='ltr'>ἡ</span> <span class='ocrx_word' id='word_1_229' title='bbox 954 2439 1117 2496; x_wconf 68' lang='grc' dir='ltr'>ἀσεβὴς</span> <span class='ocrx_word' id='word_1_230' title='bbox 1147 2440 1271 2497; x_wconf 74' lang='grc' dir='ltr'><strong>ψυχὴ</strong></span> <span class='ocrx_word' id='word_1_231' title='bbox 1305 2441 1664 2501; x_wconf 71' lang='grc' dir='ltr'><em>κατεισ([άζουσα</em></span> 
     </span>
     <span class='ocr_line' id='line_1_31' title="bbox 240 2511 1666 2569; baseline 0 -11"><span class='ocrx_word' id='word_1_232' title='bbox 240 2521 331 2565; x_wconf 70' lang='grc' dir='ltr'><em>τοῖς</em></span> <span class='ocrx_word' id='word_1_233' title='bbox 360 2513 584 2564; x_wconf 72' lang='grc' dir='ltr'><em>εἰδώλοις·</em></span> <span class='ocrx_word' id='word_1_234' title='bbox 617 2511 730 2557; x_wconf 74' lang='grc' dir='ltr'><strong>ἀλλὰ</strong></span> <span class='ocrx_word' id='word_1_235' title='bbox 761 2519 840 2556; x_wconf 74' lang='grc' dir='ltr'><strong>καί</strong></span> <span class='ocrx_word' id='word_1_236' title='bbox 868 2529 991 2560; x_wconf 76' lang='grc' dir='ltr'><em>τινας</em></span> <span class='ocrx_word' id='word_1_237' title='bbox 1019 2514 1113 2555; x_wconf 75' lang='grc' dir='ltr'><strong>τῶν</strong></span> <span class='ocrx_word' id='word_1_238' title='bbox 1143 2512 1192 2555; x_wconf 72' lang='grc' dir='ltr'><strong>ἐκ</strong></span> <span class='ocrx_word' id='word_1_239' title='bbox 1218 2516 1327 2556; x_wconf 66' lang='grc' dir='ltr'><strong>θεοῦ</strong></span> <span class='ocrx_word' id='word_1_240' title='bbox 1349 2519 1666 2569; x_wconf 68' lang='grc' dir='ltr'><em>γεννηθέντων</em></span> 
     </span>
    </p>
   </div>
   <div class='ocr_carea' id='block_1_6' title="bbox 444 2368 1665 2430">
    <p class='ocr_par' dir='ltr' id='par_1_8' title="bbox 444 2368 1665 2430">
     <span class='ocr_line' id='line_1_32' title="bbox 444 2368 1665 2430; baseline 0 -13"><span class='ocrx_word' id='word_1_241' title='bbox 444 2377 534 2417; x_wconf 76' lang='grc' dir='ltr'><strong>Καὶ</strong></span> <span class='ocrx_word' id='word_1_242' title='bbox 577 2372 671 2430; x_wconf 78' lang='grc' dir='ltr'><strong>μετ’</strong></span> <span class='ocrx_word' id='word_1_243' title='bbox 714 2371 868 2429; x_wconf 69' lang='grc' dir='ltr'><em>ὀλίγα·</em></span> <span class='ocrx_word' id='word_1_244' title='bbox 911 2369 1022 2426; x_wconf 71' lang='grc' dir='ltr'><strong>,,Οὐ</strong></span> <span class='ocrx_word' id='word_1_245' title='bbox 1060 2368 1212 2426; x_wconf 86' lang='grc' dir='ltr'><em>μόνον</em></span> <span class='ocrx_word' id='word_1_246' title='bbox 1250 2370 1353 2421; x_wconf 80' lang='grc' dir='ltr'><em>τοὺς</em></span> <span class='ocrx_word' id='word_1_247' title='bbox 1392 2371 1665 2430; x_wconf 69' lang='grc' dir='ltr'><em>ἀναγεννω-</em></span> 
     </span>
    </p>
   </div>
   <div class='ocr_carea' id='block_1_7' title="bbox 238 2581 1664 2926">
    <p class='ocr_par' dir='ltr' id='par_1_9' title="bbox 238 2581 1664 2770">
     <span class='ocr_line' id='line_1_33' title="bbox 239 2581 1661 2648; baseline -0.003 -18"><span class='ocrx_word' id='word_1_248' title='bbox 239 2584 514 2645; x_wconf 70' lang='grc' dir='ltr'><em>καπισφάζει</em></span> <span class='ocrx_word' id='word_1_249' title='bbox 548 2590 597 2648; x_wconf 74' lang='grc' dir='ltr'><strong>τῇ</strong></span> <span class='ocrx_word' id='word_1_250' title='bbox 627 2583 777 2643; x_wconf 74' lang='grc' dir='ltr'><em>πλάνῃ</em></span> <span class='ocrx_word' id='word_1_251' title='bbox 808 2586 882 2638; x_wconf 76' lang='grc' dir='ltr'><strong>τῆς</strong></span> <span class='ocrx_word' id='word_1_252' title='bbox 912 2587 1081 2631; x_wconf 80' lang='grc' dir='ltr'><strong><em>κακίας.</em></strong></span> <span class='ocrx_word' id='word_1_253' title='bbox 1148 2586 1291 2627; x_wconf 78' lang='grc' dir='ltr'><em>Τοῦτο</em></span> <span class='ocrx_word' id='word_1_254' title='bbox 1323 2582 1372 2627; x_wconf 73' lang='grc' dir='ltr'><strong>τὸ</strong></span> <span class='ocrx_word' id='word_1_255' title='bbox 1400 2581 1661 2642; x_wconf 69' lang='grc' dir='ltr'><em>ἁμάρτημα,</em></span> 
     </span>
     <span class='ocr_line' id='line_1_34' title="bbox 239 2652 1664 2716; baseline -0.004 -15"><span class='ocrx_word' id='word_1_256' title='bbox 239 2661 384 2716; x_wconf 80' lang='grc' dir='ltr'><em>φησὶν</em></span> <span class='ocrx_word' id='word_1_257' title='bbox 416 2656 438 2702; x_wconf 85' lang='grc' dir='ltr'>ὁ</span> <span class='ocrx_word' id='word_1_258' title='bbox 470 2656 595 2712; x_wconf 69' lang='grc' dir='ltr'><em>θεὸς,</em></span> <span class='ocrx_word' id='word_1_259' title='bbox 632 2652 758 2713; x_wconf 69' lang='grc' dir='ltr'><strong>παρὰ</strong></span> <span class='ocrx_word' id='word_1_260' title='bbox 789 2656 944 2697; x_wconf 79' lang='grc' dir='ltr'><em>πᾶσαν</em></span> <span class='ocrx_word' id='word_1_261' title='bbox 975 2652 1205 2710; x_wconf 72' lang='grc' dir='ltr'><strong>ἁμαρτίαν</strong></span> <span class='ocrx_word' id='word_1_262' title='bbox 1236 2656 1353 2709; x_wconf 72' lang='grc' dir='ltr'>ἐστὶ,</span> <span class='ocrx_word' id='word_1_263' title='bbox 1395 2657 1471 2697; x_wconf 79' lang='grc' dir='ltr'><strong>καὶ</strong></span> <span class='ocrx_word' id='word_1_264' title='bbox 1499 2652 1664 2712; x_wconf 76' lang='grc' dir='ltr'>βαρύ.“</span> 
     </span>
     <span class='ocr_line' id='line_1_35' title="bbox 238 2729 421 2770; baseline -0.011 0"><span class='ocrx_word' id='word_1_265' title='bbox 238 2729 421 2770; x_wconf 82' lang='lat' dir='ltr'><strong>Ruaeus.</strong></span> 
     </span>
    </p>

    <p class='ocr_par' dir='ltr' id='par_1_10' title="bbox 357 2796 1048 2854">
     <span class='ocr_line' id='line_1_36' title="bbox 357 2796 1048 2854; baseline -0.001 -15"><span class='ocrx_word' id='word_1_266' title='bbox 357 2798 399 2854; x_wconf 88' lang='lat'><strong>⁵)</strong></span> <span class='ocrx_word' id='word_1_267' title='bbox 433 2798 519 2840; x_wconf 85' lang='lat' dir='ltr'><strong>Cfr.</strong></span> <span class='ocrx_word' id='word_1_268' title='bbox 551 2797 701 2838; x_wconf 82' lang='lat' dir='ltr'><strong>Ezech.</strong></span> <span class='ocrx_word' id='word_1_269' title='bbox 733 2796 850 2847; x_wconf 87' lang='lat' dir='ltr'><strong>XVI,</strong></span> <span class='ocrx_word' id='word_1_270' title='bbox 880 2796 945 2840; x_wconf 78' lang='grc'><strong>20.</strong></span> <span class='ocrx_word' id='word_1_271' title='bbox 978 2796 1048 2840; x_wconf 83' lang='grc'><strong>21.</strong></span> 
     </span>
    </p>

    <p class='ocr_par' dir='ltr' id='par_1_11' title="bbox 357 2864 1421 2926">
     <span class='ocr_line' id='line_1_37' title="bbox 357 2864 1421 2926; baseline -0.005 -16"><span class='ocrx_word' id='word_1_272' title='bbox 357 2869 400 2926; x_wconf 82' lang='lat'><strong>⁶)</strong></span> <span class='ocrx_word' id='word_1_273' title='bbox 431 2868 582 2910; x_wconf 86' lang='lat' dir='ltr'><strong>Ezech.</strong></span> <span class='ocrx_word' id='word_1_274' title='bbox 613 2869 731 2918; x_wconf 82' lang='lat' dir='ltr'><strong>XVI,</strong></span> <span class='ocrx_word' id='word_1_275' title='bbox 762 2865 830 2911; x_wconf 77' lang='lat'><strong>20.</strong></span> <span class='ocrx_word' id='word_1_276' title='bbox 953 2868 994 2923; x_wconf 88' lang='lat'><strong>⁷)</strong></span> <span class='ocrx_word' id='word_1_277' title='bbox 1024 2866 1176 2908; x_wconf 89' lang='lat' dir='ltr'><strong>Ezech.</strong></span> <span class='ocrx_word' id='word_1_278' title='bbox 1207 2865 1323 2916; x_wconf 87' lang='lat' dir='ltr'><strong>XVI,</strong></span> <span class='ocrx_word' id='word_1_279' title='bbox 1354 2864 1421 2908; x_wconf 83' lang='lat'><strong>21.</strong></span> 
     </span>
    </p>
   </div>
  </div>
 </body>
</html>
