1759 3134
230 146 283 190 56
635 149 854 189 Offlossms
884 160 928 189 m
959 146 1251 189 Ezscumtnm

242 269 283 299 et
323 275 432 298 nunc
473 258 718 314 delinquens
760 271 869 299 terra
907 271 1106 315 peccator
1145 259 1209 299 sit.
1270 259 1354 299 Sed
1395 274 1415 297 e
1453 258 1660 299 contrario

243 335 483 375 latissimam
514 336 754 392 Scripturas:
786 338 944 394 sylvam
976 353 1190 376 recensens
1224 347 1415 376 coarctor
1445 336 1497 375 ad
1528 336 1660 390 suspi-

243 413 444 461 candum,
486 412 581 468 quia
611 413 800 454 animalis
830 414 881 454 sit
912 425 1020 454 terra
1051 414 1147 462 ista,
1183 429 1305 468 quam
1339 412 1556 452 cernimus.
1616 412 1662 453 Si

243 488 353 528 enim
387 490 489 539 hoc,
522 492 638 546 quod
668 490 870 546 scriptum
903 503 984 531 est:
1017 490 1124 545 „qui
1152 490 1191 546 ¹)
1223 489 1399 544 adspicit
1429 506 1554 544 super
1583 500 1665 529 ter-

242 582 352 615 ram,
385 577 425 606 et
455 566 554 607 saeit
586 585 676 608 eam
706 573 945 607 tremere:“
977 566 1088 623 juxta
1119 567 1174 616 id,
1208 568 1323 622 quod
1356 565 1557 621 scriptum
1591 577 1663 615 est,

244 644 438 684 volumus
477 645 690 701 accipere,
732 644 1000 697 intelligimus
1044 645 1094 684 ad
1139 645 1383 699 adspectum
1414 642 1498 683 Dei
1531 654 1663 682 terrae

244 732 384 761 motus
417 722 640 771 concitari,
679 738 762 761 non
806 738 910 777 quos
940 721 1090 762 Judaei
1133 721 1405 776 suspicantur.
1465 722 1571 760 Nam
1602 719 1666 758 illi

241 809 428 838 asserunt
466 810 693 839 tremorem
729 810 861 839 terrae
903 798 1237 839 commotionem
1279 797 1366 853 eius
1403 813 1509 837 esse:
1551 796 1667 852 quod

245 874 369 926 longe
401 891 423 915 a
454 875 625 916 veritate
660 875 870 916 diversum
911 887 983 917 est.
1044 875 1098 915 Et
1128 891 1204 915 nos
1236 874 1392 929 quippe
1423 872 1597 913 solliciti
1628 884 1668 912 et

242 962 464 992 trementes
494 963 672 1007 propter
699 963 871 1008 peccata
899 964 1038 992 nostra
1059 983 1068 1001 ,
1102 952 1144 992 in
1177 963 1286 992 terra
1316 968 1471 1000 sumus,
1501 967 1578 991 nec
1607 961 1668 990 ta-

239 1044 338 1068 men
368 1040 529 1069 tremor
557 1041 701 1069 noster
732 1046 883 1085 corpus
915 1029 1099 1070 concutit
1131 1030 1181 1069 ad
1212 1029 1498 1069 tremendum:
1542 1026 1666 1067 sicuti

242 1116 283 1144 et
321 1104 363 1145 in
400 1106 484 1146 alio
527 1106 626 1145 loco
669 1106 841 1146 dicitur:
883 1123 1044 1162 „super
1068 1107 1110 1161 2)
1152 1122 1276 1162 quem
1316 1104 1561 1160 respiciam,
1606 1103 1662 1143 ait

240 1182 472 1232 Dominus,
510 1182 591 1223 nisi
627 1199 753 1238 super
792 1182 997 1222 humilem
1036 1194 1075 1222 et
1114 1183 1306 1238 quietum
1345 1193 1385 1221 et
1414 1192 1666 1220 trementem

242 1274 456 1300 sermones
496 1259 678 1301 meos?“
737 1259 798 1299 Ex
840 1276 923 1315 quo
955 1259 1227 1299 manifestum
1262 1270 1345 1308 est,
1383 1269 1597 1297 mansuete
1628 1268 1669 1297 et

243 1336 460 1376 humiliter
488 1337 585 1377 Deo
616 1335 868 1376 servientem
897 1337 950 1377 ad
980 1352 1193 1377 sermones
1226 1334 1312 1392 ejus
1343 1347 1483 1375 mente
1524 1334 1666 1390 potius

244 1425 444 1463 tremere,
480 1431 604 1470 quam
635 1429 827 1469 corpore.
886 1414 942 1453 Et
970 1414 1070 1454 haec
1103 1412 1273 1468 quidem
1306 1412 1349 1452 in
1378 1411 1523 1452 medio
1557 1411 1668 1451 dicta

244 1501 339 1531 sunt
367 1491 647 1532 satisfactione
681 1490 767 1548 ejus
798 1490 1049 1539 testimonii,
1082 1490 1199 1546 quod
1228 1489 1472 1529 intulimus:
1505 1488 1604 1544 „qui
1624 1487 1669 1543 3)

245 1567 424 1623 adspicit
459 1580 639 1616 terram,
682 1578 723 1607 et
760 1565 861 1606 facit
903 1582 994 1606 eam
1030 1572 1253 1607 tremere.“
1325 1565 1485 1621 Accipe
1530 1576 1670 1605 autem

245 1644 324 1684 alia
357 1644 467 1684 dicta
497 1645 549 1684 de
579 1655 701 1683 terra.
760 1643 1047 1692 „Offenditur
1069 1644 1110 1700 ⁴)
1150 1655 1260 1684 terra
1300 1645 1350 1683 ab
1382 1643 1464 1692 his,
1507 1642 1579 1698 qui
1609 1642 1671 1682 in-

244 1720 382 1761 sident
427 1721 468 1761 in
517 1725 607 1761 ea.“
682 1719 916 1774 Quomodo
965 1720 1198 1760 offenditur
1240 1731 1370 1769 terra,
1418 1730 1460 1760 et
1502 1721 1669 1774 quando

245 1810 458 1838 aversatur
480 1798 522 1852 5)
555 1799 606 1838 ab
636 1797 712 1847 his,
745 1797 817 1853 qui
847 1797 890 1838 in
919 1813 962 1837 se
996 1796 1339 1838 commorantur?
1393 1795 1575 1850 Quando
1608 1796 1673 1834 su-

246 1875 354 1915 erint
389 1886 646 1930 peccatores.
706 1874 865 1929 Accipe
903 1873 1019 1914 aliud
1065 1874 1317 1928 exemplum.
1380 1872 1671 1927 „Complace-

245 1951 307 1991 bit
327 1952 369 2007 6)
399 1950 479 1991 sibi
508 1963 619 1993 terra
648 1951 689 1991 in
719 1950 897 1991 sabbatis
928 1949 1053 1989 suis.“
1098 1949 1134 1988 E
1166 1949 1374 1989 contrario
1405 1949 1516 1988 enim
1545 1965 1672 2004 quae-

246 2028 342 2066 dam
372 2038 506 2067 terrae
544 2029 714 2067 sabbata
754 2038 1074 2081 nuncupantur,
1116 2026 1158 2066 in
1191 2025 1340 2082 quihus
1371 2025 1450 2065 sibi
1485 2025 1672 2081 compla-

245 2115 335 2144 ceat
380 2116 422 2144 et
465 2105 655 2146 laetetur.
729 2106 816 2146 Nec
861 2103 963 2143 dum
1008 2103 1126 2143 dico:
1173 2103 1377 2152 „attende
1402 2103 1443 2159 7)
1490 2103 1672 2152 coelum,

245 2192 285 2221 et
316 2181 486 2236 loquar,
523 2193 563 2222 et
594 2181 734 2221 audiat
764 2192 876 2220 terra
907 2180 1033 2219 verba
1065 2179 1148 2219 oris
1179 2178 1321 2219 mei:“
1363 2194 1497 2233 neque
1530 2177 1669 2218 aliud:

246 2257 380 2307 „audi
405 2258 447 2312 8)
471 2258 673 2307 coelum,
715 2269 755 2298 et
796 2255 962 2296 auribus
992 2255 1165 2311 percipe
1195 2261 1362 2296 terra:“
1393 2256 1466 2295 sed
1496 2272 1573 2295 nec
1601 2256 1672 2295 Je-

246 2333 400 2374 remiae
432 2334 724 2390 prophetiam:
759 2345 905 2383 „terra
928 2332 986 2385 ⁹),
1016 2344 1126 2373 terra
1154 2332 1251 2373 audi
1282 2333 1454 2373 verbum
1471 2331 1671 2372 Domini:

247 2411 380 2451 scribe
412 2411 548 2451 virum
579 2411 704 2451 istum
736 2410 1018 2451 abdicatum.“
1067 2410 1206 2450 Multa
1234 2426 1310 2451 nos
1341 2410 1472 2450 latent
1494 2420 1671 2465 propter

367 2581 402 2634 ¹)
433 2579 586 2620 Psalm.
621 2578 728 2627 CIV,
761 2578 830 2621 32.
865 2579 1023 2634 (CIII.)
1145 2579 1186 2634 ²)
1217 2578 1338 2618 Jesai.
1370 2579 1520 2627 LXVI,
1551 2577 1589 2619 2.

363 2649 406 2704 3)
439 2649 592 2690 Psalm.
626 2648 734 2697 CIV,
766 2647 833 2691 32.
867 2648 1025 2706 (Clll.)
1098 2649 1139 2704 ⁴)
1172 2648 1257 2690 Csr.
1288 2647 1412 2689 Jesai.
1442 2647 1599 2696 XXIV,
1630 2646 1668 2689 5,

362 2718 404 2773 ⁵)
434 2718 545 2760 Edd.
576 2718 774 2759 Merlini:
807 2719 1059 2758 adversatur.

364 2789 407 2843 6)
438 2788 524 2830 Csr.
555 2789 690 2830 Levit.
722 2789 880 2838 XXVI,
912 2787 978 2831 43.
1099 2788 1140 2842 ⁷)
1173 2789 1303 2829 Deut.
1333 2787 1516 2836 XXXII,
1550 2785 1585 2828 1.

363 2858 406 2914 ἑ’)
436 2857 560 2899 Jesai.
592 2860 625 2909 I,
656 2857 694 2899 ⁴2.
818 2859 860 2914 9)
891 2860 1050 2899 Jerem.
1081 2858 1224 2909 XXII,
1253 2857 1320 2901 29.
1352 2855 1418 2900 30.
