1759 3134
669 155 922 196 PROLOGUS.
1428 158 1512 203 297

93 271 134 312 in
180 269 416 311 adulterum
465 268 649 325 aliquem
689 279 730 308 et
768 277 1073 322 corruptorem.
1150 268 1281 323 Quod
1319 270 1396 310 sub
1433 271 1509 314 hae

94 350 242 391 eadem
269 348 401 400 figura
431 346 646 388 evidenter
674 345 858 387 declarat
885 344 1082 385 Ezechiel
1107 345 1148 402 ¹)
1178 347 1406 403 propheta,
1436 349 1510 391 ubi

97 426 270 468 Oollam
312 435 352 465 et
382 423 584 466 Oolibam
605 423 648 479 ²)
690 421 923 463 introducit
951 422 1028 463 sub
1057 422 1197 479 specie
1228 425 1439 468 Samariae
1470 439 1512 469 et

94 502 383 552 Hierusalem,
414 500 651 542 adulterino
682 515 826 542 amore
858 511 1098 556 corruptaS,
1136 499 1244 541 sicut
1274 501 1394 544 locus
1422 503 1513 560 ipse
1540 517 1545 521 ¹

95 581 324 637 scripturae
362 578 637 636 propheticae
677 576 860 619 ostendit
899 576 1138 618 volentibus
1181 577 1350 634 plenius
1395 581 1513 624 scire.

91 656 333 699 Exardescit
357 657 403 713 3)
457 668 595 698 autem
641 655 765 697 etiam
806 654 874 696 hic
918 654 1146 711 spiritualis
1191 672 1310 698 amor
1354 658 1516 701 animae

92 735 320 792 aliquando
363 734 555 791 quidem,
599 745 646 775 ut
686 732 955 781 edocuimus,
1002 747 1092 784 erga
1137 732 1304 791 aliquos
1347 736 1516 793 spiritus

94 812 331 870 nequitiae,
371 812 596 869 aliquando
638 827 731 864 erga
770 809 977 866 Spiritum
1014 822 1225 863 sanctum,
1257 825 1298 854 et
1327 814 1516 859 Verbum

91 890 199 941 Dei,
240 890 312 947 qui
343 901 404 931 est
432 905 607 946 sponsus
637 888 796 939 fidelis,
838 899 878 929 et
911 888 1098 930 eruditae
1129 889 1290 932 animae
1320 890 1385 932 vir
1416 893 1520 935 dici-

93 979 174 1018 tur,
207 978 248 1007 et
280 966 394 1024 cujus
423 965 513 1023 ipsa
544 981 696 1023 sponsa
724 965 769 1006 in
799 965 874 1007 hac
904 965 1131 1023 praecipue
1160 967 1379 1025 scriptura,
1411 986 1518 1027 quae

89 1044 266 1085 habetur
292 1043 337 1085 in
365 1043 570 1095 manibus,
600 1043 855 1094 nominatur,
886 1043 1005 1095 sicut,
1036 1057 1275 1102 praestante
1306 1047 1514 1101 Domino,

90 1120 256 1178 plenius
297 1122 590 1173 ostendemus,
641 1139 738 1164 cum
783 1123 908 1164 verba
948 1122 1078 1179 ipsius
1120 1123 1260 1166 libelli
1296 1126 1516 1182 explanare

95 1198 370 1256 coeperimus.
430 1199 612 1242 Videtur
649 1212 790 1242 autem
830 1199 934 1241 mihi
966 1199 1107 1242 divina
1135 1201 1341 1258 scriptura
1370 1204 1517 1247 volens

93 1293 261 1328 cavere,
301 1293 353 1318 ne
394 1278 531 1334 lapsus
572 1277 721 1335 aliquis
761 1277 995 1331 legentibus
1033 1280 1110 1320 sub
1152 1279 1305 1322 amoris
1345 1281 1519 1324 nomine

91 1365 350 1405 nasceretur,
395 1371 474 1411 pro
518 1355 820 1397 infirmioribus
860 1355 1096 1413 quibusque
1136 1373 1257 1408 eum,
1296 1358 1367 1415 qui
1407 1360 1520 1417 apud

92 1431 298 1489 sapientes
329 1432 485 1473 saeculi
517 1432 689 1490 cupido,
720 1449 793 1474 seu
824 1449 944 1474 amor
974 1432 1150 1486 dicitur,
1179 1434 1414 1477 honestiori
1444 1453 1520 1478 vo-

94 1509 245 1551 cabulo
289 1509 503 1552 caritatem
541 1511 610 1551 vel
651 1510 926 1552 dilectionem
960 1511 1209 1554 nominasse.
1270 1513 1400 1555 Verbi
1430 1530 1520 1568 gra-

93 1589 173 1640 tia,
211 1600 259 1630 ut
293 1605 388 1630 cum
420 1589 522 1630 dixit
554 1590 606 1630 de
639 1589 774 1630 Isaac:
817 1601 895 1640 „et
913 1589 955 1646 ⁴)
987 1590 1151 1646 accepit
1178 1591 1440 1643 Rebeccam,
1479 1604 1522 1634 et

94 1669 202 1709 facta
233 1678 294 1708 est
328 1667 366 1709 ei
394 1683 521 1718 uxor,
562 1678 603 1708 et
646 1666 792 1708 dilexit
836 1672 968 1708 eam.“
1026 1667 1082 1708 Et
1111 1667 1266 1709 iterum
1301 1669 1353 1709 de
1383 1670 1520 1711 Jacob

96 1757 137 1786 ct
165 1745 324 1786 Rachel
355 1744 549 1786 similiter
579 1744 682 1785 dicit
710 1744 950 1801 Scriptura:
981 1745 1166 1795 „Rachel
1189 1745 1230 1802 ⁵)
1262 1757 1404 1788 autem
1435 1759 1522 1790 erat

95 1825 249 1865 decora
280 1822 436 1874 oculis,
476 1834 517 1863 et
554 1822 731 1879 pulchra
770 1820 902 1873 facie,
934 1833 974 1863 et
1006 1822 1152 1864 dilexit
1183 1824 1317 1866 Jacob
1347 1826 1521 1877 Rachel,

94 1913 136 1943 ct
179 1900 304 1942 dixit:
344 1900 521 1942 serviam
559 1900 637 1941 tibi
680 1910 842 1957 septem
884 1899 999 1941 annis
1028 1917 1109 1957 pro
1144 1901 1303 1944 Rachel
1332 1902 1420 1945 filia
1449 1915 1522 1945 tua

91 1979 301 2040 juniorc.“
361 1978 609 2020 Evidentius
645 1990 784 2020 autem
814 1978 1057 2020 immutatus
1086 1996 1184 2021 usus
1216 1980 1413 2022 vocabuli
1443 1981 1520 2023 hu-

93 2057 157 2116 ius
201 2068 376 2114 apparet
414 2055 457 2097 in
499 2056 670 2097 Amnon
693 2057 761 2113 ⁵),
807 2056 879 2113 qui
926 2057 1134 2099 adamavit
1170 2075 1362 2101 sororem
1403 2076 1520 2103 suam

92 2136 285 2178 Thamar.
347 2134 564 2192 Scriptum
587 2146 648 2176 cst
678 2134 809 2176 enim:
840 2147 910 2186 „et
930 2136 970 2192 ⁷)
1000 2137 1159 2178 factum
1190 2148 1251 2179 est
1277 2149 1377 2195 post
1405 2138 1522 2190 haec,

93 2226 135 2256 et
173 2226 262 2257 erat.
290 2214 478 2256 Absalon
516 2212 608 2255 filio
640 2213 783 2255 David
813 2229 936 2255 soror
966 2215 1121 2257 decora
1155 2215 1263 2258 facie
1293 2217 1438 2268 valde,
1477 2229 1520 2259 et

90 2308 247 2335 nomen
285 2291 325 2334 ei
356 2291 558 2343 Thamar,
599 2303 640 2334 et
678 2291 826 2334 dilexit
864 2294 1155 2336 eam-Amnon
1193 2294 1306 2338 filius
1334 2295 1518 2338 David.“

215 2492 256 2548 ¹)
288 2490 375 2533 Cfr.
407 2491 558 2532 Ezech.
588 2491 753 2542 XXIII,
782 2489 822 2534 2.
852 2508 965 2549 seqq.

209 2562 252 2617 ²)
282 2562 393 2603 Edd.
424 2561 623 2602 Merlini:
656 2561 829 2604 Olibam
858 2563 1094 2606 introduxit
1122 2566 1200 2606 sub
1231 2576 1297 2606 etc

207 2633 254 2687 3)
285 2633 395 2674 Edd.
426 2631 620 2673 Merlini:
650 2632 893 2675 Exardescit
921 2634 990 2676 hic
1020 2634 1251 2693 spiritualis
1281 2648 1360 2680 etc.

210 2704 256 2758 ⁶²)
288 2704 395 2746 Gen.
424 2703 584 2753 XXIV,
615 2702 682 2746 67.

212 2775 253 2831 ⁵)
287 2774 393 2815 Gen.
428 2773 593 2824 XXIX,
623 2773 688 2817 17.
721 2774 786 2819 18.

213 2843 257 2900 ὃ)
286 2844 394 2886 Edd.
425 2844 487 2885 M.
520 2856 782 2886 constanter:
814 2845 967 2888 Amon.

212 2914 255 2973 7)
285 2916 328 2958 ΙΙ
346 2915 457 2958 Sam.
488 2915 610 2968 XIII,
642 2914 679 2961 1.
713 2914 776 2974 (II
797 2915 947 2971 Regg.)
