1759 3134
663 114 862 155 HommA
891 110 967 150 XI.
1445 113 1526 157 147

109 243 194 268 non
237 238 296 268 est
332 226 466 276 aliud,
508 226 622 282 quod
664 225 706 264 in
737 221 891 265 Christi
927 223 1108 263 adventu
1139 223 1327 264 futurum
1356 225 1522 279 praedi-

111 315 248 344 catur:
278 302 397 343 novit
426 303 629 343 mundum
659 302 847 348 leonem,
877 299 1078 338 mundam
1110 311 1150 340 et
1180 300 1385 356 aquilam,
1416 318 1522 357 quae

108 391 372 435 nuncupatur
401 379 638 419 immunda:
678 377 838 431 „lupus
863 375 903 431 ¹)
942 375 1055 416 enim
1095 388 1136 416 et
1172 377 1264 429 agni
1302 390 1524 433 pascentur

107 457 275 497 simul.“
319 457 460 511 Lupus
493 456 616 504 enim,
648 453 719 510 qui
753 468 846 492 cum
878 468 956 492 ove
987 451 1180 492 innoxius
1210 454 1406 508 pascitur,
1436 472 1522 496 non

110 545 170 573 est
208 533 317 573 ultra
358 532 651 573 observandus.
720 531 818 571 Non
854 529 958 569 mihi
1000 529 1154 569 dicitur
1190 531 1242 570 de
1280 532 1354 571 tali
1395 533 1520 588 lupo:

107 609 336 659 „attendite
362 609 403 665 ²)
434 611 484 649 ab
515 608 587 657 iis,
618 606 689 663 qui
720 606 892 646 veniunt
922 607 974 646 ad
1005 622 1078 646 vos
1108 605 1150 645 in
1181 608 1334 648 vestitu
1364 609 1520 660 ovium,

108 685 216 726 intus
257 698 396 726 autem
435 696 530 726 sunt
568 684 657 740 lupi
693 690 912 739 rapace5.“
986 682 1206 735 Signanter
1243 684 1408 725 locutus
1448 698 1522 735 est,

107 761 269 803 dicens:
302 761 447 813 „intus
468 762 510 816 3)
541 772 679 801 autem
709 772 805 800 sunt
835 759 928 816 lupi
956 767 1167 815 rapaces.“
1226 762 1334 802 Sunt
1365 762 1522 818 quippe

105 839 178 879 alii
208 855 293 879 non
323 854 513 893 rapaces:
546 838 712 893 quando
747 837 837 892 lupi
868 849 908 877 et
936 837 1030 889 agni
1058 850 1280 892 pascentur
1309 839 1448 890 simul,
1482 851 1522 880 et

106 915 283 964 vitulus,
328 926 368 955 et
396 926 558 963 taurus,
597 926 638 954 et
668 914 736 954 leo
767 914 924 969 pariter
954 915 1090 954 edent.
1152 915 1260 955 Cum
1288 928 1426 956 autem
1458 917 1523 955 fu-

104 992 183 1032 erit
226 1004 313 1033 tam
354 992 609 1032 diversarum
653 991 763 1031 inter
799 1007 842 1031 se
883 1003 1127 1032 naturarum
1163 993 1206 1033 in
1243 993 1326 1033 fide
1368 993 1521 1034 Christi

103 1070 213 1109 facta
242 1069 443 1118 sociatio,
474 1068 542 1108 leo
573 1085 659 1109 non
690 1068 768 1108 erit
797 1066 880 1125 jam
910 1068 1172 1119 immundus,
1205 1086 1352 1111 verum
1380 1069 1523 1111 ferita-

104 1145 155 1186 tis
194 1162 290 1186 suae
330 1144 624 1195 obliviscetur,
664 1156 706 1186 et
742 1145 936 1185 universa
965 1144 1183 1194 animalia,
1222 1162 1327 1200 quae
1357 1145 1401 1186 in
1431 1146 1521 1198 lege

104 1221 189 1261 Dei
220 1222 417 1262 dicuntur
445 1221 674 1271 immunda,
707 1221 960 1262 conditionis
991 1222 1186 1278 antiquae
1210 1221 1416 1278 recipient
1444 1239 1521 1278 pu—

103 1298 283 1339 ritatem.
343 1298 437 1339 Hoc
467 1309 607 1339 autem
639 1309 680 1338 et
709 1315 756 1338 ex
786 1310 904 1354 parte
934 1297 1018 1355 jam
1048 1300 1207 1340 factum
1238 1309 1320 1348 est,
1360 1310 1401 1338 et
1430 1299 1523 1353 ple-

103 1375 272 1416 nissime
303 1375 346 1415 in
375 1376 558 1415 secundo
592 1375 877 1430 complebitur
905 1376 1099 1417 adventu.
1141 1374 1365 1415 Praevenit
1397 1374 1524 1427 igitur

102 1462 431 1501 sacramentum,
473 1451 588 1507 quod
619 1463 832 1492 ostensum
863 1463 924 1492 est
954 1452 997 1492 in
1030 1450 1283 1500 Cherubim,
1324 1450 1386 1490 rei
1415 1450 1522 1490 veri-

102 1539 252 1568 tatem:
297 1539 339 1568 et
383 1527 426 1567 in
469 1538 632 1568 tantum
670 1527 806 1568 leonis
845 1540 886 1569 et
924 1528 1089 1585 aquilae
1127 1528 1254 1569 facies
1296 1544 1392 1569 cum
1430 1528 1522 1569 aliis

99 1605 285 1646 faciebus
318 1615 514 1657 cognatae
544 1616 663 1655 sunt,
692 1616 738 1645 ut
767 1605 899 1663 majus
928 1606 1051 1646 nobis
1080 1606 1272 1646 videatur
1300 1604 1450 1654 vitulo,
1482 1616 1523 1645 et

100 1694 247 1731 tauro,
286 1693 327 1722 et
367 1681 491 1722 leone
521 1682 647 1722 simul
684 1682 971 1736 pascentibus:
1009 1681 1054 1722 id
1091 1681 1208 1737 quod
1242 1680 1436 1735 apparuit
1475 1680 1519 1720 in

103 1757 344 1799 Cherubim.
404 1759 470 1798 Ab
503 1758 608 1799 Isaia
638 1756 795 1814 quippe
824 1758 930 1798 nihil
959 1759 1010 1798 de
1040 1756 1126 1807 his,
1169 1772 1274 1813 quae
1304 1757 1519 1812 praedicta

101 1846 218 1884 sunt,
258 1834 338 1874 sibi
377 1835 601 1876 cohaerens
641 1845 682 1874 et
721 1834 904 1874 invicem
934 1849 1169 1875 connexum
1198 1833 1522 1889 repromittitur.

104 1913 151 1951 In
184 1911 413 1952 Cherubim
444 1927 544 1952 vero
576 1911 909 1966 unumquodque
942 1910 1096 1950 animal
1127 1927 1223 1951 cum
1252 1911 1336 1951 alio
1373 1928 1522 1964 cogna-

102 2000 191 2028 tum
223 1999 297 2038 est,
326 1987 452 2028 facies
482 1986 605 2027 vituli
635 1987 758 2028 faciei
789 1987 946 2037 leonis,
978 1999 1019 2028 et
1049 1988 1187 2027 vultus
1217 1987 1398 2029 hominis
1430 1989 1521 2028 vul-

102 2064 161 2104 tui
193 2064 370 2120 aquilae.
427 2065 527 2106 Non
564 2063 689 2116 igitur
722 2080 976 2120 magnopere
1006 2063 1191 2114 mireris,
1233 2081 1329 2104 cum
1357 2064 1520 2106 Pharao

102 2153 144 2181 et
173 2142 427 2196 praecedens
460 2157 554 2182 eum
585 2142 982 2183 Nabuchodonosor
1010 2140 1174 2196 aquilae
1203 2153 1519 2197 nuncupantur:

102 2217 232 2275 justus
266 2235 365 2259 vero
396 2235 552 2275 pennas
584 2235 791 2259 assumere
825 2217 987 2260 dicatur
1015 2229 1064 2258 ut
1092 2217 1257 2273 aquila,
1294 2231 1335 2260 et
1364 2219 1406 2259 in
1437 2219 1521 2260 Dei

103 2306 221 2349 parte
260 2296 374 2336 dives
414 2296 589 2336 effectus
628 2295 790 2351 aquilae
820 2295 900 2335 sibi
928 2310 1085 2351 pennas
1114 2307 1336 2350 praeparet
1364 2296 1416 2337 ad
1447 2312 1520 2336 vo-

104 2370 287 2413 landum.

214 2448 253 2489 4.
296 2449 453 2489 Verum
482 2461 529 2489 ut
558 2450 610 2490 ad
633 2449 903 2506 propositum
925 2450 1107 2498 redeam,
1139 2448 1378 2503 specialiter
1396 2449 1518 2505 quid-

105 2524 201 2564 dam
245 2523 498 2576 significatur
537 2527 588 2566 de
628 2527 1044 2575 Nabuchodonosor,
1090 2525 1186 2581 quia
1221 2541 1367 2578 magna
1390 2525 1435 2582 ⁴²)
1476 2538 1517 2567 et

103 2616 346 2654 magnarum
368 2601 541 2652 alarum,
571 2614 612 2643 et
634 2602 697 2643 sui
727 2603 965 2644 extensione
996 2602 1249 2656 longissima,
1279 2603 1513 2653 intantum,

224 2759 264 2815 ¹)
294 2759 415 2800 Jesai.
446 2759 522 2808 ΧῘ,
553 2758 590 2801 6.
709 2760 752 2817 ²)
781 2762 919 2803 Matth
947 2763 1043 2812 VII,
1076 2761 1141 2804 15.

220 2829 266 2884 ³)
295 2829 446 2872 Matth.
476 2829 572 2878 VII,
603 2828 667 2873 15.
786 2831 829 2887 ⁴)
860 2831 947 2875 Cfr.
977 2832 1128 2874 Ezech.
1157 2832 1296 2882 XVII,
1326 2831 1361 2874 3.

1127 2907 1216 2951 10*
