1759 3134
620 122 820 164 HOMILIA
848 122 921 162 IV.
1424 127 1479 170 67

56 236 114 275 lat
144 234 228 274 duo
261 249 378 274 crura
409 233 512 284 ovis,
543 234 609 274 vel
641 244 871 273 extremum
897 232 1120 285 auriculae,
1152 236 1209 277 ita
1236 237 1469 279 evellentm⁷

0 292 34 352 ⁸
55 311 132 352 filii
149 310 317 351 Israel.“
363 309 561 351 Traditur
591 325 688 361 ergo
720 308 945 364 aliquando
976 321 1085 351 terra
1114 313 1257 354 bestiis
1279 316 1332 356 ad
1352 320 1468 356 ever-

54 389 238 438 sionem,
267 398 315 427 ut
344 387 556 427 auferatur
583 386 632 425 ab
664 400 711 424 ea
739 384 868 426 homo
902 398 943 426 et
972 402 1113 442 pecus.

162 464 202 508 8.
246 465 302 505 Et
332 464 505 503 observa
535 461 755 514 diligenter
783 462 1043 504 differentias
1076 466 1462 509 comminationum.

49 543 96 583 In
125 541 261 597 prima
292 538 615 580 comminatione
645 538 766 579 famis
795 539 876 580 ait:
921 539 1037 595 „ipsi
1063 541 1102 597 ¹)
1137 543 1218 583 soli
1246 543 1465 586 salvabun-

46 631 117 660 tur
142 620 256 668 Noe,
285 615 462 665 Daniel,
493 626 534 655 et
564 616 690 656 Job.“
749 617 798 656 In
829 617 1010 657 secunda
1039 633 1164 668 vero,
1208 620 1282 659 ubi
1311 621 1461 662 bestias

46 695 328 737 immissurum
357 709 399 733 se
432 708 517 733 esse
544 703 728 741 testatur,
761 692 839 733 filii
858 704 898 733 et
923 693 1034 735 filiae
1058 707 1321 751 nuncupatae
1344 709 1460 738 sunt:

46 789 220 823 „verum
243 771 285 826 ²)
324 782 462 810 tamen
502 769 583 825 ipsi
614 769 694 810 soli
724 769 828 810 salvi
859 782 1001 821 erunt,
1041 771 1144 814 dicit
1169 773 1339 814 Adonai
1368 775 1461 815 Do-

42 849 222 889 minus.“
295 846 381 901 Qui
422 846 539 886 locus
579 846 806 902 dupliciter
842 846 1101 900 intelligitur.
1175 853 1237 891 Ac
1273 850 1458 906 primum

40 926 269 967 secundum
308 939 575 964 communem
613 939 779 963 sensum
818 939 1096 979 exponamus,
1143 928 1197 967 ob
1227 929 1456 970 nonnullo-

39 1019 132 1043 rum
157 1000 450 1057 insipientiam,
483 999 554 1055 qui
585 1016 751 1040 sensum
782 1000 910 1042 animi
941 1003 1016 1052 sui,
1044 1003 1131 1044 Dei
1159 1020 1245 1045 esse
1270 1017 1456 1046 asserunt

39 1079 277 1127 veritatem,
317 1089 357 1118 et
392 1077 637 1132 frequenter
676 1077 841 1119 dicunt:
890 1079 1080 1120 futurum
1119 1091 1199 1130 est,
1242 1093 1290 1122 ut
1329 1098 1456 1123 unus-

32 1157 211 1212 quisque
248 1166 440 1195 nostrum
476 1153 670 1208 precibus
709 1154 791 1195 suis
833 1156 981 1211 eripiat
1022 1174 1293 1214 quoscunque
1333 1160 1450 1199 volu-

39 1234 117 1274 erit
145 1234 197 1273 de
227 1232 435 1284 gehenna:
470 1241 511 1270 et
539 1229 803 1285 iniquitatem
832 1231 1107 1274 introducunt
1135 1235 1187 1275 ad
1215 1235 1452 1278 Dominum

35 1326 121 1350 non
150 1308 360 1357 videntes,
399 1307 513 1362 quod
542 1305 699 1364 justitia
726 1306 826 1364 justi
855 1326 982 1364 super
1020 1326 1118 1351 eum
1149 1312 1252 1363 erit,
1293 1324 1334 1352 et
1372 1313 1452 1354 ini-

35 1385 168 1440 quitas
204 1383 340 1438 iniqui
378 1399 504 1438 super
535 1399 651 1432 eum,
690 1395 731 1423 et
759 1384 1116 1441 unusquisquedn
1145 1388 1322 1443 proprio
1352 1405 1452 1444 pec-

34 1473 124 1502 cato
163 1459 389 1508 morietur,
430 1470 470 1499 et
507 1458 551 1499 in
590 1459 764 1515 propria
802 1459 959 1516 justitia
997 1462 1120 1503 vivet.
1189 1463 1306 1505 Nihil
1344 1465 1450 1507 mihi

33 1536 230 1579 conducit
266 1547 422 1594 martyr
457 1548 598 1592 pater,
637 1536 671 1578 si
712 1552 800 1577 non
829 1538 937 1579 bene
967 1539 1132 1591 vixero,
1173 1552 1215 1581 et
1244 1557 1446 1584 ornavero

29 1614 188 1668 generis
216 1613 301 1654 mei
331 1612 610 1663 nobilitatem,
640 1613 723 1653 hoc
754 1624 826 1664 est,
856 1615 1148 1657 testimonium
1172 1616 1259 1673 ejus
1284 1630 1324 1659 et
1348 1635 1448 1660 con·

27 1690 276 1740 sessionem,
315 1706 394 1745 qua
430 1689 662 1730 illustratus
699 1701 759 1730 est
798 1689 840 1730 in
877 1691 1056 1732 Christo.
1115 1693 1233 1733 Nihil
1272 1696 1447 1749 prodest

28 1767 200 1809 Judaeis
230 1765 484 1806 dicentibus:
523 1783 637 1817 „nos
662 1767 705 1821 3)
748 1767 800 1807 de
839 1767 1118 1809 fornicatione
1147 1769 1234 1811 nati
1261 1787 1349 1812 non
1379 1789 1446 1813 su-

26 1861 139 1885 mus:
169 1860 302 1883 unum
330 1854 493 1898 patrem
522 1843 742 1893 habemus,
774 1844 1052 1886 dominum:“
1091 1857 1152 1887 est
1180 1859 1279 1902 post
1305 1849 1445 1890 modi-

30 1937 145 1962 cum:
179 1919 426 1970 „Abraham
452 1918 494 1974 ⁴)
526 1931 646 1975 pater
673 1932 818 1961 noster
847 1927 949 1961 est.“
1009 1921 1298 1980 Quaecunque
1331 1927 1442 1968 dixe--

25 1998 121 2048 rint,
152 2012 423 2053 quaecunque
452 1995 531 2037 sihi
561 2012 768 2037 assumere
798 1997 1025 2049 voluerint,
1056 2000 1091 2040 si
1113 2017 1200 2042 non
1221 2001 1441 2043 habuerint

25 2074 153 2114 fidem
182 2073 415 2124 Abraham,
458 2073 664 2114 incassum
702 2074 944 2126 gloriantur.
1003 2077 1151 2132 Neque
1191 2079 1303 2120 enim
1340 2079 1438 2120 ideo

25 2151 313 2199 salvabuntur,
353 2150 449 2206 quia
489 2163 584 2191 sunt
622 2151 700 2192 filii
734 2152 958 2193 Abraham.
1018 2152 1234 2208 Quoniam
1259 2156 1300 2212 ⁵)
1341 2172 1439 2209 ergo

25 2226 195 2282 quidam
236 2243 323 2268 non
364 2239 478 2268 recte
524 2228 775 2284 opinantur,
828 2229 1061 2270 necessario
1108 2230 1437 2288 interposuimus

25 2304 150 2344 etiam
178 2321 343 2346 sensum
372 2305 558 2357 litterae,
591 2305 787 2347 dicentis:
820 2306 967 2358 „filios
988 2307 1031 2363 6)
1064 2319 1105 2348 et
1134 2307 1240 2350 filias
1270 2325 1357 2350 non
1388 2310 1439 2350 li*-

22 2382 227 2422 berabunt
255 2383 370 2432 Noe,
400 2382 578 2433 Daniel,
611 2393 651 2423 et
680 2384 788 2434 Job,
819 2384 893 2424 sed
921 2382 1002 2440 ipsi
1031 2384 1113 2425 soli
1142 2385 1245 2426 salvi
1275 2392 1438 2427 erunt.“

22 2458 159 2499 Nemo
198 2470 388 2499 nostrum
431 2455 612 2500 confidat
650 2459 694 2499 in
730 2458 840 2517 justo
873 2472 1013 2517 patre,
1049 2461 1093 2502 in
1122 2474 1255 2504 matre
1284 2475 1436 2513 sancta,

138 2625 178 2680 ¹)
213 2625 300 2666 Cfr.
326 2624 477 2666 Ezech.
507 2625 622 2676 XIV,
653 2626 718 2669 14.
836 2628 878 2685 ²)
908 2628 1060 2671 Ezech.
1089 2629 1204 2680 XIV,
1235 2629 1303 2672 16.

138 2695 180 2750 3)
210 2694 287 2734 Ev.
319 2695 469 2736 Joann.
501 2695 618 2745 VIII,
649 2696 715 2739 41.
835 2698 878 2756 ⁴)
908 2699 984 2741 Ev.
1014 2700 1163 2741 Joann.
1191 2702 1309 2752 VIII,
1336 2700 1402 2744 39.

137 2764 177 2818 ⁵)
207 2765 315 2805 Edd.
346 2763 540 2806 Merlini:
574 2763 806 2820 Quomodo
840 2784 937 2822 ergo
967 2781 1047 2811 etc.

135 2834 178 2891 ⁶)
207 2835 356 2876 Ezech.
387 2835 502 2885 XIV,
535 2833 596 2878 18.

989 2910 1051 2950 5*
