1759 3134
677 140 910 181 }IoMTum.
1424 143 1503 186 281

92 251 296 304 Engaddi,
329 250 474 291 oculus
505 251 746 292 tentationis
775 266 906 299 meae,
936 261 982 290 ut
1012 250 1055 290 in
1085 251 1231 292 homil.
1249 252 1287 293 2.
1317 252 1358 292 in
1387 253 1505 295 Cant,

94 331 144 368 ab
176 329 435 385 Hieronymo
466 335 593 367 versa.
654 325 814 374 Tertio,
844 326 1009 374 Bethel,
1045 328 1194 368 domus
1223 330 1319 370 Dei.
1382 330 1507 384 Quis--

98 406 187 461 quis
217 417 353 446 autem
384 404 489 444 mira
519 404 591 444 illa
620 403 900 451 theoremata,
941 419 1045 457 quae
1086 421 1131 444 ex
1172 405 1222 444 iis
1261 406 1508 462 interpreta-

96 482 279 522 tionibus
311 481 482 521 deducit
511 492 678 529 auctor,
720 480 1015 535 perpenderit,
1055 480 1214 520 nemini
1249 495 1359 523 certe
1388 502 1502 539 prae·

95 571 284 613 terquam
328 558 501 609 Origeni
550 558 674 597 hosce
721 556 1045 597 commentarios
1086 557 1254 599 tribuet.
1332 559 1508 613 Quinto,

97 634 328 690 peculiares
383 636 585 690 quaedam
636 633 857 689 opiniones
904 634 1076 686 Origeni
1130 635 1352 677 attributae
1401 652 1509 689 sunt,

95 712 340 766 praesertim
361 714 410 752 de
432 711 580 761 anima,
613 723 654 751 et
684 711 859 762 angelis;
890 728 911 751 a
943 711 1093 766 quibus
1124 713 1350 768 praecipue
1370 716 1508 756 Latini

97 789 389 829 abhorrebant.
449 790 538 829 Hae
569 801 708 829 autem
737 788 894 843 ubique
926 788 968 827 in
1000 789 1080 829 hoc
1113 789 1319 844 opusculo
1350 807 1512 846 propo-

94 877 262 905 runtur.
320 865 515 920 Denique
548 865 750 917 Origenes
780 866 823 906 in
855 866 1003 907 Tomis
1033 866 1138 915 suis,
1179 866 1253 906 ubi
1285 869 1337 908 ad
1367 870 1511 926 mysti-

99 958 193 981 cum
222 958 388 982 sensum
420 942 714 996 explicandum
743 958 785 982 se
818 942 1024 999 applicat,
1062 958 1186 997 saepe
1224 944 1420 998 precibus
1460 948 1513 987 ad

96 1019 237 1058 Deum
271 1035 312 1059 se
347 1018 572 1068 convertit,
612 1030 659 1059 ut
699 1019 827 1070 gratia
857 1019 940 1059 Dei
979 1019 1210 1059 illustratus
1249 1020 1322 1060 illa
1352 1038 1512 1075 magna,

96 1107 143 1136 ut
182 1096 389 1151 appellat,
426 1095 625 1153 mysteria
659 1096 900 1152 perspiciat.
975 1095 1107 1150 Quod
1143 1096 1212 1136 hic
1251 1098 1414 1153 saepius
1452 1100 1511 1142 fit.

99 1172 144 1213 Si
175 1173 301 1224 igitur
331 1172 430 1212 libri
460 1172 701 1223 materiam,
739 1175 1001 1228 modumque
1031 1172 1236 1213 tractandi
1264 1186 1515 1229 spectemus,

100 1250 241 1290 omnia
269 1249 495 1301 Origenem
534 1250 674 1290 solum
715 1250 891 1306 sapiunt.
950 1250 1173 1290 Praeterea
1210 1262 1304 1290 sunt
1342 1263 1383 1292 et
1421 1253 1513 1303 alia,

101 1343 203 1381 quae
246 1327 371 1366 hosce
411 1327 734 1368 commentarios
771 1344 856 1367 non
887 1326 1058 1367 alterius
1091 1343 1177 1366 esse
1209 1343 1332 1382 quam
1368 1330 1515 1381 Orige-

98 1403 162 1443 nis
210 1403 381 1443 omnino
431 1403 695 1444 convincunt.
770 1403 985 1444 Homiliae
1033 1404 1138 1443 duae
1185 1404 1421 1445 Adamantii
1471 1407 1514 1447 in

100 1479 319 1521 Canticum
351 1479 621 1521 Canticorum
651 1491 746 1520 sunt
775 1481 826 1520 ab
851 1480 1115 1537 Hieronymo
1146 1480 1332 1522 fideliter
1359 1499 1515 1533 versae,

101 1569 143 1598 et
185 1575 319 1613 papae
361 1558 545 1597 Damaso
597 1557 842 1606 dedicatae,
894 1568 1018 1612 atque
1065 1573 1086 1597 a
1139 1558 1294 1598 Rufino
1339 1561 1514 1611 agnitae.

98 1636 255 1676 Earum
296 1647 435 1675 autem
476 1633 703 1674 sententiae
745 1634 984 1674 consimiles
1023 1645 1068 1673 et
1108 1649 1327 1685 germanae
1369 1637 1517 1678 harum

100 1724 207 1761 sunt,
239 1728 343 1767 quae
374 1712 417 1751 in
446 1711 528 1750 hoc
560 1726 688 1765 opere
720 1710 1002 1755 continentur,
1032 1721 1092 1760 ut,
1121 1710 1164 1750 in
1197 1712 1343 1753 eadem
1364 1713 1516 1756 incude

101 1791 328 1829 formatum
360 1804 446 1828 esse
475 1799 723 1842 utrumque,
754 1799 972 1843 appareat;
1000 1786 1063 1826 uti
1094 1788 1332 1829 observavit
1362 1791 1519 1833 doctis-

101 1866 228 1907 simus
258 1865 458 1914 Huetius,
501 1864 572 1919 qui
612 1881 700 1904 non
737 1882 870 1920 pauca
907 1866 1003 1905 loca
1041 1865 1267 1916 congessit,
1309 1879 1350 1907 et
1378 1869 1515 1910 multo

101 1945 224 1999 plura
265 1957 489 1994 congerere
528 1941 747 1996 potuisset.
808 1942 892 1982 Sed
928 1958 1096 1983 omnem
1126 1944 1372 1998 scrupulum
1400 1946 1517 1988 tollit

101 2021 364 2061 luculentum
396 2017 588 2070 Origenis
617 2019 911 2070 fragmentum,
943 2020 1057 2074 quod
1090 2019 1251 2060 Graece
1281 2021 1518 2064 etiamnunc

102 2098 154 2138 ad
183 2097 312 2137 finem
340 2095 601 2138 Philocaliae
631 2107 779 2145 exstat,
819 2096 868 2138 ἐκ
905 2099 985 2150 τοῦ
1017 2097 1227 2154 δευτέρου
1258 2095 1400 2154 τόμου
1430 2103 1521 2143 τῶν

104 2178 165 2223 εἷς
193 2173 241 2218 τὸ
274 2166 399 2230 ᾆσμα
417 2175 507 2216 τῶν
532 2170 750 2230 ᾀσμάτων
775 2174 1036 2228 decerptum.
1085 2173 1197 2214 Huic
1229 2174 1340 2216 enim
1369 2192 1517 2228 graeco

102 2254 335 2304 fragmento
366 2251 491 2306 plane
519 2251 777 2306 respondent
806 2250 946 2299 latina,
978 2266 1084 2306 quae
1109 2251 1309 2292 habemus
1332 2252 1373 2292 in
1399 2254 1520 2311 hujus

107 2328 246 2383 operis
285 2327 397 2368 libro
435 2329 634 2369 secundo.
705 2327 825 2368 Licet
862 2328 974 2368 enim
1011 2328 1131 2383 prior
1170 2329 1388 2380 fragmenti
1424 2349 1519 2386 pars

107 2404 278 2445 liberius
307 2403 398 2444 illic
428 2416 671 2459 exponatur,
699 2405 912 2460 posterior
939 2416 1079 2445 tamen
1108 2405 1518 2460 pressiusredditur:

108 2493 149 2522 et
187 2481 230 2521 in
267 2481 356 2536 ipsa
393 2480 528 2535 priori
566 2493 683 2536 parte
722 2481 797 2522 illa
834 2482 1054 2535 fragmenti
1094 2484 1241 2523 verba:
1280 2481 1437 2535 „oiirw
1469 2485 1520 2528 δὲ

107 2560 184 2601 καὶ
212 2556 389 2613 μήποτε
419 2555 654 2613 σκληρύνει
685 2556 836 2615 κύριος
864 2558 946 2613 τὴν
974 2560 1170 2615 καρδίαν
1195 2556 1390 2614 Φαραώ·
1409 2562 1436 2583 “
1468 2563 1519 2601 ab

108 2635 186 2675 illo
227 2647 368 2675 vetere
405 2633 555 2674 melius
595 2648 879 2690 exponuntur,
928 2653 1052 2692 quam
1098 2653 1121 2677 a
1158 2637 1314 2677 Tarino
1353 2653 1516 2693 nupero

109 2712 349 2768 interprete.
418 2711 596 2752 Tarinus
639 2711 695 2752 ita
739 2712 880 2753 vertit:
927 2713 1020 2764 „ita
1055 2730 1268 2769 nunquam
1306 2715 1517 2754 Dominus

111 2805 184 2829 cor
220 2788 387 2830 indurat
427 2788 712 2829 Pl1ara0nis:“
754 2791 868 2844 quod
906 2807 928 2831 a
966 2803 1106 2832 mente
1142 2791 1379 2833 Adamantii
1421 2791 1519 2832 alie-
