1738 3134
642 99 839 142 HommA
871 99 948 139 ΠΙ.
1451 92 1503 134 41

91 213 219 255 sionis
257 225 411 254 terram
449 211 645 253 haeretici
682 211 979 259 morabuntur,
1019 226 1123 264 quae
1156 222 1216 250 est
1243 220 1354 249 terra
1384 207 1506 247 valde

93 293 225 340 bona,
258 303 298 331 et
327 290 370 330 in
402 307 545 345 quam,
575 300 622 328 ut
644 288 982 336 introducamur,
1013 302 1201 336 oramus,
1231 286 1273 326 in
1304 286 1413 326 libro
1447 284 1506 324 vi-

94 368 280 408 ventium
321 379 414 408 ante
446 365 672 420 conscripti
702 381 724 404 a
753 366 855 405 Jesu
887 363 1073 412 Christo,
1115 364 1179 403 cui
1211 375 1271 404 est
1300 362 1432 415 gloria
1466 373 1508 402 et

92 445 318 500 imperium
345 444 390 485 in
418 442 581 484 saecula
608 441 885 482 saeculorum.
949 440 1102 482 Amen!

473 783 958 834 HOMILIA
1033 784 1134 832 ΙΙΙ.

92 908 160 946 De
192 922 265 957 eo,
305 908 420 962 quod
459 907 661 962 scriptum
693 917 773 946 est:
813 905 909 954 „fili
935 906 972 961 ¹)
1002 904 1202 954 hominis,
1244 905 1420 945 obfirma
1450 906 1510 946 fa-

97 983 202 1024 ciem
243 995 358 1024 tuam
395 1000 521 1039 super
556 984 662 1024 filias
701 983 854 1038 populi
892 982 976 1033 tui,
1019 999 1123 1038 quae
1162 983 1418 1037 prophetant
1458 984 1508 1022 de

96 1061 221 1101 corde
252 1067 388 1101 suo:“
422 1076 575 1116 usque:
618 1060 837 1110 „obfirmo
860 1061 902 1118 2)
933 1060 1084 1101 faciem
1113 1076 1252 1099 meam
1281 1076 1406 1115 super
1435 1060 1510 1099 ho-

290 1137 449 1178 minem
478 1138 626 1188 illum,
659 1150 699 1178 et
726 1155 884 1193 ponam
913 1139 1037 1179 illum
1068 1139 1320 1178 desertum.“

207 1263 245 1305 1.
289 1263 480 1304 Primum
512 1264 562 1304 de
595 1279 670 1313 eo,
701 1265 816 1318 quod
848 1263 1019 1303 dicitur:
1051 1263 1265 1313 „obfirma
1288 1262 1330 1316 3)
1360 1263 1511 1303 faciem

96 1346 268 1380 tuam:“
306 1340 618 1396 requirendum.
677 1340 868 1388 Deinde,
906 1339 939 1379 si
977 1338 1188 1378 Dominus
1228 1338 1411 1389 dederit',
1449 1340 1512 1379 in-

96 1417 295 1469 vestigare
327 1418 526 1457 debemus
556 1416 662 1456 filias
691 1415 846 1472 populi
869 1416 1168 1471 prophetantes
1194 1417 1244 1456 de
1270 1417 1396 1456 corde
1420 1434 1511 1466 suo,

97 1505 136 1534 et
165 1494 363 1535 facientes
395 1510 453 1543 ea,
483 1493 526 1534 in
558 1493 706 1549 quihus
737 1510 802 1534 eas
832 1492 916 1533 Dei
946 1509 1084 1534 sermo
1118 1493 1328 1549 corripiat.
1387 1494 1443 1535 Et
1467 1495 1510 1551 ⁴²)

38 1578 41 1581 '
96 1573 212 1627 quod
248 1571 301 1612 sit
342 1571 421 1612 alia
455 1572 580 1612 facies
618 1583 786 1627 praeter
822 1571 926 1611 hanc
966 1570 1156 1625 corporis
1184 1570 1318 1610 nostri
1347 1571 1512 1618 faciem,

95 1648 195 1688 licet
233 1665 281 1688 ex
316 1648 460 1689 multis
497 1647 767 1688 manifestum
805 1648 881 1697 sit,
917 1659 1098 1688 attamen
1132 1658 1172 1687 et
1203 1662 1250 1687 ex
1280 1647 1367 1696 his,
1407 1663 1512 1702 quae

96 1725 328 1785 Apostolus
357 1736 579 1774 memorat,
609 1724 835 1764 indicatur:
877 1741 988 1774 „nos
1013 1724 1053 1780 ⁵)
1086 1740 1186 1764 vero
1220 1740 1365 1764 omnes
1396 1740 1514 1764 reve-

97 1802 179 1842 lata
208 1801 313 1842 facie
343 1801 522 1854 gloriam
550 1800 728 1842 Domini
757 1802 1040 1857 speculantes,
1083 1801 1127 1842 in
1166 1802 1341 1842 eandem
1370 1801 1516 1853 imagi-

95 1895 193 1918 nem
222 1879 568 1918 transformamur
604 1894 627 1918 a
665 1878 797 1930 gloria
825 1878 869 1918 in
899 1877 1099 1929 gloriam,
1138 1878 1255 1934 quasi
1285 1894 1307 1918 a
1336 1878 1514 1918 Domini

96 1955 287 2011 spiritu.“
345 1956 463 1996 Hanc
501 1954 655 1996 faciem
693 1955 960 2012 corporalem
992 1971 1138 1996 omnes
1167 1955 1359 2004 homines
1389 1957 1514 1996 habe-

216 2123 255 2178 ¹)
285 2123 436 2163 Ezech.
465 2124 587 2174 XIII,
619 2124 683 2167 17.
803 2125 844 2180 ²)
875 2123 1026 2165 Ezech.
1056 2123 1172 2174 XIV,
1201 2122 1241 2166 8.

213 2192 257 2248 ³)
287 2193 438 2234 Ezech.
470 2194 592 2243 XIII,
624 2194 689 2236 17.

213 2262 256 2318 ⁴)
290 2263 468 2304 Catenae
501 2264 686 2305 Graecae
715 2264 888 2304 habent:
918 2267 1101 2313 Παῦλος
1131 2267 1273 2320 λέγει·
1306 2262 1514 2319 „Eam-eze-

1502 2332 1516 2357 4

100 2333 372 2388 καλυμμένῳ
389 2332 620 2390 προσώπῳ
636 2332 716 2388 τὴν
733 2331 874 2382 δόξαν
890 2340 1047 2390 κυρίου
1061 2352 1201 2378 zazoa
1211 2333 1493 2390 τριζὸμενοι.“

103 2401 282 2444 Οὐκοῦν
318 2400 401 2447 δύο
440 2401 666 2460 πρόσωπά
708 2407 815 2459 εἶσι,
856 2403 904 2448 τὸ
946 2402 1199 2458 καλύπτον,
1241 2408 1317 2447 καὶ
1350 2403 1398 2448 τὸ
1431 2421 1516 2446 κα-

102 2469 410 2527 λυπτόμενον·
443 2473 492 2516 τὸ
525 2472 664 2531 ἐκτὸς,
704 2477 779 2516 καὶ
808 2472 857 2517 τὸ
890 2472 1026 2524 ἐντός.
1090 2474 1152 2518 Τὸ
1186 2475 1234 2519 δὲ
1265 2473 1518 2535 πρόσωπον

101 2538 214 2597 ὄψιν
255 2545 505 2599 καλοῦμεν
554 2543 635 2598 τὴν
680 2544 729 2587 δὲ
777 2540 910 2600 ὄψιν,
959 2544 1035 2593 τὰς
1074 2543 1264 2602 ὁράσεις.
1339 2544 1520 2587 Οὐκοῦν

104 2613 271 2667 ἔχομεν
301 2610 383 2666 τὴν
414 2610 536 2660 ἐκτὸς
564 2611 695 2669 ἡμῶν
727 2610 861 2669 ὄψιν,
900 2618 976 2657 καὶ
1006 2614 1087 2670 τὴν
1117 2613 1253 2664 ἐντός.
1312 2613 1367 2657 ‘11
1397 2613 1519 2661 ἐντὸς

105 2678 279 2739 ὅρασις,
314 2679 336 2724 ὁ
370 2684 475 2730 νοῦς
504 2683 621 2725 ἔστι·
661 2681 912 2742 πρόσωπον
943 2685 992 2728 δὲ
1027 2685 1213 2739 νοητὸν,
1249 2683 1271 2728 ὁ
1304 2688 1430 2738 νοῦς,
1468 2681 1520 2726 ὃν

104 2751 178 2795 δεῖ
203 2755 434 2807 στηρίζειν,
467 2755 540 2794 ἵνα
576 2751 736 2814 ἰσχύσῃ
763 2751 1048 2813 ὑπουργῆσαι
1070 2759 1130 2814 τῷ
1157 2754 1293 2814 λόγῳ.
1339 2756 1516 2797 Ruaeus.

222 2824 264 2877 ⁵)
298 2823 340 2864 ΙΙ
358 2822 456 2865 Cor.
487 2823 564 2874 III,
598 2821 661 2867 18.
