1759 3134
250 143 335 186 244
547 143 766 183 Onmrms
798 154 844 182 m
877 142 1058 184 CANric.
1094 141 1396 183 me’ricoavm

255 272 331 312 per
363 255 504 297 omnia
536 260 766 295 aromata-‘⁴
826 255 923 295 Non
950 254 993 310 ¹)
1027 271 1133 302 un0,
1176 255 1248 294 sed
1281 255 1477 294 omnibus
1507 270 1682 310 sponsus

258 334 372 375 venit
401 343 552 373 unctus
593 332 827 385 unguentis.
889 332 935 373 Si
975 343 1115 371 antem
1156 343 1195 371 et
1234 331 1285 371 ad
1327 347 1465 372 meam
1502 330 1682 372 animam

256 413 409 452 saetam
453 426 650 466 sponsam
692 426 808 450 suam
852 425 1029 464 sponsus
1070 407 1212 447 venire
1254 407 1514 460 dignabitur,
1559 425 1684 464 quam

256 499 429 544 oportet
459 503 545 528 esse
577 488 831 536 formosam,
871 498 917 526 ut
958 485 1077 525 illum
1120 486 1172 525 (le
1215 485 1337 526 coelo
1383 486 1434 525 ad
1465 502 1507 525 se
1540 486 1686 535 trahat,

255 578 301 606 ut
347 566 600 606 descendere
649 564 775 605 saciat
821 564 870 603 ad
919 574 1070 612 terras,
1115 574 1162 603 ut
1206 562 1344 603 veniat
1387 563 1439 602 ad
1479 563 1686 604 amatam?

258 642 388 697 Quali
432 641 751 698 pulchritudine
797 641 1035 681 decoranda
1076 640 1164 682 ost?
1224 638 1354 694 Quali
1386 641 1513 680 debet
1544 656 1688 681 amore

257 721 443 769 fervere,
483 730 530 758 ut
563 736 608 760 ea
643 720 844 775 loquatur
873 719 924 758 ad
956 717 1098 766 illam,
1142 733 1246 773 quae
1278 718 1330 758 ad
1362 718 1594 772 perfectam
1626 718 1689 758 lo-

259 808 378 837 cutus
411 808 473 837 est
501 812 721 852 sponsam:
763 795 860 851 quia
893 795 1030 835 cervix
1060 807 1154 844 tua,
1196 794 1291 851 quia
1325 793 1440 834 oculi
1470 794 1550 843 tui,
1594 794 1690 850 quia

258 890 384 926 genae
416 886 537 923 tuae,
570 873 667 929 quia
697 889 843 913 manus
875 884 994 922 tuae,
1034 873 1130 929 quia
1163 885 1307 913 venter
1335 884 1453 921 tuus,
1491 871 1588 928 quia
1616 872 1692 912 hu-

259 951 365 992 meri
396 951 472 1001 tui,
507 951 603 1007 quia
633 950 763 1006 pedes
795 949 887 990 tui?
944 950 1011 989 De
1044 951 1217 1006 quibus,
1249 950 1282 990 si
1316 948 1569 990 concesserit
1598 949 1692 989 Do-

259 1028 419 1077 minus,
465 1027 793 1083 disputabimus,
838 1028 1058 1082 quomodo
1102 1044 1279 1083 sponsae
1309 1028 1501 1067 membra
1531 1026 1690 1066 varien-

261 1117 352 1155 tur,
395 1117 435 1145 et
465 1105 723 1156 singularum
754 1104 938 1158 partium
969 1104 1057 1144 laus
1089 1104 1253 1144 diversa
1285 1104 1470 1153 dicatur,
1509 1116 1555 1144 ut
1594 1115 1691 1159 post

263 1181 593 1237 disputationem
625 1179 751 1220 etiam
781 1181 832 1219 ad
862 1192 1049 1220 nostram
1080 1180 1163 1219 dici
1194 1180 1375 1220 animam
1404 1180 1599 1220 similiter
1635 1180 1694 1218 la-

260 1261 475 1299 boremus.
523 1257 729 1312 „Bona²)
762 1257 889 1309 igitur
917 1257 1047 1297 ubera
1073 1268 1144 1297 tua
1169 1273 1296 1312 super
1321 1257 1480 1306 vinum,
1512 1268 1553 1297 et
1585 1257 1695 1297 odor

262 1347 575 1388 unguentorum
606 1346 779 1374 tuorum
805 1335 848 1389 ³)
885 1351 1013 1389 super
1043 1333 1186 1374 omnia
1216 1340 1442 1375 aromata.“
1501 1334 1548 1376 Si
1579 1334 1694 1374 vide-

262 1413 318 1453 ris
356 1428 581 1467 sponsum,
621 1423 721 1452 tunc
759 1410 992 1463 intelliges,
1032 1427 1179 1452 verum
1222 1428 1332 1462 esse,
1374 1413 1490 1468 qnod
1521 1411 1693 1452 dicitur:

266 1490 506 1546 „quoniam
531 1488 573 1545 ⁴)
612 1489 723 1528 bona
762 1490 893 1528 ubera
932 1500 1003 1529 tua
1040 1505 1168 1545 super
1199 1489 1363 1538 vinum,
1403 1501 1444 1530 et
1482 1490 1593 1530 odor
1619 1506 1695 1528 un-

265 1577 518 1619 guentorum
555 1577 728 1606 tuorum
769 1582 896 1621 super
936 1566 1079 1606 omnia
1120 1573 1347 1607 aromata.“
1406 1566 1537 1607 Multi
1567 1567 1696 1607 habu-

266 1656 388 1685 erunt
430 1655 629 1684 aromata.
701 1643 861 1695 Regina
885 1644 927 1698 ⁵)
968 1644 1112 1683 Austri
1157 1644 1310 1685 detulit
1350 1655 1536 1685 aromata
1575 1644 1697 1685 Salo-

265 1719 407 1770 moni,
453 1732 494 1760 et
534 1720 679 1775 plures
719 1720 789 1760 alii
830 1732 1018 1761 aromata
1057 1723 1361 1777 possederunt:
1403 1722 1477 1762 sed
1506 1720 1697 1761 hahuerit

269 1797 361 1853 quis
394 1797 669 1854 quantalibet,
700 1813 787 1837 non
818 1809 996 1853 possunt
1028 1797 1183 1839 Christi
1214 1797 1418 1840 odoribus
1450 1798 1698 1855 comparari,

269 1875 321 1915 de
354 1874 506 1930 quibus
528 1874 569 1931 6)
600 1891 712 1915 nunc
743 1890 896 1930 sponsa
926 1874 1003 1915 ait:
1036 1876 1229 1930 ‚,od0r⁷)
1263 1887 1575 1928 unguentorum
1603 1886 1700 1915 tuo-

269 1969 362 1992 rum
393 1969 520 2008 super
552 1952 695 1992 omnia
724 1959 953 1993 aromata.“
1011 1953 1102 2006 Ego
1133 1953 1328 2002 arbitror,
1359 1951 1456 2008 quia
1486 1964 1527 1992 et
1553 1952 1697 1993 Moses

270 2028 417 2069 habuit
447 2040 648 2078 aromata,
679 2040 721 2069 et
740 2029 898 2079 Aaron,
931 2041 971 2070 et
1001 2030 1154 2082 singuli
1177 2026 1505 2085 prophetarum:
1538 2044 1697 2077 verum,

271 2106 305 2146 si
344 2106 491 2146 videro
532 2106 767 2156 Christum,
814 2119 855 2147 et
879 2107 922 2160 ⁸)
967 2107 1216 2148 suavitatem
1257 2117 1568 2158 unguentorum
1611 2104 1698 2163 ejus

385 2342 433 2397 '¹)
464 2343 571 2384 Cod.
602 2342 845 2383 Beccensis:
878 2345 1013 2393 „Non
1044 2361 1153 2394 uno,
1183 2346 1257 2386 sed
1290 2344 1486 2385 omnibus
1516 2361 1593 2385 nos
1623 2361 1699 2384 un-

275 2410 363 2439 ctus
395 2399 487 2438 vult
513 2398 612 2451 ungi
641 2399 906 2452 unguentis.“
965 2401 1015 2441 R.

391 2469 434 2524 ²)
467 2468 626 2511 Cantic.
660 2470 692 2519 Ι,
724 2469 762 2511 2.
795 2469 832 2513 3.

391 2539 434 2594 ³)
464 2539 597 2580 Deest
626 2539 708 2580 hoc
738 2540 837 2581 loco
869 2548 1114 2590 „tuorum“
1143 2541 1186 2582 in
1218 2542 1311 2583 edd.
1343 2542 1404 2582 M.

393 2608 434 2661 ⁴)
469 2609 628 2651 Cantic.
660 2611 694 2660 I,
725 2610 764 2653 2.
788 2610 826 2653 3.
894 2639 896 2641 -

393 2678 435 2732 ⁵)
467 2676 553 2719 Cfr.
587 2679 750 2733 IRegg.
782 2680 834 2721 X.
868 2681 953 2735 (III
971 2681 1122 2735 Regg.)

393 2747 436 2802 ⁶)
467 2746 576 2789 Edd.
609 2750 805 2790 Merlini:
838 2766 935 2806 quo.
1058 2749 1099 2804 ⁷)
1133 2750 1292 2792 Cantic.
1325 2752 1359 2799 I,
1389 2750 1428 2794 3.

391 2816 434 2870 3)
466 2817 574 2858 Edd.
609 2819 808 2860 Merlini:
851 2832 891 2860 et
929 2820 1176 2862 suavitatem
1215 2821 1258 2862 in
1295 2821 1429 2861 odore
1465 2833 1698 2873 unguento·

274 2891 368 2916 rum
400 2873 487 2932 ejus
516 2891 764 2932 percepero,
795 2877 935 2918 statim
965 2877 1213 2918 sententiam
1241 2879 1349 2928 fero,
1380 2877 1522 2917 dicens
1554 2889 1631 2918 etc.
