<?xml version="1.0" encoding="UTF-8"?>
<!DOCTYPE html PUBLIC "-//W3C//DTD XHTML 1.0 Transitional//EN"
    "http://www.w3.org/TR/xhtml1/DTD/xhtml1-transitional.dtd">
<html xmlns="http://www.w3.org/1999/xhtml" xml:lang="en" lang="en">
 <head>
  <title>
</title>
<meta http-equiv="Content-Type" content="text/html;charset=utf-8" />
  <meta name='ocr-system' content='tesseract 3.04.00' />
  <meta name='ocr-capabilities' content='ocr_page ocr_carea ocr_par ocr_line ocrx_word'/>
</head>
<body>
  <div class='ocr_page' id='page_1' title='image "./operaomniaquaegr14orig/operaomniaquaegr14orig_0172.png"; bbox 0 0 1759 3134; ppageno 0'>
   <div class='ocr_carea' id='block_1_1' title="bbox 277 150 1289 196">
    <p class='ocr_par' dir='ltr' id='par_1_1' title="bbox 277 150 1289 196">
     <span class='ocr_line' id='line_1_1' title="bbox 277 150 1289 196; baseline -0.003 -1"><span class='ocrx_word' id='word_1_1' title='bbox 277 152 356 196; x_wconf 84' lang='lat'><strong>156</strong></span> <span class='ocrx_word' id='word_1_2' title='bbox 674 151 893 192; x_wconf 74' lang='lat' dir='ltr'><strong>OmGEms</strong></span> <span class='ocrx_word' id='word_1_3' title='bbox 924 163 969 192; x_wconf 72' lang='lat' dir='ltr'><strong>m</strong></span> <span class='ocrx_word' id='word_1_4' title='bbox 999 150 1289 193; x_wconf 71' lang='lat' dir='ltr'><strong>Ezncnmtmi</strong></span> 
     </span>
    </p>
   </div>
   <div class='ocr_carea' id='block_1_2' title="bbox 246 262 1689 2475">
    <p class='ocr_par' dir='ltr' id='par_1_2' title="bbox 246 262 1689 2475">
     <span class='ocr_line' id='line_1_2' title="bbox 273 262 1687 319; baseline -0.003 -12"><span class='ocrx_word' id='word_1_5' title='bbox 273 267 385 307; x_wconf 80' lang='lat' dir='ltr'><strong>haud</strong></span> <span class='ocrx_word' id='word_1_6' title='bbox 417 263 591 306; x_wconf 88' lang='lat' dir='ltr'><strong>dubium</strong></span> <span class='ocrx_word' id='word_1_7' title='bbox 625 274 706 313; x_wconf 87' lang='lat' dir='ltr'><strong>est,</strong></span> <span class='ocrx_word' id='word_1_8' title='bbox 746 264 846 319; x_wconf 86' lang='lat' dir='ltr'><strong>quin</strong></span> <span class='ocrx_word' id='word_1_9' title='bbox 887 265 937 303; x_wconf 90' lang='lat' dir='ltr'><strong>de</strong></span> <span class='ocrx_word' id='word_1_10' title='bbox 974 263 1089 316; x_wconf 77' lang='lat' dir='ltr'><strong>regio</strong></span> <span class='ocrx_word' id='word_1_11' title='bbox 1130 279 1278 316; x_wconf 83' lang='lat' dir='ltr'><strong>genere</strong></span> <span class='ocrx_word' id='word_1_12' title='bbox 1315 262 1367 303; x_wconf 89' lang='lat' dir='ltr'><strong>sit</strong></span> <span class='ocrx_word' id='word_1_13' title='bbox 1405 263 1607 303; x_wconf 77' lang='lat' dir='ltr'><strong>abductus</strong></span> <span class='ocrx_word' id='word_1_14' title='bbox 1648 265 1687 303; x_wconf 87' lang='lat' dir='ltr'><strong>in</strong></span> 
     </span>
     <span class='ocr_line' id='line_1_3' title="bbox 272 340 1688 400; baseline -0.003 -16"><span class='ocrx_word' id='word_1_15' title='bbox 272 343 557 400; x_wconf 74' lang='lat' dir='ltr'>Babylonem,</span> <span class='ocrx_word' id='word_1_16' title='bbox 603 352 640 381; x_wconf 79' lang='lat' dir='ltr'><strong>et</strong></span> <span class='ocrx_word' id='word_1_17' title='bbox 680 340 802 381; x_wconf 86' lang='lat' dir='ltr'><strong>saciat</strong></span> <span class='ocrx_word' id='word_1_18' title='bbox 832 353 1124 381; x_wconf 79' lang='lat' dir='ltr'><strong>testamentum</strong></span> <span class='ocrx_word' id='word_1_19' title='bbox 1158 358 1252 380; x_wconf 91' lang='lat' dir='ltr'><strong>cum</strong></span> <span class='ocrx_word' id='word_1_20' title='bbox 1282 340 1688 388; x_wconf 76' lang='lat' dir='ltr'><strong>Nabuchodonosor,</strong></span> 
     </span>
     <span class='ocr_line' id='line_1_4' title="bbox 276 417 1687 476; baseline -0.002 -17"><span class='ocrx_word' id='word_1_21' title='bbox 276 419 370 475; x_wconf 84' lang='lat' dir='ltr'><strong>quia</strong></span> <span class='ocrx_word' id='word_1_22' title='bbox 401 418 483 476; x_wconf 81' lang='lat' dir='ltr'><strong>jam</strong></span> <span class='ocrx_word' id='word_1_23' title='bbox 513 429 806 459; x_wconf 86' lang='lat' dir='ltr'><strong>testamentum</strong></span> <span class='ocrx_word' id='word_1_24' title='bbox 839 419 919 458; x_wconf 80' lang='lat' dir='ltr'><strong>Dei</strong></span> <span class='ocrx_word' id='word_1_25' title='bbox 958 417 1175 473; x_wconf 70' lang='lat' dir='ltr'>spreverit.</span> <span class='ocrx_word' id='word_1_26' title='bbox 1236 417 1499 473; x_wconf 72' lang='lat' dir='ltr'><strong>Impossibile</strong></span> <span class='ocrx_word' id='word_1_27' title='bbox 1531 417 1687 472; x_wconf 80' lang='lat' dir='ltr'><strong>quippe</strong></span> 
     </span>
     <span class='ocr_line' id='line_1_5' title="bbox 274 493 1688 549; baseline -0.002 -13"><span class='ocrx_word' id='word_1_28' title='bbox 274 507 335 536; x_wconf 87' lang='lat' dir='ltr'><strong>est</strong></span> <span class='ocrx_word' id='word_1_29' title='bbox 363 495 578 536; x_wconf 85' lang='lat' dir='ltr'><strong>hominem</strong></span> <span class='ocrx_word' id='word_1_30' title='bbox 611 495 697 536; x_wconf 89' lang='lat' dir='ltr'><strong>sine</strong></span> <span class='ocrx_word' id='word_1_31' title='bbox 729 506 977 535; x_wconf 86' lang='lat' dir='ltr'><strong>testamento</strong></span> <span class='ocrx_word' id='word_1_32' title='bbox 1011 512 1108 534; x_wconf 75' lang='lat' dir='ltr'><strong>esse.</strong></span> <span class='ocrx_word' id='word_1_33' title='bbox 1169 493 1214 535; x_wconf 86' lang='lat' dir='ltr'><strong>Si</strong></span> <span class='ocrx_word' id='word_1_34' title='bbox 1243 494 1280 549; x_wconf 87' lang='lat'><strong>¹)</strong></span> <span class='ocrx_word' id='word_1_35' title='bbox 1310 494 1436 535; x_wconf 82' lang='lat' dir='ltr'><strong>habes</strong></span> <span class='ocrx_word' id='word_1_36' title='bbox 1467 506 1688 534; x_wconf 85' lang='lat' dir='ltr'><strong>testamen-</strong></span> 
     </span>
     <span class='ocr_line' id='line_1_6' title="bbox 269 572 1689 627; baseline -0.002 -13"><span class='ocrx_word' id='word_1_37' title='bbox 269 585 360 614; x_wconf 85' lang='lat' dir='ltr'><strong>tum</strong></span> <span class='ocrx_word' id='word_1_38' title='bbox 389 572 472 614; x_wconf 82' lang='lat' dir='ltr'><strong>Dei</strong></span> <span class='ocrx_word' id='word_1_39' title='bbox 503 572 545 613; x_wconf 88' lang='lat' dir='ltr'><strong>in</strong></span> <span class='ocrx_word' id='word_1_40' title='bbox 575 584 629 620; x_wconf 82' lang='lat' dir='ltr'><strong>te,</strong></span> <span class='ocrx_word' id='word_1_41' title='bbox 660 589 745 612; x_wconf 91' lang='lat' dir='ltr'><strong>non</strong></span> <span class='ocrx_word' id='word_1_42' title='bbox 775 583 915 627; x_wconf 71' lang='lat' dir='ltr'><strong>potest</strong></span> <span class='ocrx_word' id='word_1_43' title='bbox 947 583 1241 611; x_wconf 70' lang='lat' dir='ltr'><strong>testamentum</strong></span> <span class='ocrx_word' id='word_1_44' title='bbox 1268 582 1409 611; x_wconf 88' lang='lat' dir='ltr'><strong>tecum</strong></span> <span class='ocrx_word' id='word_1_45' title='bbox 1439 572 1575 611; x_wconf 85' lang='lat' dir='ltr'><strong>facere</strong></span> <span class='ocrx_word' id='word_1_46' title='bbox 1606 572 1689 611; x_wconf 74' lang='lat' dir='ltr'><strong>Na—</strong></span> 
     </span>
     <span class='ocr_line' id='line_1_7' title="bbox 268 647 1687 703; baseline -0.001 -13"><span class='ocrx_word' id='word_1_47' title='bbox 268 650 611 690; x_wconf 88' lang='lat' dir='ltr'><strong>buchodonosor.</strong></span> <span class='ocrx_word' id='word_1_48' title='bbox 670 649 806 689; x_wconf 85' lang='lat' dir='ltr'><strong>Porro</strong></span> <span class='ocrx_word' id='word_1_49' title='bbox 848 649 879 689; x_wconf 90' lang='lat' dir='ltr'><strong>si</strong></span> <span class='ocrx_word' id='word_1_50' title='bbox 921 648 1111 703; x_wconf 63' lang='lat' dir='ltr'><strong>repulisti</strong></span> <span class='ocrx_word' id='word_1_51' title='bbox 1152 660 1446 688; x_wconf 73' lang='lat' dir='ltr'><strong>testamentum</strong></span> <span class='ocrx_word' id='word_1_52' title='bbox 1486 647 1569 688; x_wconf 89' lang='lat' dir='ltr'><strong>Dei</strong></span> <span class='ocrx_word' id='word_1_53' title='bbox 1609 664 1687 703; x_wconf 92' lang='lat' dir='ltr'><strong>per</strong></span> 
     </span>
     <span class='ocr_line' id='line_1_8' title="bbox 266 725 1685 783; baseline -0.002 -16"><span class='ocrx_word' id='word_1_54' title='bbox 266 727 667 783; x_wconf 73' lang='lat' dir='ltr'><strong>praevaricationem</strong></span> <span class='ocrx_word' id='word_1_55' title='bbox 694 727 988 766; x_wconf 84' lang='lat' dir='ltr'><strong>mandatorum</strong></span> <span class='ocrx_word' id='word_1_56' title='bbox 1017 725 1116 782; x_wconf 82' lang='lat' dir='ltr'><strong>ejus,</strong></span> <span class='ocrx_word' id='word_1_57' title='bbox 1148 725 1364 781; x_wconf 77' lang='lat' dir='ltr'><strong>suscepisti</strong></span> <span class='ocrx_word' id='word_1_58' title='bbox 1395 737 1685 766; x_wconf 88' lang='lat' dir='ltr'><strong>testamentum</strong></span> 
     </span>
     <span class='ocr_line' id='line_1_9' title="bbox 266 802 1685 858; baseline -0.003 -13"><span class='ocrx_word' id='word_1_59' title='bbox 266 805 672 846; x_wconf 70' lang='lat' dir='ltr'><strong>Nabuchodonosor.</strong></span> <span class='ocrx_word' id='word_1_60' title='bbox 750 802 964 858; x_wconf 75' lang='lat' dir='ltr'><strong>Scriptum</strong></span> <span class='ocrx_word' id='word_1_61' title='bbox 1012 815 1070 843; x_wconf 77' lang='lat' dir='ltr'><strong>cst</strong></span> <span class='ocrx_word' id='word_1_62' title='bbox 1117 803 1250 842; x_wconf 87' lang='lat' dir='ltr'><strong>enim:</strong></span> <span class='ocrx_word' id='word_1_63' title='bbox 1297 803 1521 858; x_wconf 84' lang='lat' dir='ltr'><strong>„disponit</strong></span> <span class='ocrx_word' id='word_1_64' title='bbox 1544 803 1589 856; x_wconf 79' lang='lat'><strong>²)</strong></span> <span class='ocrx_word' id='word_1_65' title='bbox 1633 802 1685 841; x_wconf 82' lang='lat' dir='ltr'><strong>ad</strong></span> 
     </span>
     <span class='ocr_line' id='line_1_10' title="bbox 268 879 1686 929; baseline -0.003 -7"><span class='ocrx_word' id='word_1_66' title='bbox 268 899 364 922; x_wconf 91' lang='lat' dir='ltr'><strong>eum</strong></span> <span class='ocrx_word' id='word_1_67' title='bbox 388 893 682 922; x_wconf 88' lang='lat' dir='ltr'><strong>testamentum</strong></span> <span class='ocrx_word' id='word_1_68' title='bbox 705 897 839 929; x_wconf 89' lang='lat' dir='ltr'><strong>suum,</strong></span> <span class='ocrx_word' id='word_1_69' title='bbox 867 893 907 920; x_wconf 91' lang='lat' dir='ltr'><strong>et</strong></span> <span class='ocrx_word' id='word_1_70' title='bbox 931 880 1089 920; x_wconf 82' lang='lat' dir='ltr'><strong>inducit</strong></span> <span class='ocrx_word' id='word_1_71' title='bbox 1116 897 1210 920; x_wconf 87' lang='lat' dir='ltr'><strong>eum</strong></span> <span class='ocrx_word' id='word_1_72' title='bbox 1236 879 1277 920; x_wconf 86' lang='lat' dir='ltr'><strong>in</strong></span> <span class='ocrx_word' id='word_1_73' title='bbox 1299 879 1686 920; x_wconf 82' lang='lat' dir='ltr'><strong>maledictionem.“</strong></span> 
     </span>
     <span class='ocr_line' id='line_1_11' title="bbox 266 957 1686 999; baseline -0.004 0"><span class='ocrx_word' id='word_1_74' title='bbox 266 959 383 999; x_wconf 92' lang='lat' dir='ltr'><strong>Deus</strong></span> <span class='ocrx_word' id='word_1_75' title='bbox 413 958 454 998; x_wconf 86' lang='lat' dir='ltr'><strong>in</strong></span> <span class='ocrx_word' id='word_1_76' title='bbox 485 957 782 998; x_wconf 88' lang='lat' dir='ltr'><strong>benedictione</strong></span> <span class='ocrx_word' id='word_1_77' title='bbox 814 957 1035 998; x_wconf 90' lang='lat' dir='ltr'><strong>nobiscum</strong></span> <span class='ocrx_word' id='word_1_78' title='bbox 1067 968 1361 997; x_wconf 86' lang='lat' dir='ltr'><strong>testamentum</strong></span> <span class='ocrx_word' id='word_1_79' title='bbox 1392 957 1513 997; x_wconf 85' lang='lat' dir='ltr'><strong>facit:</strong></span> <span class='ocrx_word' id='word_1_80' title='bbox 1545 957 1686 996; x_wconf 78' lang='lat' dir='ltr'><strong>Nabu-</strong></span> 
     </span>
     <span class='ocr_line' id='line_1_12' title="bbox 266 1033 1685 1075; baseline -0.002 -1"><span class='ocrx_word' id='word_1_81' title='bbox 266 1035 537 1075; x_wconf 84' lang='lat' dir='ltr'><strong>chodonosor</strong></span> <span class='ocrx_word' id='word_1_82' title='bbox 575 1051 674 1074; x_wconf 77' lang='lat' dir='ltr'><strong>vero</strong></span> <span class='ocrx_word' id='word_1_83' title='bbox 706 1046 1000 1074; x_wconf 87' lang='lat' dir='ltr'><strong>testamentum</strong></span> <span class='ocrx_word' id='word_1_84' title='bbox 1033 1052 1153 1074; x_wconf 88' lang='lat' dir='ltr'><strong>suum</strong></span> <span class='ocrx_word' id='word_1_85' title='bbox 1184 1034 1225 1074; x_wconf 87' lang='lat' dir='ltr'><strong>in</strong></span> <span class='ocrx_word' id='word_1_86' title='bbox 1255 1033 1554 1075; x_wconf 82' lang='lat' dir='ltr'><strong>maledictione</strong></span> <span class='ocrx_word' id='word_1_87' title='bbox 1586 1049 1685 1073; x_wconf 88' lang='lat' dir='ltr'><strong>con-</strong></span> 
     </span>
     <span class='ocr_line' id='line_1_13' title="bbox 263 1110 1684 1166; baseline -0.002 -14"><span class='ocrx_word' id='word_1_88' title='bbox 263 1112 411 1153; x_wconf 88' lang='lat' dir='ltr'><strong>stituit.</strong></span> <span class='ocrx_word' id='word_1_89' title='bbox 469 1113 566 1152; x_wconf 77' lang='lat' dir='ltr'><strong>Non</strong></span> <span class='ocrx_word' id='word_1_90' title='bbox 596 1122 737 1165; x_wconf 86' lang='lat' dir='ltr'><strong>potest</strong></span> <span class='ocrx_word' id='word_1_91' title='bbox 766 1111 806 1150; x_wconf 89' lang='lat' dir='ltr'><strong>in</strong></span> <span class='ocrx_word' id='word_1_92' title='bbox 837 1112 1132 1151; x_wconf 82' lang='lat' dir='ltr'><strong>benedictione</strong></span> <span class='ocrx_word' id='word_1_93' title='bbox 1165 1127 1273 1160; x_wconf 92' lang='lat' dir='ltr'><strong>esse,</strong></span> <span class='ocrx_word' id='word_1_94' title='bbox 1320 1111 1390 1166; x_wconf 88' lang='lat' dir='ltr'><strong>qui</strong></span> <span class='ocrx_word' id='word_1_95' title='bbox 1420 1122 1590 1166; x_wconf 89' lang='lat' dir='ltr'><strong>pactum</strong></span> <span class='ocrx_word' id='word_1_96' title='bbox 1623 1110 1684 1149; x_wconf 86' lang='lat' dir='ltr'><strong>fe-</strong></span> 
     </span>
     <span class='ocr_line' id='line_1_14' title="bbox 264 1185 1683 1242; baseline -0.003 -13"><span class='ocrx_word' id='word_1_97' title='bbox 264 1188 368 1229; x_wconf 90' lang='lat' dir='ltr'><strong>cerit</strong></span> <span class='ocrx_word' id='word_1_98' title='bbox 408 1204 503 1227; x_wconf 91' lang='lat' dir='ltr'><strong>cum</strong></span> <span class='ocrx_word' id='word_1_99' title='bbox 532 1187 940 1227; x_wconf 68' lang='lat' dir='ltr'><strong>Nabuchodonosor.</strong></span> <span class='ocrx_word' id='word_1_100' title='bbox 1001 1188 1086 1227; x_wconf 88' lang='lat' dir='ltr'><strong>Sed</strong></span> <span class='ocrx_word' id='word_1_101' title='bbox 1129 1187 1231 1227; x_wconf 88' lang='lat' dir='ltr'><strong>dicit</strong></span> <span class='ocrx_word' id='word_1_102' title='bbox 1267 1189 1370 1227; x_wconf 86' lang='lat' dir='ltr'><strong>mihi</strong></span> <span class='ocrx_word' id='word_1_103' title='bbox 1402 1187 1572 1242; x_wconf 87' lang='lat' dir='ltr'><strong>aliquis,</strong></span> <span class='ocrx_word' id='word_1_104' title='bbox 1612 1185 1683 1241; x_wconf 85' lang='lat' dir='ltr'><strong>qui</strong></span> 
     </span>
     <span class='ocr_line' id='line_1_15' title="bbox 264 1262 1682 1319; baseline -0.001 -14"><span class='ocrx_word' id='word_1_105' title='bbox 264 1265 304 1305; x_wconf 87' lang='lat' dir='ltr'><strong>in</strong></span> <span class='ocrx_word' id='word_1_106' title='bbox 341 1263 556 1319; x_wconf 89' lang='lat' dir='ltr'><strong>scripturis</strong></span> <span class='ocrx_word' id='word_1_107' title='bbox 595 1262 745 1303; x_wconf 84' lang='lat' dir='ltr'><strong>divinis</strong></span> <span class='ocrx_word' id='word_1_108' title='bbox 785 1274 845 1302; x_wconf 86' lang='lat' dir='ltr'><strong>est</strong></span> <span class='ocrx_word' id='word_1_109' title='bbox 884 1263 1092 1302; x_wconf 88' lang='lat' dir='ltr'><strong>eruditus:</strong></span> <span class='ocrx_word' id='word_1_110' title='bbox 1138 1263 1312 1303; x_wconf 81' lang='lat' dir='ltr'><strong>Invenio</strong></span> <span class='ocrx_word' id='word_1_111' title='bbox 1346 1264 1389 1303; x_wconf 91' lang='lat' dir='ltr'><strong>in</strong></span> <span class='ocrx_word' id='word_1_112' title='bbox 1428 1265 1518 1316; x_wconf 85' lang='lat' dir='ltr'><strong>lege</strong></span> <span class='ocrx_word' id='word_1_113' title='bbox 1548 1263 1682 1304; x_wconf 81' lang='lat' dir='ltr'><strong>Mosis</strong></span> 
     </span>
     <span class='ocr_line' id='line_1_16' title="bbox 261 1339 1681 1396; baseline -0.001 -14"><span class='ocrx_word' id='word_1_114' title='bbox 261 1341 581 1382; x_wconf 80' lang='lat' dir='ltr'><strong>maledictiones</strong></span> <span class='ocrx_word' id='word_1_115' title='bbox 621 1339 865 1380; x_wconf 88' lang='lat' dir='ltr'><strong>constitutas</strong></span> <span class='ocrx_word' id='word_1_116' title='bbox 904 1339 944 1379; x_wconf 85' lang='lat' dir='ltr'><strong>in</strong></span> <span class='ocrx_word' id='word_1_117' title='bbox 986 1351 1265 1395; x_wconf 87' lang='lat' dir='ltr'><strong>peccatorem.</strong></span> <span class='ocrx_word' id='word_1_118' title='bbox 1340 1341 1387 1382; x_wconf 87' lang='lat' dir='ltr'><strong>Si</strong></span> <span class='ocrx_word' id='word_1_119' title='bbox 1425 1357 1522 1392; x_wconf 84' lang='lat' dir='ltr'><strong>ergo</strong></span> <span class='ocrx_word' id='word_1_120' title='bbox 1562 1357 1681 1396; x_wconf 89' lang='lat' dir='ltr'><strong>prae-</strong></span> 
     </span>
     <span class='ocr_line' id='line_1_17' title="bbox 262 1416 1682 1475; baseline -0.002 -16"><span class='ocrx_word' id='word_1_121' title='bbox 262 1431 385 1475; x_wconf 87' lang='lat' dir='ltr'><strong>cepto</strong></span> <span class='ocrx_word' id='word_1_122' title='bbox 417 1418 501 1458; x_wconf 85' lang='lat' dir='ltr'><strong>Dei</strong></span> <span class='ocrx_word' id='word_1_123' title='bbox 531 1417 803 1458; x_wconf 87' lang='lat' dir='ltr'><strong>maledictum</strong></span> <span class='ocrx_word' id='word_1_124' title='bbox 835 1416 1108 1456; x_wconf 88' lang='lat' dir='ltr'><strong>constitutum</strong></span> <span class='ocrx_word' id='word_1_125' title='bbox 1139 1428 1200 1458; x_wconf 92' lang='lat' dir='ltr'><strong>est</strong></span> <span class='ocrx_word' id='word_1_126' title='bbox 1230 1418 1272 1457; x_wconf 87' lang='lat' dir='ltr'><strong>in</strong></span> <span class='ocrx_word' id='word_1_127' title='bbox 1303 1429 1567 1473; x_wconf 77' lang='lat' dir='ltr'><strong>peccatores,</strong></span> <span class='ocrx_word' id='word_1_128' title='bbox 1609 1434 1682 1457; x_wconf 91' lang='lat' dir='ltr'><strong>cur</strong></span> 
     </span>
     <span class='ocr_line' id='line_1_18' title="bbox 258 1493 1680 1549; baseline -0.001 -14"><span class='ocrx_word' id='word_1_129' title='bbox 258 1511 344 1535; x_wconf 91' lang='lat' dir='ltr'><strong>non</strong></span> <span class='ocrx_word' id='word_1_130' title='bbox 385 1505 426 1534; x_wconf 85' lang='lat' dir='ltr'><strong>et</strong></span> <span class='ocrx_word' id='word_1_131' title='bbox 468 1510 488 1534; x_wconf 89' lang='lat' dir='ltr'><strong>e</strong></span> <span class='ocrx_word' id='word_1_132' title='bbox 529 1493 740 1535; x_wconf 89' lang='lat' dir='ltr'><strong>contrario</strong></span> <span class='ocrx_word' id='word_1_133' title='bbox 782 1494 895 1549; x_wconf 86' lang='lat' dir='ltr'><strong>apud</strong></span> <span class='ocrx_word' id='word_1_134' title='bbox 942 1493 1158 1533; x_wconf 89' lang='lat' dir='ltr'><strong>diabolum</strong></span> <span class='ocrx_word' id='word_1_135' title='bbox 1200 1495 1400 1549; x_wconf 81' lang='lat' dir='ltr'><strong>quaedam</strong></span> <span class='ocrx_word' id='word_1_136' title='bbox 1439 1494 1680 1535; x_wconf 84' lang='lat' dir='ltr'><strong>benedictio</strong></span> 
     </span>
     <span class='ocr_line' id='line_1_19' title="bbox 259 1570 1682 1626; baseline 0 -15"><span class='ocrx_word' id='word_1_137' title='bbox 259 1571 333 1621; x_wconf 87' lang='lat' dir='ltr'><strong>sit,</strong></span> <span class='ocrx_word' id='word_1_138' title='bbox 367 1583 414 1611; x_wconf 89' lang='lat' dir='ltr'><strong>ut</strong></span> <span class='ocrx_word' id='word_1_139' title='bbox 446 1571 517 1611; x_wconf 86' lang='lat' dir='ltr'><strong>alii</strong></span> <span class='ocrx_word' id='word_1_140' title='bbox 547 1573 660 1626; x_wconf 88' lang='lat' dir='ltr'><strong>apud</strong></span> <span class='ocrx_word' id='word_1_141' title='bbox 690 1587 787 1611; x_wconf 90' lang='lat' dir='ltr'><strong>eum</strong></span> <span class='ocrx_word' id='word_1_142' title='bbox 817 1570 860 1610; x_wconf 89' lang='lat' dir='ltr'><strong>in</strong></span> <span class='ocrx_word' id='word_1_143' title='bbox 889 1571 1186 1611; x_wconf 85' lang='lat' dir='ltr'><strong>benedictione</strong></span> <span class='ocrx_word' id='word_1_144' title='bbox 1215 1572 1337 1621; x_wconf 85' lang='lat' dir='ltr'><strong>fiant,</strong></span> <span class='ocrx_word' id='word_1_145' title='bbox 1378 1571 1449 1611; x_wconf 87' lang='lat' dir='ltr'><strong>alii</strong></span> <span class='ocrx_word' id='word_1_146' title='bbox 1478 1571 1521 1611; x_wconf 88' lang='lat' dir='ltr'><strong>in</strong></span> <span class='ocrx_word' id='word_1_147' title='bbox 1551 1571 1682 1611; x_wconf 80' lang='lat' dir='ltr'><strong>male-</strong></span> 
     </span>
     <span class='ocr_line' id='line_1_20' title="bbox 259 1646 1679 1701; baseline 0.001 -14"><span class='ocrx_word' id='word_1_148' title='bbox 259 1647 472 1688; x_wconf 85' lang='lat' dir='ltr'><strong>dictione?</strong></span> <span class='ocrx_word' id='word_1_149' title='bbox 530 1646 641 1686; x_wconf 90' lang='lat' dir='ltr'><strong>Huic</strong></span> <span class='ocrx_word' id='word_1_150' title='bbox 682 1663 779 1698; x_wconf 86' lang='lat' dir='ltr'><strong>ergo</strong></span> <span class='ocrx_word' id='word_1_151' title='bbox 823 1659 941 1688; x_wconf 84' lang='lat' dir='ltr'><strong>acute</strong></span> <span class='ocrx_word' id='word_1_152' title='bbox 987 1659 1027 1688; x_wconf 89' lang='lat' dir='ltr'><strong>et</strong></span> <span class='ocrx_word' id='word_1_153' title='bbox 1057 1648 1259 1688; x_wconf 81' lang='lat' dir='ltr'><strong>acerrime</strong></span> <span class='ocrx_word' id='word_1_154' title='bbox 1290 1648 1584 1701; x_wconf 84' lang='lat' dir='ltr'><strong>interroganti,</strong></span> <span class='ocrx_word' id='word_1_155' title='bbox 1622 1648 1679 1689; x_wconf 89' lang='lat' dir='ltr'><strong>sic</strong></span> 
     </span>
     <span class='ocr_line' id='line_1_21' title="bbox 257 1724 1680 1780; baseline 0.001 -16"><span class='ocrx_word' id='word_1_156' title='bbox 257 1726 444 1765; x_wconf 84' lang='lat' dir='ltr'><strong>conabor</strong></span> <span class='ocrx_word' id='word_1_157' title='bbox 475 1739 718 1773; x_wconf 85' lang='lat' dir='ltr'><strong>occurrere,</strong></span> <span class='ocrx_word' id='word_1_158' title='bbox 759 1735 800 1764; x_wconf 90' lang='lat' dir='ltr'><strong>et</strong></span> <span class='ocrx_word' id='word_1_159' title='bbox 832 1724 995 1774; x_wconf 86' lang='lat' dir='ltr'><strong>dicere,</strong></span> <span class='ocrx_word' id='word_1_160' title='bbox 1037 1725 1133 1780; x_wconf 84' lang='lat' dir='ltr'><strong>quia</strong></span> <span class='ocrx_word' id='word_1_161' title='bbox 1168 1736 1209 1765; x_wconf 87' lang='lat' dir='ltr'><strong>et</strong></span> <span class='ocrx_word' id='word_1_162' title='bbox 1239 1725 1443 1780; x_wconf 80' lang='lat' dir='ltr'><strong>quaedam</strong></span> <span class='ocrx_word' id='word_1_163' title='bbox 1473 1725 1525 1765; x_wconf 89' lang='lat' dir='ltr'><strong>sit</strong></span> <span class='ocrx_word' id='word_1_164' title='bbox 1553 1727 1680 1765; x_wconf 87' lang='lat' dir='ltr'><strong>bene-</strong></span> 
     </span>
     <span class='ocr_line' id='line_1_22' title="bbox 255 1800 1678 1859; baseline 0 -16"><span class='ocrx_word' id='word_1_165' title='bbox 255 1802 385 1843; x_wconf 88' lang='lat' dir='ltr'><strong>dictio</strong></span> <span class='ocrx_word' id='word_1_166' title='bbox 425 1818 448 1841; x_wconf 82' lang='lat' dir='ltr'><strong>a</strong></span> <span class='ocrx_word' id='word_1_167' title='bbox 484 1800 903 1849; x_wconf 80' lang='lat' dir='ltr'><strong>Nabuchodonosor,</strong></span> <span class='ocrx_word' id='word_1_168' title='bbox 943 1817 1066 1856; x_wconf 88' lang='lat' dir='ltr'><strong>quam</strong></span> <span class='ocrx_word' id='word_1_169' title='bbox 1104 1802 1220 1842; x_wconf 87' lang='lat' dir='ltr'><strong>Deus</strong></span> <span class='ocrx_word' id='word_1_170' title='bbox 1259 1802 1411 1857; x_wconf 90' lang='lat' dir='ltr'><strong>procul</strong></span> <span class='ocrx_word' id='word_1_171' title='bbox 1449 1801 1617 1859; x_wconf 82' lang='lat' dir='ltr'><strong>abjiciat</strong></span> <span class='ocrx_word' id='word_1_172' title='bbox 1656 1819 1678 1844; x_wconf 85' lang='lat' dir='ltr'><strong>a</strong></span> 
     </span>
     <span class='ocr_line' id='line_1_23' title="bbox 252 1876 1676 1936; baseline 0 -16"><span class='ocrx_word' id='word_1_173' title='bbox 252 1879 399 1920; x_wconf 90' lang='lat' dir='ltr'><strong>nobis:</strong></span> <span class='ocrx_word' id='word_1_174' title='bbox 434 1890 475 1919; x_wconf 84' lang='lat' dir='ltr'><strong>et</strong></span> <span class='ocrx_word' id='word_1_175' title='bbox 503 1876 771 1926; x_wconf 86' lang='lat' dir='ltr'><strong>maledictio,</strong></span> <span class='ocrx_word' id='word_1_176' title='bbox 808 1878 859 1917; x_wconf 90' lang='lat' dir='ltr'><strong>de</strong></span> <span class='ocrx_word' id='word_1_177' title='bbox 891 1895 969 1933; x_wconf 89' lang='lat' dir='ltr'><strong>qua</strong></span> <span class='ocrx_word' id='word_1_178' title='bbox 1000 1895 1110 1919; x_wconf 89' lang='lat' dir='ltr'><strong>nunc</strong></span> <span class='ocrx_word' id='word_1_179' title='bbox 1141 1879 1281 1920; x_wconf 87' lang='lat' dir='ltr'><strong>dicere</strong></span> <span class='ocrx_word' id='word_1_180' title='bbox 1312 1880 1535 1929; x_wconf 85' lang='lat' dir='ltr'><strong>debemus,</strong></span> <span class='ocrx_word' id='word_1_181' title='bbox 1572 1897 1676 1936; x_wconf 87' lang='lat' dir='ltr'><strong>quae</strong></span> 
     </span>
     <span class='ocr_line' id='line_1_24' title="bbox 255 1954 1674 2009; baseline 0.001 -13"><span class='ocrx_word' id='word_1_182' title='bbox 255 1955 375 2008; x_wconf 86' lang='lat' dir='ltr'><strong>digne</strong></span> <span class='ocrx_word' id='word_1_183' title='bbox 406 1970 534 2009; x_wconf 90' lang='lat' dir='ltr'><strong>super</strong></span> <span class='ocrx_word' id='word_1_184' title='bbox 560 1965 804 2009; x_wconf 89' lang='lat' dir='ltr'><strong>peccatores</strong></span> <span class='ocrx_word' id='word_1_185' title='bbox 839 1954 963 1995; x_wconf 78' lang='lat' dir='ltr'><strong>venit.</strong></span> <span class='ocrx_word' id='word_1_186' title='bbox 1026 1954 1146 2008; x_wconf 80' lang='lat' dir='ltr'><strong>Quae</strong></span> <span class='ocrx_word' id='word_1_187' title='bbox 1188 1967 1249 1995; x_wconf 90' lang='lat' dir='ltr'><strong>est</strong></span> <span class='ocrx_word' id='word_1_188' title='bbox 1278 1956 1404 2008; x_wconf 86' lang='lat' dir='ltr'><strong>igitur</strong></span> <span class='ocrx_word' id='word_1_189' title='bbox 1432 1957 1674 1997; x_wconf 86' lang='lat' dir='ltr'><strong>benedictio</strong></span> 
     </span>
     <span class='ocr_line' id='line_1_25' title="bbox 250 2030 1676 2086; baseline 0.001 -13"><span class='ocrx_word' id='word_1_190' title='bbox 250 2031 676 2073; x_wconf 65' lang='lat' dir='ltr'><strong>Nabuchodonosor?</strong></span> <span class='ocrx_word' id='word_1_191' title='bbox 748 2030 930 2085; x_wconf 83' lang='lat' dir='ltr'><strong>Quando</strong></span> <span class='ocrx_word' id='word_1_192' title='bbox 971 2031 1120 2086; x_wconf 89' lang='lat' dir='ltr'><strong>aliquis</strong></span> <span class='ocrx_word' id='word_1_193' title='bbox 1159 2031 1201 2071; x_wconf 83' lang='lat' dir='ltr'><strong>in</strong></span> <span class='ocrx_word' id='word_1_194' title='bbox 1239 2035 1399 2073; x_wconf 91' lang='lat' dir='ltr'><strong>mundo</strong></span> <span class='ocrx_word' id='word_1_195' title='bbox 1438 2034 1518 2074; x_wconf 84' lang='lat' dir='ltr'><strong>isto</strong></span> <span class='ocrx_word' id='word_1_196' title='bbox 1557 2035 1676 2074; x_wconf 89' lang='lat' dir='ltr'><strong>locu-</strong></span> 
     </span>
     <span class='ocr_line' id='line_1_26' title="bbox 251 2107 1674 2166; baseline 0.003 -18"><span class='ocrx_word' id='word_1_197' title='bbox 251 2110 344 2164; x_wconf 89' lang='lat' dir='ltr'><strong>ples</strong></span> <span class='ocrx_word' id='word_1_198' title='bbox 375 2107 516 2156; x_wconf 80' lang='lat' dir='ltr'><strong>suerit,</strong></span> <span class='ocrx_word' id='word_1_199' title='bbox 549 2118 589 2147; x_wconf 91' lang='lat' dir='ltr'><strong>et</strong></span> <span class='ocrx_word' id='word_1_200' title='bbox 618 2107 802 2149; x_wconf 86' lang='lat' dir='ltr'><strong>feliciter</strong></span> <span class='ocrx_word' id='word_1_201' title='bbox 823 2108 1007 2161; x_wconf 84' lang='lat' dir='ltr'><strong>gesserit,</strong></span> <span class='ocrx_word' id='word_1_202' title='bbox 1041 2119 1081 2148; x_wconf 81' lang='lat' dir='ltr'><strong>et</strong></span> <span class='ocrx_word' id='word_1_203' title='bbox 1107 2109 1248 2149; x_wconf 87' lang='lat' dir='ltr'><strong>omnia</strong></span> <span class='ocrx_word' id='word_1_204' title='bbox 1270 2110 1307 2149; x_wconf 88' lang='lat' dir='ltr'><strong>ei</strong></span> <span class='ocrx_word' id='word_1_205' title='bbox 1325 2127 1532 2166; x_wconf 88' lang='lat' dir='ltr'><strong>prospero</strong></span> <span class='ocrx_word' id='word_1_206' title='bbox 1553 2129 1674 2152; x_wconf 90' lang='lat' dir='ltr'><strong>cursu</strong></span> 
     </span>
     <span class='ocr_line' id='line_1_27' title="bbox 250 2184 1675 2243; baseline 0.003 -18"><span class='ocrx_word' id='word_1_207' title='bbox 250 2184 459 2234; x_wconf 75' lang='lat' dir='ltr'><strong>fluxerint,</strong></span> <span class='ocrx_word' id='word_1_208' title='bbox 490 2184 534 2223; x_wconf 86' lang='lat' dir='ltr'><strong>in</strong></span> <span class='ocrx_word' id='word_1_209' title='bbox 564 2195 739 2234; x_wconf 83' lang='lat' dir='ltr'><strong>tantum,</strong></span> <span class='ocrx_word' id='word_1_210' title='bbox 770 2195 817 2224; x_wconf 92' lang='lat' dir='ltr'><strong>ut</strong></span> <span class='ocrx_word' id='word_1_211' title='bbox 847 2184 967 2234; x_wconf 88' lang='lat' dir='ltr'><strong>illud,</strong></span> <span class='ocrx_word' id='word_1_212' title='bbox 1000 2185 1115 2240; x_wconf 90' lang='lat' dir='ltr'><strong>quod</strong></span> <span class='ocrx_word' id='word_1_213' title='bbox 1143 2186 1348 2241; x_wconf 85' lang='lat' dir='ltr'><strong>scriptum</strong></span> <span class='ocrx_word' id='word_1_214' title='bbox 1379 2199 1451 2237; x_wconf 90' lang='lat' dir='ltr'><strong>est,</strong></span> <span class='ocrx_word' id='word_1_215' title='bbox 1483 2187 1519 2227; x_wconf 91' lang='lat' dir='ltr'><strong>ei</strong></span> <span class='ocrx_word' id='word_1_216' title='bbox 1541 2189 1675 2243; x_wconf 89' lang='lat' dir='ltr'><strong>possit</strong></span> 
     </span>
     <span class='ocr_line' id='line_1_28' title="bbox 247 2260 1673 2319; baseline 0.003 -17"><span class='ocrx_word' id='word_1_217' title='bbox 247 2261 403 2317; x_wconf 83' lang='lat' dir='ltr'><strong>aptari:</strong></span> <span class='ocrx_word' id='word_1_218' title='bbox 443 2262 556 2310; x_wconf 89' lang='lat' dir='ltr'><strong>„bos</strong></span> <span class='ocrx_word' id='word_1_219' title='bbox 580 2261 622 2316; x_wconf 77' lang='lat'><strong>3)</strong></span> <span class='ocrx_word' id='word_1_220' title='bbox 665 2260 751 2319; x_wconf 88' lang='lat' dir='ltr'><strong>ejus</strong></span> <span class='ocrx_word' id='word_1_221' title='bbox 790 2277 877 2301; x_wconf 89' lang='lat' dir='ltr'><strong>non</strong></span> <span class='ocrx_word' id='word_1_222' title='bbox 914 2261 1040 2301; x_wconf 87' lang='lat' dir='ltr'><strong>faciet</strong></span> <span class='ocrx_word' id='word_1_223' title='bbox 1079 2262 1404 2304; x_wconf 87' lang='lat' dir='ltr'><strong>abortionem:“</strong></span> <span class='ocrx_word' id='word_1_224' title='bbox 1448 2277 1487 2305; x_wconf 91' lang='lat' dir='ltr'><strong>et</strong></span> <span class='ocrx_word' id='word_1_225' title='bbox 1518 2265 1551 2304; x_wconf 88' lang='lat' dir='ltr'><strong>si</strong></span> <span class='ocrx_word' id='word_1_226' title='bbox 1582 2266 1673 2306; x_wconf 87' lang='lat' dir='ltr'><strong>uni-</strong></span> 
     </span>
     <span class='ocr_line' id='line_1_29' title="bbox 246 2337 1674 2394; baseline 0.003 -16"><span class='ocrx_word' id='word_1_227' title='bbox 246 2355 409 2379; x_wconf 71' lang='lat' dir='ltr'><strong>versam</strong></span> <span class='ocrx_word' id='word_1_228' title='bbox 439 2337 594 2378; x_wconf 86' lang='lat' dir='ltr'><strong>saeculi</strong></span> <span class='ocrx_word' id='word_1_229' title='bbox 626 2337 771 2378; x_wconf 83' lang='lat' dir='ltr'><strong>habuit</strong></span> <span class='ocrx_word' id='word_1_230' title='bbox 800 2338 1146 2394; x_wconf 86' lang='lat' dir='ltr'><strong>prosperitatem,</strong></span> <span class='ocrx_word' id='word_1_231' title='bbox 1176 2340 1417 2381; x_wconf 87' lang='lat' dir='ltr'><strong>benedictio</strong></span> <span class='ocrx_word' id='word_1_232' title='bbox 1448 2342 1674 2383; x_wconf 69' lang='lat' dir='ltr'><strong>Nabucho-</strong></span> 
     </span>
     <span class='ocr_line' id='line_1_30' title="bbox 247 2415 1669 2475; baseline 0.003 -19"><span class='ocrx_word' id='word_1_233' title='bbox 247 2416 436 2456; x_wconf 89' lang='lat' dir='ltr'><strong>donosor</strong></span> <span class='ocrx_word' id='word_1_234' title='bbox 464 2431 590 2470; x_wconf 87' lang='lat' dir='ltr'><strong>super</strong></span> <span class='ocrx_word' id='word_1_235' title='bbox 621 2431 716 2455; x_wconf 93' lang='lat' dir='ltr'><strong>eum</strong></span> <span class='ocrx_word' id='word_1_236' title='bbox 748 2426 818 2455; x_wconf 90' lang='lat' dir='ltr'><strong>est.</strong></span> <span class='ocrx_word' id='word_1_237' title='bbox 878 2415 1127 2456; x_wconf 76' lang='lat' dir='ltr'><strong>Maledictio</strong></span> <span class='ocrx_word' id='word_1_238' title='bbox 1167 2433 1267 2457; x_wconf 76' lang='lat' dir='ltr'><strong>vero</strong></span> <span class='ocrx_word' id='word_1_239' title='bbox 1307 2417 1348 2457; x_wconf 83' lang='lat' dir='ltr'><strong>in</strong></span> <span class='ocrx_word' id='word_1_240' title='bbox 1389 2434 1463 2468; x_wconf 88' lang='lat' dir='ltr'><strong>eo,</strong></span> <span class='ocrx_word' id='word_1_241' title='bbox 1503 2420 1669 2475; x_wconf 84' lang='lat' dir='ltr'><strong>quando</strong></span> 
     </span>
    </p>
   </div>
   <div class='ocr_carea' id='block_1_3' title="bbox 245 2491 1670 2551">
    <p class='ocr_par' dir='ltr' id='par_1_3' title="bbox 245 2491 1670 2551">
     <span class='ocr_line' id='line_1_31' title="bbox 245 2491 1670 2551; baseline 0.004 -19"><span class='ocrx_word' id='word_1_242' title='bbox 245 2492 396 2548; x_wconf 88' lang='lat' dir='ltr'><strong>aliquis</strong></span> <span class='ocrx_word' id='word_1_243' title='bbox 435 2491 595 2532; x_wconf 89' lang='lat' dir='ltr'><strong>recedit</strong></span> <span class='ocrx_word' id='word_1_244' title='bbox 636 2508 658 2532; x_wconf 87' lang='lat' dir='ltr'><strong>a</strong></span> <span class='ocrx_word' id='word_1_245' title='bbox 695 2492 816 2542; x_wconf 88' lang='lat' dir='ltr'><strong>Deo,</strong></span> <span class='ocrx_word' id='word_1_246' title='bbox 863 2503 904 2532; x_wconf 87' lang='lat' dir='ltr'><strong>et</strong></span> <span class='ocrx_word' id='word_1_247' title='bbox 947 2492 1220 2534; x_wconf 87' lang='lat' dir='ltr'><strong>nihilominus</strong></span> <span class='ocrx_word' id='word_1_248' title='bbox 1265 2494 1307 2534; x_wconf 85' lang='lat' dir='ltr'><strong>in</strong></span> <span class='ocrx_word' id='word_1_249' title='bbox 1346 2507 1463 2551; x_wconf 84' lang='lat' dir='ltr'><strong>parte</strong></span> <span class='ocrx_word' id='word_1_250' title='bbox 1510 2495 1670 2537; x_wconf 86' lang='lat' dir='ltr'><strong>diaboli</strong></span> 
     </span>
    </p>
   </div>
   <div class='ocr_carea' id='block_1_4' title="bbox 242 2657 1668 2856">
    <p class='ocr_par' dir='ltr' id='par_1_4' title="bbox 242 2657 1668 2856">
     <span class='ocr_line' id='line_1_32' title="bbox 367 2657 1668 2722; baseline 0.006 -22"><span class='ocrx_word' id='word_1_251' title='bbox 367 2660 407 2716; x_wconf 92' lang='lat'><strong>¹)</strong></span> <span class='ocrx_word' id='word_1_252' title='bbox 441 2660 622 2701; x_wconf 78' lang='lat' dir='ltr'><strong>Catenae</strong></span> <span class='ocrx_word' id='word_1_253' title='bbox 652 2660 750 2700; x_wconf 81' lang='lat' dir='ltr'><strong>Mss.</strong></span> <span class='ocrx_word' id='word_1_254' title='bbox 798 2657 875 2713; x_wconf 52' lang='lat' dir='ltr'><strong>,JO</strong></span> <span class='ocrx_word' id='word_1_255' title='bbox 915 2662 1032 2716; x_wconf 69' lang='grc' dir='ltr'><strong>ἔχων</strong></span> <span class='ocrx_word' id='word_1_256' title='bbox 1070 2661 1151 2713; x_wconf 77' lang='grc' dir='ltr'><strong>τὴν</strong></span> <span class='ocrx_word' id='word_1_257' title='bbox 1193 2661 1419 2718; x_wconf 73' lang='grc' dir='ltr'><strong>διαθήκην</strong></span> <span class='ocrx_word' id='word_1_258' title='bbox 1447 2663 1560 2722; x_wconf 73' lang='grc' dir='ltr'><strong>πρὸς</strong></span> <span class='ocrx_word' id='word_1_259' title='bbox 1588 2666 1668 2708; x_wconf 76' lang='grc' dir='ltr'><strong>τὸν</strong></span> 
     </span>
     <span class='ocr_line' id='line_1_33' title="bbox 242 2727 1667 2790; baseline 0.003 -17"><span class='ocrx_word' id='word_1_260' title='bbox 242 2728 378 2785; x_wconf 73' lang='grc' dir='ltr'><strong><em>θεὸν,</em></strong></span> <span class='ocrx_word' id='word_1_261' title='bbox 419 2728 472 2773; x_wconf 81' lang='grc' dir='ltr'><strong>οὐ</strong></span> <span class='ocrx_word' id='word_1_262' title='bbox 513 2727 702 2772; x_wconf 79' lang='grc' dir='ltr'><em>δύναται</em></span> <span class='ocrx_word' id='word_1_263' title='bbox 736 2731 962 2774; x_wconf 72' lang='grc' dir='ltr'><em>διαθεῖναι</em></span> <span class='ocrx_word' id='word_1_264' title='bbox 999 2730 1225 2786; x_wconf 70' lang='grc' dir='ltr'><strong>διαθήκην</strong></span> <span class='ocrx_word' id='word_1_265' title='bbox 1253 2732 1366 2790; x_wconf 81' lang='grc' dir='ltr'><em>πρὸς</em></span> <span class='ocrx_word' id='word_1_266' title='bbox 1395 2732 1474 2778; x_wconf 80' lang='grc' dir='ltr'><strong>τὸν</strong></span> <span class='ocrx_word' id='word_1_267' title='bbox 1505 2733 1667 2788; x_wconf 74' lang='grc' dir='ltr'>νοητὸν</span> 
     </span>
     <span class='ocr_line' id='line_1_34' title="bbox 242 2798 953 2856; baseline -0.003 -12"><span class='ocrx_word' id='word_1_268' title='bbox 242 2798 713 2856; x_wconf 70' lang='grc' dir='ltr'><strong>Ναβουχοδονόσορ.“</strong></span> <span class='ocrx_word' id='word_1_269' title='bbox 775 2801 953 2842; x_wconf 87' lang='lat' dir='ltr'><strong>Ruacus.</strong></span> 
     </span>
    </p>
   </div>
   <div class='ocr_carea' id='block_1_5' title="bbox 358 2869 1394 2928">
    <p class='ocr_par' dir='ltr' id='par_1_5' title="bbox 358 2869 1394 2928">
     <span class='ocr_line' id='line_1_35' title="bbox 358 2869 1394 2928; baseline 0.002 -17"><span class='ocrx_word' id='word_1_270' title='bbox 358 2872 402 2927; x_wconf 85' lang='lat'><strong>2)</strong></span> <span class='ocrx_word' id='word_1_271' title='bbox 432 2871 584 2912; x_wconf 70' lang='lat'><strong>1320011.</strong></span> <span class='ocrx_word' id='word_1_272' title='bbox 617 2870 756 2919; x_wconf 77' lang='lat' dir='ltr'><strong>xvss,</strong></span> <span class='ocrx_word' id='word_1_273' title='bbox 792 2869 854 2913; x_wconf 86' lang='lat'><strong>13.</strong></span> <span class='ocrx_word' id='word_1_274' title='bbox 974 2872 1017 2928; x_wconf 59' lang='grc' dir='ltr'><strong>3ν)</strong></span> <span class='ocrx_word' id='word_1_275' title='bbox 1047 2874 1146 2914; x_wconf 84' lang='lat' dir='ltr'><strong>Job.</strong></span> <span class='ocrx_word' id='word_1_276' title='bbox 1177 2874 1295 2923; x_wconf 78' lang='lat' dir='ltr'><strong>XXI,</strong></span> <span class='ocrx_word' id='word_1_277' title='bbox 1328 2872 1394 2917; x_wconf 85' lang='lat'><strong>10.</strong></span> 
     </span>
    </p>
   </div>
  </div>
 </body>
</html>
