1759 3134
715 121 851 160 Lmen
882 120 936 160 II.
1450 126 1531 171 361

118 233 241 282 tibus,
272 231 458 289 quamvis
486 248 565 287 pro
599 248 648 272 eo
679 231 922 285 ignobilem,
952 233 1067 288 quod
1099 233 1417 287 generositatem
1448 237 1529 279 sibi

121 311 342 360 Abraham,
372 320 413 350 et
442 310 568 360 Isaac,
599 320 638 350 et
664 308 702 365 ¹)
732 308 865 350 Jacob
896 324 982 349 non
1010 309 1144 365 possit
1173 311 1422 365 adscribere,
1456 315 1534 356 ob-

121 388 379 430 liviscentem
407 397 548 427 tamen
575 385 786 443 populum
815 402 958 435 suum,
997 396 1039 426 et
1077 387 1251 429 domum
1281 391 1411 446 patris
1450 393 1529 445 sui,

120 481 250 522 usque
271 465 314 520 2)
351 464 403 505 ad
444 464 654 506 Christum
693 462 929 505 venientem
967 475 1168 519 spernunt
1205 481 1316 516 eam,
1363 478 1404 508 et
1446 486 1526 525 pro

119 541 379 596 ignobilitate
408 541 567 594 generis
598 542 815 582 offuscant.
876 540 1008 595 Quod
1036 557 1188 597 sponsa
1217 543 1398 585 sentiens
1420 545 1529 588 filias

117 619 270 677 prioris
298 618 451 675 populi
482 618 688 675 imputare
718 617 820 669 sibi,
852 630 892 660 et
916 635 995 675 pro
1028 619 1111 660 hoc
1142 619 1267 661 etiam
1295 620 1455 675 nigram
1484 641 1530 666 se

118 695 343 753 appellari,
373 695 489 752 quasi
519 712 623 753 quae
653 707 847 753 paternae
880 695 1126 737 eruditionis
1155 713 1243 739 non
1271 698 1422 741 habeat
1450 700 1533 743 cla-

118 773 305 823 ritatem,
335 775 592 829 respondens
622 774 675 815 ad
703 774 822 824 haec,
855 773 957 814 dicit
982 774 1047 830 ³):
1078 773 1194 827 nigra
1222 792 1315 817 sum
1344 776 1531 834 quidem,

119 869 144 891 o
173 851 284 892 filiae
302 851 577 902 Hierusalem,
607 868 685 908 pro
719 867 783 902 eo,
814 851 930 907 quod
959 867 1045 892 non
1074 852 1283 894 descendo
1316 854 1368 895 de
1397 854 1529 913 stirpe

117 929 326 970 clarorum
362 927 574 981 virorum,
616 945 752 985 neque
791 927 1146 970 illuminationem
1184 929 1318 971 Mosis
1361 930 1463 984 legis
1487 931 1531 989 4)

115 1005 272 1062 accepi,
302 1006 436 1048 habeo
466 1018 606 1048 tamen
635 1005 993 1062 pulchritudinem
1021 1023 1159 1048 meam
1186 1023 1365 1049 mecum.
1418 1009 1527 1052 Nam

116 1094 158 1124 et
196 1083 240 1124 in
278 1099 347 1124 me
386 1082 495 1125 illud
534 1082 720 1140 primum
760 1095 841 1135 est,
882 1086 998 1141 quod
1035 1085 1088 1125 ad
1115 1084 1342 1138 imaginem
1369 1085 1455 1128 Dei
1485 1086 1529 1129 in

116 1177 184 1202 me
213 1161 370 1202 factum
403 1172 486 1202 est:
526 1177 637 1202 nunc
661 1161 703 1217 ⁵)
733 1162 934 1203 accedens
964 1162 1017 1203 ad
1048 1162 1223 1203 verbum
1250 1163 1358 1214 Dei,
1384 1164 1528 1221 recepi

115 1237 301 1295 speciem
337 1254 487 1279 meam.
562 1237 764 1292 Quamvis
810 1239 921 1280 enim
958 1255 1038 1296 pro
1082 1239 1237 1281 coloris
1279 1240 1534 1284 obscuritate

117 1315 368 1372 comparetis
397 1332 465 1357 me
494 1315 770 1357 tabernaculis
806 1317 962 1367 Cedar,
997 1328 1038 1357 et
1065 1316 1249 1372 pellibus
1275 1317 1531 1369 Salomonis,

115 1404 256 1434 tamen
296 1404 336 1433 et
366 1393 503 1435 Cedar
543 1409 591 1434 ex
621 1393 798 1435 Ismaele
835 1393 1062 1435 descendit.
1122 1395 1320 1437 Secundo
1351 1411 1533 1452 namque

115 1471 213 1512 loco
254 1487 301 1511 ex
341 1470 518 1512 Ismaele
555 1482 675 1513 natus
716 1482 800 1522 est,
843 1471 913 1529 qui
954 1472 1105 1513 Ismael
1143 1488 1231 1513 non
1267 1471 1349 1513 suit
1387 1489 1534 1530 expers

117 1548 279 1590 divinae
321 1547 638 1591 benedictionis,
671 1573 673 1576 ·
707 1549 793 1591 Sed
831 1560 872 1590 et
910 1548 1094 1606 pellibus
1135 1549 1377 1592 Salomonis
1418 1568 1534 1593 com-

115 1626 267 1682 paratis
296 1643 388 1677 me,
420 1643 526 1682 quae
554 1643 639 1667 non
670 1626 775 1668 aliae
804 1638 920 1676 sunt,
953 1643 1078 1684 quam
1106 1628 1242 1684 pelles
1272 1629 1532 1672 tabernaculi

115 1704 220 1754 Dei,
266 1715 306 1744 et
344 1715 484 1745 tamen
524 1703 656 1745 miror
696 1720 790 1754 vos,
830 1720 855 1744 o
894 1704 1006 1745 filiae
1036 1704 1325 1757 Hierusalem,
1364 1705 1468 1748 mihi
1490 1708 1533 1764 ⁶)

115 1781 272 1823 coloris
301 1781 411 1822 velle
444 1782 694 1838 exprobrare
722 1781 995 1834 nigredinem.
1057 1782 1291 1838 Quomodo
1328 1801 1414 1826 non
1444 1801 1533 1827 me-

114 1858 311 1910 ministis,
343 1860 459 1915 quod
489 1858 533 1900 in
564 1859 655 1912 lege
686 1870 820 1901 vestra
849 1860 1052 1917 scriptum
1083 1871 1166 1911 est,
1200 1861 1300 1918 quid
1330 1878 1448 1919 passa
1479 1862 1532 1905 sit

114 1936 271 1986 Maria,
310 1952 416 1993 quae
456 1936 670 1990 derogavit
708 1936 846 1988 Mosi,
887 1955 981 1980 cum
1024 1938 1335 1996 Aethiopissam
1369 1940 1530 1994 nigram

113 2014 340 2071 accepisset
382 2014 588 2057 uxorem?
661 2014 894 2071 Quomodo
939 2015 1138 2070 ignoratis
1183 2016 1295 2060 illius
1340 2017 1529 2072 imaginis

112 2092 476 2134 adumbrationem
504 2092 547 2133 in
576 2109 644 2133 me
674 2109 782 2134 nunc
815 2093 988 2136 veritate
1021 2094 1258 2151 compleri?
1314 2096 1406 2150 Ego
1437 2113 1531 2138 sum

114 2169 187 2211 illa
215 2170 492 2227 Aethiopissa,
526 2186 601 2224 ego
632 2187 724 2212 sum
755 2170 873 2224 nigra
904 2171 1075 2229 quidem
1103 2188 1183 2229 pro
1200 2172 1242 2227 ⁷)
1266 2172 1532 2227 ignobilitate

113 2248 296 2302 generis,
342 2250 530 2290 formosa
572 2264 673 2289 vero
724 2260 903 2306 propter
947 2250 1254 2307 poenitentiam
1299 2263 1341 2294 et
1388 2253 1530 2297 fidem.

233 2446 273 2502 ¹)
305 2446 438 2487 Deest
467 2451 580 2497 „et“
610 2445 652 2487 in
684 2447 778 2488 edd.
809 2447 870 2488 M.

230 2517 272 2572 2)
304 2517 414 2558 Edd.
443 2516 639 2559 Merlini=
670 2528 795 2574 atque
825 2518 879 2560 ad
909 2529 986 2560 etc.

228 2588 273 2644 ³)
302 2587 412 2628 Edd.
445 2586 643 2629 Merlini:
682 2586 796 2630 dixit.

232 2657 275 2713 ⁴¹)
306 2657 414 2698 Edd.
445 2656 642 2698 Merlini:
673 2658 822 2712 legem.

231 2726 274 2783 ⁵)
304 2727 412 2768 Edd.
443 2726 637 2770 Merlini:
670 2739 712 2770 et
740 2745 851 2771 nunc
881 2741 958 2772 etc.

229 2797 272 2854 ⁸)
301 2798 435 2839 Deest
452 2797 608 2847 .,mihi“
628 2797 672 2841 in
690 2800 785 2841 edd.
806 2800 867 2842 M.
892 2823 943 2832 —-
966 2801 1034 2843 De
1052 2817 1165 2860 seqq.
1190 2802 1265 2844 cfr.
1284 2802 1412 2845 Num.
1431 2801 1530 2846 XII.

231 2867 274 2924 ⁷)
304 2868 436 2910 Deest
466 2884 579 2925 „pro
592 2874 617 2894 “
647 2868 691 2910 in
721 2869 816 2912 edd.
848 2870 909 2913 Μ.
