1759 3134
668 130 866 172 nonum
894 127 966 168 VI.
1280 99 1283 101 ’
1470 126 1523 167 τε)

107 259 248 283 errore
280 242 487 283 converti:
531 259 625 283 cum
663 240 790 293 magis
820 239 862 279 id
895 254 1091 294 quaerere
1122 238 1366 285 debeamus,
1406 238 1521 291 quod

105 320 311 369 aedificet,
344 321 459 375 quod
487 320 684 359 timorem
700 317 784 358 Dei
804 327 961 367 augeat,
992 316 1106 370 quod
1136 316 1186 355 ad
1216 313 1518 370 poenitentiam

104 407 288 445 revocet,
321 397 437 450 quod
467 396 508 435 in
540 394 848 436 confessionem
878 391 1045 432 sceleris
1075 392 1265 441 adducat,
1297 391 1413 446 quod
1440 406 1517 430 nos

103 472 226 511 faciat
257 472 404 512 diebus
433 489 480 512 ac
511 472 705 512 noctibus
737 468 932 521 cogitare,
964 468 1181 523 quomodo
1207 468 1396 507 Domino
1427 468 1517 522 pla-

102 563 290 598 ceamus,
335 560 381 588 ut
429 549 576 588 fiamus
620 548 661 587 in
706 562 802 586 vera
841 545 925 584 vite
966 544 1131 585 Christo
1169 544 1269 584 Jesu
1307 543 1514 584 fructiferi

97 624 305 679 palmites,
341 637 381 665 ct
410 625 541 665 radici
571 624 657 682 ejus
687 624 978 664 adhaerentes:
1019 621 1085 661 cui
1115 633 1176 662 est
1205 620 1337 674 gloria
1368 632 1408 660 ct
1437 620 1513 660 im-

98 700 263 754 perium
297 701 336 741 in
368 702 531 741 saecula
561 701 837 741 saeculorum.
898 699 1054 740 Amen!

468 1037 958 1088 HOMILIA
1030 1039 1123 1087 Vl.

86 1162 151 1201 De
183 1178 247 1212 eo,
279 1164 393 1218 quod
426 1162 598 1203 dicitur:
630 1161 720 1212 „fili
740 1163 778 1215 ¹)
809 1160 1002 1211 hominis,
1033 1173 1152 1201 notas
1184 1161 1247 1201 fac
1268 1160 1504 1200 Jerusalem

111 1239 443 1279 abominationes
475 1245 624 1279 suas:“
655 1254 806 1294 usque:
838 1238 1062 1287 „effudisti
1078 1238 1120 1294 2>
1150 1237 1475 1278 fornicationem

498 1328 612 1355 tuam
642 1315 685 1356 in
718 1316 834 1356 omni
862 1315 1079 1356 transitu.“

193 1439 228 1480 1.
280 1439 571 1480 Consideranti
612 1440 716 1480 mihi
758 1440 1030 1480 constantiam
1060 1438 1385 1494 prophetarum,
1421 1438 1500 1478 mi-

79 1516 267 1555 raculum
299 1516 424 1565 subit,
456 1516 674 1571 quomodo
706 1532 804 1556 vere
837 1517 1051 1556 credentes
1082 1516 1178 1555 Deo
1213 1515 1340 1567 magis
1373 1531 1498 1570 quam

75 1592 316 1633 hominibus
349 1592 647 1633 contemserint
676 1604 871 1641 mortem,
902 1592 1102 1648 pericula,
1134 1592 1424 1642 contumelias,
1456 1603 1498 1634 et

75 1670 238 1719 omnia,
270 1687 374 1725 quae
404 1670 512 1725 passi
543 1681 638 1710 sunt
667 1671 717 1709 ab
749 1669 819 1719 iis,
851 1669 923 1724 qui
955 1672 1253 1721 arguebantur,
1289 1670 1391 1708 (lum
1420 1684 1494 1708 vo-

74 1746 224 1788 luntati
240 1747 323 1786 Dei
352 1747 395 1786 in
424 1745 750 1801 prophetatione
783 1745 1036 1787 deserviunt.
1082 1745 1332 1786 Admirabar
1361 1761 1493 1800 quon-

72 1824 167 1863 dam
197 1823 383 1873 Esaiam,
424 1834 647 1878 antequam
680 1838 970 1877 compararem
1000 1823 1235 1871 Ezechieli,
1275 1834 1315 1862 et
1350 1823 1492 1862 obstu-

69 1901 312 1955 pescebam,
353 1900 570 1954 quomodo
611 1899 790 1939 diceret:
839 1900 1015 1949 „audite
1040 1900 1082 1955 ³)
1123 1916 1362 1940 sermonem
1397 1899 1491 1939 Do-

67 1977 192 2026 mini,
236 1976 447 2032 principes
493 1977 827 2017 Sodomorum:>
856 1976 1058 2016 attendite
1115 1977 1253 2029 legem
1296 1976 1487 2026 Domini,

68 2055 253 2110 populus
284 2053 562 2094 Gomorrhae.
625 2051 723 2106 Quo
764 2053 867 2093 mihi
905 2053 1224 2094 multitudinem
1262 2052 1488 2093 sacrificio-

64 2122 159 2171 rum
203 2130 470 2171 vestrorum?
515 2130 617 2170 dicit
659 2129 914 2171 Dominus.“
990 2129 1174 2170 Dicebat
1218 2129 1330 2170 enim
1371 2130 1486 2179 haec,

64 2226 159 2249 cum
198 2219 342 2263 posset
380 2207 542 2257 dicere,
578 2207 647 2247 vel
686 2218 837 2248 tacere.
897 2208 1045 2263 Neque
1069 2207 1111 2262 4)
1146 2207 1278 2260 enim,
1316 2218 1364 2247 ut
1396 2205 1487 2262 qui·

180 2368 218 2422 ¹)
250 2367 403 2408 Ezech.
433 2368 549 2416 XVI,
580 2366 619 2409 2.
739 2366 782 2421 2)
812 2366 964 2407 Ezech.
994 2366 1112 2417 XVI,
1144 2365 1210 2409 15.

178 2438 220 2493 3)
251 2437 376 2478 Jesai.
409 2437 442 2485 I,
475 2435 539 2478 10.
573 2436 637 2480 11.

173 2507 215 2562 ⁴)
246 2507 297 2547 R.
328 2506 370 2546 in
398 2505 531 2547 notis:
564 2506 744 2548 Catenae
774 2507 875 2548 Mss.
923 2509 983 2549 Εἰ
1013 2508 1075 2562 τῷ
1107 2505 1229 2562 αὐτῷ
1254 2501 1477 2561 πνεύματι

55 2573 425 2634 προφητεύουσιν
458 2579 499 2618 οἱ
527 2578 603 2631 τῆς
634 2582 733 2626 νέας
763 2579 839 2619 καὶ
870 2579 912 2620 οἱ
942 2579 1018 2632 τῆς
1059 2578 1275 2624 παλαιᾶς·
1317 2573 1398 2618 ἐὰν
1428 2575 1478 2619 δὲ

57 2644 175 2702 ἄλλῳ
218 2645 526 2704 ἀποκαλυφθῇ
565 2651 832 2703 καθημένῳ,
881 2644 1068 2702 ἐντολὴν
1105 2647 1196 2702 ἔχει
1236 2643 1259 2689 ὁ
1300 2647 1475 2703 πρῶτος

56 2719 236 2772 σιωπᾷν
261 2713 453 2763 πάντως.
501 2715 593 2758 Οὐκ
623 2713 905 2773 ἐξιστάμενοι
932 2719 975 2760 οἱ
1001 2717 1236 2775 προφῆται
1264 2713 1476 2772 προεφή-

52 2802 182 2830 τευον
213 2788 272 2841 τῷ
304 2786 416 2839 λαῷ·
460 2782 549 2826 ἀλλ’
584 2784 633 2827 ἐν
662 2788 723 2841 τῷ
755 2785 897 2843 φύσιν
936 2784 1197 2844 ἱστάμενοι,
1228 2787 1307 2828 καὶ
1338 2782 1473 2828 ἑκόν-

53 2872 142 2910 τες,
187 2858 263 2898 καὶ
303 2851 468 2902 εἰδότες
506 2851 772 2914 ὑπούργουν
813 2859 874 2912 τῷ
905 2854 1017 2917 πρὸς
1048 2854 1210 2905 αὐτοὺς
1238 2856 1470 2912 γενομένῳ
