1759 3134
622 136 819 179 nomm
846 136 900 177 X.
1403 138 1480 182 131

64 253 233 294 Grande
271 251 410 308 itaque
456 250 706 292 beneficium
749 248 791 289 in
829 246 1063 289 Jerusalem
1109 259 1395 299 conservatur,
1441 251 1474 291 si

65 343 202 370 tamen
235 329 374 370 credat
405 329 559 370 dicenti
579 326 789 367 Domino:
821 336 891 375 „et
911 324 950 380 ¹)
977 336 1021 365 tu
1047 326 1347 369 confimdere.“
1390 329 1472 368 N'e-

65 424 145 462 que
178 419 298 462 putes
329 408 380 447 ad
411 404 672 447 Hierusalem
701 413 862 442 tantum
893 402 993 442 haee
1025 418 1110 442 esse
1142 402 1275 453 dicta,
1313 416 1355 445 et
1384 421 1470 445 non

65 486 115 524 ad
145 484 327 536 singulos
356 494 559 532 nostrum,
590 479 660 535 qui
690 477 855 519 delictis
884 489 1077 518 tenemur
1105 479 1291 521 obnoxii.
1337 482 1474 523 Unus-

65 560 238 616 quisque
270 560 381 600 enim
411 575 453 600 se
483 559 620 613 ipsum
652 556 899 605 consideret,
932 555 1032 611 quid
1056 555 1204 597 fecerit
1224 559 1472 600 confusione

63 637 256 689 dignum,
295 637 396 692 quid
434 647 555 690 turpe
597 635 761 674 locutus
802 633 876 682 sit,
914 649 1039 688 super
1079 649 1163 688 quo
1203 650 1289 674 non
1325 635 1475 677 haheat

62 713 274 754 audaciam
307 713 422 770 quasi
452 712 565 752 dicto
596 713 732 760 bono,
765 710 867 766 quid
899 708 1091 761 cogitarit
1120 709 1224 759 tale,
1259 712 1371 766 quod
1404 729 1474 751 ru-

61 791 164 830 bore
207 790 376 843 dignum
416 788 582 829 videtur
623 789 673 828 ab
703 804 779 838 e0,
824 787 895 843 qui
927 786 1064 827 cordis
1096 798 1137 827 et
1165 786 1276 827 renis
1307 788 1473 830 occulta

62 867 316 907 considerat:
348 878 388 907 et
413 882 508 906 cum
533 865 755 917 diligenter
779 862 1010 920 perviderit
1036 863 1323 915 cogitationes,
1351 866 1475 917 facta,

60 959 285 993 sermones,
315 955 414 983 tunc
442 941 584 982 audiet
605 942 858 997 prophetam
885 941 1118 981 dicentem:
1149 952 1219 991 „et
1235 941 1276 998 ²)
1302 954 1349 982 tu
1375 959 1474 984 con-

60 1020 276 1060 fimdere.“
331 1020 436 1060 Post
466 1020 581 1075 quod
611 1035 634 1059 a
661 1018 869 1074 propheta
899 1017 1104 1074 jungitur:
1144 1030 1222 1069 „et
1244 1019 1286 1076 ³)
1328 1020 1472 1077 accipe

59 1096 330 1150 ignominiam
368 1107 482 1137 tuam
520 1095 564 1136 in
605 1112 679 1146 eo,
720 1096 836 1151 quod
873 1095 1105 1153 justificasti
1142 1112 1308 1138 sorores
1338 1102 1472 1140 tuas.“

62 1174 263 1230 Sequitur
293 1173 586 1214 confusionem
616 1172 856 1225 ignominia,
884 1183 926 1213 et
960 1173 1030 1212 dat
1046 1173 1164 1213 Deus
1190 1172 1241 1223 ei,
1272 1174 1344 1229 qui
1375 1191 1474 1215 eon-

62 1251 224 1292 fusione
255 1251 376 1303 digna
406 1250 550 1303 gessit,
582 1249 706 1290 etiam
731 1248 1023 1302 ignominiam,
1055 1248 1240 1306 dixitque
1271 1251 1324 1291 ad
1354 1268 1472 1295 eum:

61 1339 129 1378 „et
146 1327 187 1384 ⁴)
217 1327 359 1383 accipe
382 1325 654 1379 ignominiam
675 1332 831 1367 tuam.“
874 1326 1039 1367 Poteris
1063 1337 1203 1367 autem
1224 1327 1473 1381 intelligere,

61 1406 176 1460 quod
205 1404 376 1452 dicitur,
415 1403 449 1443 si
480 1401 828 1452 consideraveris,
867 1418 972 1457 quae
1003 1402 1194 1458 quotidie
1224 1403 1267 1443 in
1299 1404 1474 1447 civitati-

59 1482 136 1521 bus
164 1481 276 1520 fiant.
334 1478 607 1520 Inhonoratio
649 1478 729 1518 civi
767 1490 827 1518 est
857 1479 909 1518 de
939 1478 1074 1534 patria
1102 1496 1175 1521 sua
1203 1481 1392 1533 exulare,
1434 1496 1476 1526 et

60 1557 229 1598 infamia
269 1555 489 1597 decurioni
526 1555 640 1596 eradi
682 1556 734 1595 de
773 1555 871 1596 albo
912 1555 1071 1606 curiae,
1114 1568 1157 1597 et
1193 1557 1474 1616 cujuscunque

60 1634 227 1675 alterius
270 1633 524 1674 conditionis
563 1631 725 1673 homini
763 1631 944 1687 relinqui
985 1632 1156 1687 quidem
1186 1633 1230 1673 in
1260 1634 1364 1686 vita,
1400 1639 1474 1678 sed

61 1729 158 1752 cum
187 1710 434 1764 ignominia,
473 1709 558 1750 sive
589 1709 631 1749 in
661 1708 861 1764 operibus
890 1708 1095 1764 publicis,
1133 1708 1220 1750 sive
1258 1710 1301 1751 in
1340 1711 1474 1754 insula

63 1789 203 1845 aliqua
242 1786 483 1829 solitudinis
521 1786 674 1826 vivere.
750 1784 944 1837 Intellige
989 1797 1127 1826 autem
1169 1787 1273 1828 mihi
1319 1787 1475 1846 justum

59 1865 246 1924 judicem
277 1865 336 1915 ei,
376 1863 447 1919 qui
487 1863 609 1915 digna
647 1861 817 1902 infamia
855 1863 1025 1912 fecerit,
1065 1862 1296 1905 dicentem:
1336 1866 1374 1907 Ο
1415 1878 1475 1917 tu,

62 1943 135 1999 qui
163 1959 327 1998 poenae
357 1958 452 1982 reus
484 1956 540 1990 es,
569 1939 662 1979 noli
695 1939 867 1979 exilium
896 1952 1016 1980 tuum
1046 1956 1141 1980 cum
1170 1957 1366 1982 moerore
1388 1959 1475 1984 sus-

62 2020 224 2076 cipere:
254 2036 341 2060 non
369 2017 483 2058 enim
511 2015 738 2057 mereberis
767 2015 1115 2067 misericordiam,
1144 2017 1179 2058 si
1208 2018 1394 2059 irasceris
1423 2021 1477 2061 ad

62 2113 263 2154 poenam:
295 2095 395 2152 quin
424 2094 565 2150 potius
595 2092 797 2145 intellige,
830 2092 950 2145 digne
980 2105 1021 2134 te
1050 2092 1139 2149 pati
1163 2096 1278 2150 quod
1301 2095 1477 2150 pateris:

64 2185 105 2214 et
136 2191 231 2215 cum
259 2185 300 2214 te
331 2170 630 2221 humiliaveris,
661 2181 784 2226 atque
816 2170 966 2211 dixeris
995 2170 1151 2228 justum
1182 2172 1233 2211 de
1258 2183 1298 2211 te
1319 2172 1476 2213 factum

65 2267 151 2291 esse
180 2249 406 2307 judicium,
446 2248 621 2290 forsitan
659 2247 992 2289 misericordiam
1029 2249 1295 2304 consequeris
1329 2250 1379 2290 ab
1411 2266 1478 2303 eo,

65 2326 136 2382 qui
173 2338 313 2382 potest
351 2338 450 2383 post
488 2325 884 2366 condemnationem
921 2327 974 2367 ad
1003 2325 1225 2382 pristinum
1254 2337 1296 2366 te
1325 2338 1477 2367 statum

67 2419 277 2444 revocare.
338 2402 570 2457 Quomodo
611 2401 725 2443 enim
760 2403 860 2444 licet
898 2419 1047 2456 magno
1086 2402 1269 2458 principi
1297 2403 1476 2444 liberare

68 2478 252 2534 aliquem
283 2479 334 2519 de
363 2478 518 2529 insula,
559 2490 600 2520 et
637 2480 688 2520 de
729 2480 876 2530 exilio,
914 2491 954 2520 et
984 2481 1035 2520 de
1064 2478 1245 2535 publicis
1276 2479 1476 2520 vinculis:

67 2556 204 2595 multo
235 2555 363 2607 magis
393 2555 493 2596 licet
519 2555 797 2597 universitatis
826 2558 923 2598 Deo
956 2573 1074 2606 eum,
1105 2556 1176 2612 qui
1206 2555 1478 2597 inhonoratus

69 2643 150 2681 est,
191 2631 233 2672 in
271 2632 476 2673 honorem
514 2633 735 2688 pristinum
772 2634 1013 2683 restituere,
1051 2633 1086 2675 si
1123 2645 1262 2674 tamen
1296 2634 1476 2677 sentiens

184 2793 226 2846 Ι)
258 2792 408 2833 Ezech.
438 2793 554 2843 xvl,
585 2792 650 2836 52.
768 2793 810 2846 2)
840 2793 991 2836 Ezech.
1021 2794 1136 2843 XVI,
1167 2794 1234 2836 52.

184 2862 228 2917 ³)
256 2863 405 2905 Ezech.
436 2863 552 2915 XVI,
582 2862 648 2907 52.
767 2862 809 2919 ⁴)
839 2863 989 2906 Ezech.
1020 2863 1133 2913 xvi,
1164 2863 1231 2906 52.

1089 2939 1151 2981 9*
