1759 3134
219 170 300 215 124
623 169 844 213 OmGEms
872 181 918 211 m
947 167 1242 210 Ezsscnnztmu

225 284 301 324 illo
333 280 578 324 sceleratior
606 293 809 338 repertus.
869 281 1079 322 Dominus
1111 296 1210 320 vero
1242 295 1360 321 meus
1381 280 1503 322 Jesus
1526 283 1646 325 Chri-

221 373 307 402 stus
336 360 585 418 justificatur
613 359 726 417 juxta
757 359 1112 415 dispensationem
1143 357 1295 409 carnis,
1330 374 1454 414 quam
1483 360 1537 399 ob
1567 377 1643 401 no—

222 449 349 478 stram
382 437 560 477 salutem
592 436 872 488 circumtulit,
904 439 954 477 ab
988 436 1218 486 Abraham,
1248 437 1299 476 ab
1330 437 1464 485 Isaac,
1495 437 1546 476 ab
1576 437 1646 477 Ja-

222 515 324 564 cob,
364 525 406 555 et
447 530 469 554 a
499 513 672 569 reliquis
705 513 961 570 prophetiss
999 513 1180 568 Quando
1214 512 1325 553 enim
1357 512 1552 554 omnibus
1581 513 1644 570 ju-

219 591 290 632 stis
322 602 363 632 et
392 590 632 647 prophetis,
672 608 718 632 ac
758 592 890 632 beatis
931 591 1166 647 quibusque
1207 589 1250 630 in
1282 590 1643 645 comparationem

218 668 351 710 missis
382 668 593 709 invenitur
624 667 879 708 contrarium
909 668 1021 718 huic,
1053 669 1169 723 quod
1201 667 1355 709 dicitur
1379 669 1430 708 de
1451 667 1643 709 Sodoma

220 757 261 787 et
288 746 536 795 Jerusalem,
566 744 694 797 magis
724 746 915 798 glorifico
949 746 1214 787 Salvatorem
1244 757 1447 786 nostrum.
1510 745 1642 799 Quod

218 834 358 864 autem
389 823 484 863 dico
517 821 756 863 istiusmodi
788 835 862 874 est,
895 835 934 864 et
964 823 1060 863 Deo
1094 822 1294 876 largiente
1326 823 1538 865 orantibus
1570 840 1644 865 vo-

216 900 280 941 bis
311 900 522 956 praebebo
557 900 608 940 de
634 899 864 956 Scripturis
895 900 1246 957 explanationem.
1306 900 1429 942 Fecit
1454 901 1645 943 Sodoma

216 990 457 1034 peccatum:
498 977 685 1019 Samaria
717 994 887 1034 quoque
917 977 1130 1034 peccavit,
1169 977 1460 1034 iniquitatibus
1493 980 1644 1019 obruta

218 1067 279 1095 est
307 1056 564 1105 Jerusalem,
608 1056 680 1095 sed
711 1055 874 1096 minora
905 1067 1077 1111 peccata
1107 1072 1129 1095 a
1159 1055 1388 1112 majoribus
1418 1054 1643 1113 justifican-

215 1143 302 1181 tur,
341 1133 418 1172 sub
451 1131 671 1186 exemplo,
714 1149 797 1187 quo
830 1124 1020 1174 Sodoma
1057 1132 1306 1189 justificatur
1342 1149 1365 1173 a
1393 1148 1540 1172 sorore
1570 1149 1642 1172 sua

213 1209 460 1249 Jerusalem.
522 1207 756 1262 Quomodo
799 1208 925 1260 igitur
964 1209 1161 1264 iniquitas
1195 1209 1413 1267 justificat,
1452 1208 1510 1249 sic
1544 1225 1643 1248 con-

216 1286 386 1325 demnat
415 1285 641 1340 aliquando
672 1283 843 1341 justitia,
902 1285 1086 1336 Verum,
1119 1302 1288 1341 quaeso,
1320 1296 1511 1340 exspecta
1540 1302 1642 1340 pau-

215 1362 357 1418 lisper,
389 1364 525 1403 donec
551 1361 754 1412 docearis,
786 1362 1148 1418 quemadmodum
1173 1361 1336 1402 dicatur
1360 1363 1642 1404 condemnare

214 1439 381 1496 justitia.
443 1439 645 1495 Iniquitas
689 1455 782 1479 mea
820 1438 977 1496 justitia
1018 1450 1079 1478 est
1118 1439 1434 1495 comparatione
1471 1440 1644 1498 majoris

215 1516 460 1572 iniquitatis.
521 1516 591 1558 Sic
624 1528 665 1556 et
694 1516 853 1573 justitia
882 1533 975 1557 mea
1006 1532 1054 1556 ex
1086 1516 1400 1571 comparatione
1435 1517 1644 1572 multipli-

215 1593 272 1634 cis
302 1592 482 1649 justitiae
513 1588 709 1649 iniquitas
739 1605 970 1649 reputatur.
1028 1593 1260 1648 Propterea
1299 1610 1421 1643 „non
1450 1595 1488 1650 ¹)
1527 1593 1643 1651 justi·

213 1670 409 1711 futabitur
446 1670 489 1710 in
528 1681 758 1725 conspectu
795 1682 870 1711 tuo
912 1669 1048 1710 omnis
1092 1669 1276 1710 vivens.“
1347 1670 1498 1711 Fuerit
1542 1671 1642 1712 licet

214 1747 344 1805 justus
385 1748 618 1797 Abraham,
661 1759 702 1788 et
726 1747 768 1803 ²)
809 1746 941 1805 justus
979 1747 1145 1796 BIoses,
1187 1746 1318 1804 justus
1357 1747 1641 1804 unusquisque

214 1824 443 1866 illustrium
482 1824 694 1865 virorum:
740 1825 814 1865 sed
862 1826 914 1865 ad
954 1823 1317 1880 comparationem
1359 1814 1515 1866 Christi
1553 1842 1640 1866 non

213 1914 308 1944 sunt
337 1901 448 1959 justi.
508 1903 597 1942 Lux
630 1919 780 1943 eorum
811 1919 907 1943 cum
939 1901 1027 1958 ejus
1058 1901 1153 1941 luce
1185 1902 1420 1957 composita
1444 1904 1642 1944 tenebrae

213 1979 495 2035 reperiuntur.
543 1979 598 2019 Et
630 1981 850 2035 quomodo
884 1981 1026 2020 lumen
1058 1979 1253 2020 lucernae
1287 1980 1339 2019 ad
1368 1979 1470 2020 solis
1500 1981 1642 2021 radios

214 2058 481 2106 obscuratur,
525 2067 567 2096 et
604 2057 722 2098 velut
759 2057 839 2098 alia
880 2056 1086 2112 quaedam
1117 2072 1238 2096 caeca
1267 2056 1462 2096 materies
1494 2069 1638 2098 conte-

212 2133 441 2174 nebrescit:
482 2132 563 2183 sic,
595 2133 696 2174 licet
724 2134 882 2186 fulgeat
910 2133 1118 2190 justorum
1150 2133 1339 2173 omnium
1371 2134 1517 2174 lumen
1547 2147 1641 2176 ante

213 2211 426 2261 homines,
467 2227 553 2250 non
595 2222 735 2251 tamen
771 2212 905 2264 fulget
934 2222 1028 2251 ante
1061 2210 1288 2251 Christum.
1347 2212 1538 2261 „Luceat
1562 2213 1640 2268 ³)“

214 2289 371 2345 quippe
403 2289 582 2338 „lumen
613 2294 849 2338 vestium,“
878 2304 965 2328 non
989 2287 1240 2343 simpliciter
1271 2288 1431 2328 dictum
1463 2301 1535 2339 est,
1566 2291 1639 2330 sed

213 2366 380 2416 „luceat
409 2377 504 2406 ante
532 2364 767 2406 homines.“
826 2366 936 2405 Ante
965 2364 1177 2406 Christum
1206 2382 1294 2406 non
1324 2377 1466 2421 potest
1496 2367 1639 2408 lumen

213 2443 374 2496 fulgere
415 2442 636 2512 jusgorum.
705 2441 764 2482 Ut
805 2442 1009 2497 splendor
1047 2442 1169 2482 lunae
1209 2454 1250 2482 et
1291 2442 1488 2483 micantia
1528 2443 1637 2484 coeli

213 2519 370 2568 sidera,
400 2519 644 2575 priusquam
674 2519 739 2559 sol
770 2519 950 2569 oriatur,
990 2519 1031 2560 in
1061 2519 1310 2560 stationibus
1340 2520 1423 2560 suis
1453 2520 1638 2570 rutilant,

215 2608 310 2637 orto
346 2613 446 2637 vero
479 2597 569 2638 sole
601 2598 938 2637 absconduntur:
978 2597 1037 2638 sic
1069 2597 1214 2638 lumen
1245 2597 1468 2648 ecclesiae,
1497 2609 1545 2638 ut
1574 2598 1636 2637 lu—

215 2690 313 2714 men
354 2673 499 2724 lunae,
540 2673 785 2730 priusquam
825 2673 983 2715 oriatur
1026 2676 1171 2716 lumen
1208 2675 1316 2718 illud
1355 2691 1501 2717 verum
1537 2673 1638 2715 solis

333 2835 374 2889 ¹)
406 2834 560 2875 Psalm.
594 2835 786 2886 CXLIII,
816 2835 855 2878 2.
888 2837 1100 2893 (CXLII.)

334 2904 377 2959 2)
407 2905 539 2946 Deest
570 2911 680 2957 „et“
712 2905 753 2947 in
780 2907 874 2948 edd.
907 2907 966 2950 Μ.
1086 2907 1130 2965 ³)
1163 2907 1249 2950 Cfr.
1281 2905 1430 2948 Matth.
1460 2905 1511 2955 V,
1544 2903 1608 2949 16,
