1759 3134
229 137 312 179 400
523 140 744 182 Ome-‚ems
775 155 818 183 IN
854 143 1036 187 CAN‘mc.
1071 145 1373 185 CANTICORUM

229 268 371 307 passae
410 264 525 304 sunt,
565 269 643 294 nec
680 254 722 295 in
764 255 1006 308 virginitatis
1048 256 1284 309 integritate
1326 269 1655 312 permanserunt.

230 331 345 371 Haec
376 343 483 381 sunt,
517 347 622 387 quae
652 349 828 388 sponsus
858 345 956 390 post
987 334 1060 375 illa
1092 334 1246 384 omnia,
1285 350 1389 390 quae
1422 335 1563 375 locuta
1594 336 1652 375 fu-

230 419 317 449 erat
347 424 519 464 sponsa,
566 421 728 452 austera
763 412 943 468 quadam
975 411 1303 453 commiuatione
1345 427 1522 468 sponsae
1571 412 1658 453 ani·

231 501 323 526 mos
355 486 408 527 ad
439 486 661 538 agnitionis
691 505 790 530 suae
823 506 965 530 curam
995 489 1208 540 suscitans,
1239 505 1317 545 per
1338 489 1531 530 ordinem
1558 506 1658 546 pro-

228 562 359 618 positi
391 564 587 605 dramatis
630 565 743 607 dicit.
806 568 890 610 Sed
920 585 1030 609 nunc
1062 579 1389 623 consequenter,
1427 579 1474 608 ut
1505 579 1655 619 cetera,

229 640 280 681 ad
301 640 512 683 Christum
545 642 646 684 haec
682 655 723 685 et
752 645 804 686 ad
835 646 1055 687 ecclesiam
1086 646 1331 696 referamus,
1366 645 1438 702 qui
1458 645 1511 686 ad
1530 661 1656 701 spon-

227 733 315 759 sam
355 736 493 770 suam,
539 721 592 761 ad
621 721 777 763 animas
805 723 967 765 scilicet
1008 722 1270 764 credentium
1310 723 1505 780 loquens,
1546 739 1657 763 sum·

226 812 340 837 mam
371 797 513 839 salutis
545 811 586 840 et
616 799 887 842 beatitudinis
918 801 962 842 in
981 802 1018 858 ¹)
1056 800 1210 842 suimet
1250 800 1461 853 agnitione
1503 799 1657 842 consti-

227 874 319 915 tuit.
382 875 616 930 Quomodo
651 894 748 931 ergo
780 879 917 921 anima
949 892 1173 932 cognoscat
1211 891 1345 920 semet
1383 879 1538 936 ipsam,
1579 895 1657 920 nec

227 951 350 993 facile
389 965 520 1010 puto,
566 972 643 997 nec
683 957 869 998 breviter
909 957 1109 1014 explicari
1148 973 1292 1013 posse:
1339 969 1479 998 tamen
1497 957 1539 1013 2)
1577 972 1655 1012 pro

228 1029 384 1073 viribus
414 1049 547 1088 pauca
579 1050 626 1074 ex
656 1034 800 1076 multis
830 1034 992 1091 aperire
1024 1035 1289 1077 tentabimus.
1345 1035 1526 1076 Videtur
1557 1050 1654 1086 ergo

227 1107 332 1149 mihi
363 1110 526 1166 duplici
556 1113 688 1152 modo
720 1112 978 1164 agnitionem
1011 1112 1073 1152 sui
1104 1112 1285 1153 animam
1316 1129 1464 1169 capere
1489 1114 1655 1153 debere.

230 1185 348 1239 Quid
379 1186 551 1242 quidem
583 1188 636 1229 sit
668 1189 778 1244 ipsa,
819 1201 858 1230 et
892 1190 1073 1245 qualiter
1102 1201 1344 1240 moveatur,
1375 1189 1420 1229 id
1451 1201 1524 1239 est,
1556 1189 1655 1245 quid

228 1262 271 1303 in
301 1265 541 1318 substantia,
574 1278 615 1307 et
647 1267 749 1323 quid
780 1267 822 1308 iu
856 1268 1078 1308 affectibus
1110 1269 1280 1309 habeat:
1311 1279 1358 1307 ut
1388 1278 1491 1323 puta
1520 1278 1566 1306 ut
1596 1266 1657 1306 in-

227 1341 409 1395 telligat,
440 1343 474 1384 si
504 1344 608 1385 boni
638 1346 814 1387 affectus
844 1347 917 1398 sit,
950 1359 1020 1387 aut
1049 1363 1134 1387 non
1165 1345 1291 1396 boni,
1325 1357 1393 1386 aut
1424 1344 1530 1385 recti
1559 1361 1659 1401 pro-

228 1420 380 1475 positi,
422 1435 492 1463 aut
531 1439 617 1464 non
657 1424 785 1465 recti:
829 1436 870 1465 et
913 1424 1085 1481 quidem
1123 1425 1157 1465 si
1194 1424 1300 1466 recti
1330 1423 1459 1475 sit3),
1498 1422 1532 1463 si
1564 1438 1656 1475 erga

228 1513 373 1539 omnes
405 1499 579 1542 virtutes
623 1503 803 1543 eundem
842 1515 1035 1544 tenorem
1075 1504 1246 1553 habeat,
1292 1513 1377 1543 tam
1419 1501 1461 1541 in
1500 1500 1656 1541 intelli-

227 1577 389 1628 gendo,
431 1595 555 1634 quam
587 1579 628 1619 in
657 1581 844 1632 agendo,
877 1597 926 1622 an
960 1598 1053 1634 erga
1082 1580 1372 1636 necessari-1⁴)
1403 1591 1584 1629 tantum,
1617 1590 1657 1619 et

228 1670 332 1709 quae
374 1654 417 1696 in
458 1669 634 1712 promtu
674 1670 781 1699 sunt.
842 1659 898 1699 Et
933 1671 1077 1700 utrum
1116 1658 1158 1699 in
1191 1674 1241 1699 eo
1281 1658 1358 1708 sit,
1406 1670 1453 1698 ut
1482 1657 1655 1713 recipiat

225 1732 468 1786 profectus,
509 1747 557 1776 ut
582 1734 782 1788 augeatur
822 1736 865 1777 in
904 1736 1124 1778 intellectu
1164 1752 1307 1777 rerum
1345 1747 1656 1791 augmentoque

228 1808 453 1863 virtutum,
485 1828 536 1853 an
566 1813 609 1854 in
643 1813 723 1855 isto
754 1825 836 1856 stet
867 1827 908 1856 et
937 1815 1141 1866 resideat,
1170 1814 1215 1855 in
1247 1814 1362 1870 quod
1391 1812 1534 1870 potuit
1562 1829 1658 1869 per-

228 1887 395 1932 venire:
429 1902 469 1930 et
499 1903 642 1933 utrum
673 1908 767 1945 erga
797 1905 930 1935 semet
958 1893 1092 1950 ipsam
1120 1892 1417 1934 tantummodo
1450 1903 1574 1933 vacet
1590 1907 1656 1932 ex-

228 1965 464 2019 colendam,
496 1971 606 2027 an⁵)
638 1970 729 2011 aliis
760 1972 963 2027 prodesse
1005 1984 1046 2013 et
1086 1972 1277 2013 conferre
1310 1969 1470 2026 aliquid
1498 1969 1656 2010 utilita-

228 2041 279 2084 tis
310 2046 488 2097 studeat,
518 2048 585 2088 vel
616 2047 658 2089 in
687 2050 819 2090 verbo
853 2050 1083 2102 doctrinae,
1115 2050 1183 2091 vel
1213 2050 1255 2090 in
1287 2048 1488 2104 exemplis
1519 2059 1656 2100 gesto-

224 2137 331 2162 rum.
351 2122 391 2179 ⁶)
453 2124 499 2166 Si
530 2142 630 2167 vero
665 2140 915 2180 cognoscat,
953 2139 1086 2168 semet
1125 2127 1259 2182 ipsam
1297 2143 1384 2167 non
1424 2141 1510 2167 esse
1549 2126 1652 2166 boni

224 2198 415 2251 affectus,
446 2218 584 2258 neque
614 2204 719 2245 recti
749 2205 982 2261 propositi,
1019 2204 1062 2245 in
1088 2205 1169 2245 hoc
1201 2204 1318 2261 ipso,
1356 2215 1403 2244 ut
1433 2202 1651 2256 intelligat,

224 2286 369 2319 utrum
399 2278 438 2319 ei
478 2280 573 2321 satis
617 2281 746 2333 desit,
793 2294 834 2323 et
863 2283 1018 2338 procul
1050 2298 1072 2322 a
1103 2281 1170 2322 via
1199 2281 1403 2322 virtutum
1421 2281 1482 2338 ⁷),
1528 2298 1577 2321 an
1609 2282 1651 2322 in

348 2425 387 2481 ¹)
417 2425 527 2470 Edd.
558 2429 619 2470 M.
654 2429 733 2480 ,‚in
762 2429 958 2472 scientiae
991 2429 1213 2482 agnitione.
1229 2436 1251 2455 “

341 2496 384 2552 2)
413 2496 523 2543 Edd.
554 2499 615 2541 M.
647 2512 815 2551 „tamen
844 2502 1036 2557 pluribus
1067 2507 1238 2557 pauca“
1270 2511 1349 2542 etc.

342 2566 384 2623 3)
415 2567 546 2610 Deest
578 2570 701 2621 ‚,sit“
730 2571 774 2612 in
806 2573 868 2614 cd.
901 2572 1050 2614 Ruaei.

343 2637 385 2693 ⁴)
416 2638 526 2681 Edd.
556 2640 618 2681 M.
651 2643 986 2693 „necessarias.“

343 2708 384 2764 ⁵)
414 2709 522 2753 Edd.
556 2710 617 2752 M.
649 2728 737 2761 „an
767 2724 814 2753 ut
844 2713 935 2755 aliis
948 2719 972 2738 “
1004 2725 1081 2755 ete.

341 2778 384 2834 ⁶)
413 2779 525 2822 Edd.
556 2781 619 2822 M·
654 2794 905 2835 „gestorum
935 2796 1033 2840 post
1065 2799 1122 2825 se.
1183 2782 1230 2824 Si
1261 2788 1398 2822 vero“
1429 2793 1506 2823 etc.

342 2849 384 2905 7)
414 2850 524 2892 Edd.
555 2851 616 2892 M.
648 2852 877 2902 „virtutum
909 2855 981 2895 sit:
1022 2870 1072 2894 an
1104 2854 1144 2894 in
1176 2854 1264 2909 ipsa
1295 2852 1377 2909 jam
1406 2853 1543 2908 posita
1574 2851 1645 2891 sit:

223 2904 408 2962 sciatque
441 2908 602 2949 vivere:
635 2920 677 2949 et
708 2909 936 2951 incedere“
970 2923 1048 2952 etc.
