1759 3134
615 152 811 194 HommA
839 150 937 190 XII.
1405 150 1484 194 155

75 264 207 321 possit
243 265 286 304 in
323 276 476 305 terram
504 263 588 305 Dei
626 263 798 316 ingredi.
856 261 968 313 Ergo
1009 260 1203 302 omnibus
1232 260 1388 302 viribus
1419 279 1486 303 ex-

77 342 291 382 cludamus
321 341 733 388 Nabuchodonosor,
772 350 818 378 ut
859 338 910 378 ad
940 338 1111 376 beatum
1140 337 1256 378 istius
1287 339 1486 380 ecclesiae

76 430 329 459 conventum
364 434 450 458 non
488 416 808 472 appropinquet.
881 414 1162 455 Excludamus
1206 426 1345 454 autem
1390 432 1485 456 eum

79 506 331 535 assumentes
371 494 534 534 clavem
574 491 789 532 scientiae:
831 491 1098 531 excludamus
1140 506 1235 530 eum
1267 508 1486 534 conversa-

78 572 192 612 tione
223 582 263 611 et
293 570 411 611 factis
441 569 582 618 bonis,
622 579 667 608 ut
703 583 790 607 non
819 568 953 623 rapiat
982 583 1123 620 regem
1152 568 1408 619 Jerusalem,
1447 582 1488 610 et

79 648 290 703 principes
331 647 441 703 ejus,
481 658 528 686 ut
567 661 655 685 non
685 644 864 683 abducat
895 660 965 684 eos
996 645 1038 685 in
1069 644 1330 702 Babylonem
1360 646 1488 701 capti-

79 723 214 764 vitatis
246 740 342 764 suae
372 722 643 777 triumphum.
703 719 751 762 Si
790 736 890 760 vero
932 720 1115 776 aliquem
1156 737 1203 761 ex
1240 721 1362 762 nobis
1399 722 1488 762 vin-

80 816 172 840 cere
210 800 396 855 potuerit
434 815 577 839 saevus
614 797 828 846 inimicus,
869 797 985 837 ducit
1017 814 1111 838 eum
1140 798 1185 838 in
1212 799 1490 856 Babylonem,

78 893 164 916 non
196 877 238 916 in
270 877 410 916 locum
441 875 629 931 amplum
660 872 834 930 alicujus
864 886 1020 924 terrae,
1051 877 1125 915 sed
1153 876 1196 916 in
1225 876 1489 934 Babylonem

78 954 258 1003 animae,
290 953 333 994 id
362 952 403 1009 ¹)
437 963 516 1002 est,
550 951 853 992 confusionem.
912 951 1175 1008 Frequenter
1205 953 1382 994 diximus
1412 954 1492 994 Ba-

77 1031 277 1087 bylonem
321 1029 687 1079 „confusionem“
730 1028 1007 1084 interpretari.
1081 1029 1335 1086 Quicunque
1381 1032 1491 1071 enim

77 1108 128 1148 ab
160 1124 210 1148 eo
243 1107 374 1148 victus
405 1105 626 1147 abducitur
655 1105 698 1145 in
729 1105 1020 1146 confusionem
1049 1107 1200 1148 mentis
1221 1124 1332 1158 suae,
1362 1120 1494 1149 trans-

77 1185 212 1224 fertur
239 1184 283 1224 in
311 1183 586 1241 Babylonem.
636 1182 924 1238 Respiciamus
955 1185 1005 1224 ad
1035 1185 1322 1239 quotidianam
1350 1185 1490 1227 vitam.

80 1260 127 1302 Si
159 1262 323 1316 quando
355 1259 581 1300 viderimus
611 1260 790 1299 animam
821 1276 843 1300 a
871 1260 1074 1315 peccatis,
1106 1278 1127 1301 a
1160 1261 1282 1311 vitiis,
1313 1279 1335 1302 a
1365 1262 1493 1303 tristi-

80 1337 154 1386 tia,
197 1339 247 1377 ab
286 1337 367 1387 ira,
407 1354 430 1377 a
467 1336 703 1385 desideriis,
744 1339 794 1376 ab
832 1337 1002 1377 avaritia
1043 1339 1268 1387 confundi,
1312 1338 1489 1380 sciamus

78 1413 199 1453 istam
243 1429 349 1462 esse,
392 1428 516 1467 quam
561 1412 754 1452 diabolus
798 1414 977 1453 abducat
1014 1414 1058 1453 in
1095 1414 1371 1471 Babylonem.
1446 1416 1492 1457 Si

80 1506 178 1530 vero
210 1488 433 1545 principali
465 1488 602 1528 cordis
635 1488 927 1544 tranquillitas,
957 1490 1168 1541 serenitas,
1198 1507 1276 1546 pax
1307 1493 1493 1534 fructum

80 1566 247 1617 fecerit3
291 1566 488 1614 sciamus,
534 1565 629 1621 quia
672 1566 905 1607 Jerusalem
951 1577 1139 1607 versetur
1183 1567 1227 1607 in
1274 1584 1340 1609 ea:
1387 1570 1490 1611 visio

81 1643 236 1699 quippe
267 1642 380 1698 pacis
409 1642 657 1682 intrinsecus
688 1655 760 1683 est.

191 1719 230 1763 3.
275 1719 364 1769 „Et
385 1720 428 1774 ²)
467 1719 582 1759 ducit
620 1736 691 1759 eos
729 1720 782 1759 ad
820 1736 863 1760 se
902 1720 943 1760 in
973 1720 1259 1778 Babylonem,
1298 1734 1338 1762 et
1367 1723 1495 1764 sumit

81 1799 132 1838 de
176 1796 333 1838 semine
377 1796 516 1848 regni,
565 1808 605 1836 et
651 1796 837 1852 disponit
879 1797 931 1836 ad
975 1796 1114 1851 ipsum
1157 1808 1494 1841 testamentum.“

82 1876 240 1917 Omnes
263 1874 328 1927 ³),
370 1873 442 1929 qui
469 1889 708 1914 sermonem
735 1873 819 1914 Dei
848 1873 1129 1928 suscepimus,
1158 1875 1321 1928 regium
1351 1894 1495 1919 semen

80 1966 242 1994 sumus:
284 1950 440 1991 etenim
479 1966 641 2002 „genus
665 1949 706 2004 4)
742 1951 960 1990 electum“
990 1967 1210 2002 vocamur,
1253 1965 1293 1994 et
1323 1957 1497 2008 „regale

82 2027 384 2078 sacerdotium,
415 2043 511 2080 gens
541 2039 694 2077 sancta,
724 2026 909 2083 populus
941 2028 1268 2084 acquisitionis.“
1327 2030 1373 2072 Si
1406 2032 1497 2087 quis

84 2123 180 2159 ergo
222 2122 269 2146 ex
306 2104 450 2155 nobis,
495 2104 566 2161 qui
607 2104 650 2145 in
696 2104 843 2145 ordine
884 2105 1032 2157 regalis
1071 2105 1240 2146 seminis
1280 2108 1497 2149 constituti

83 2201 236 2233 sumus,
274 2199 352 2239 per
384 2194 605 2238 peccatum
635 2198 757 2222 suum
789 2183 974 2238 captivus
1006 2183 1230 2225 abducitur
1258 2201 1281 2225 a
1310 2184 1498 2236 diabolo,

205 2378 245 2434 ¹)
285 2377 463 2419 Catenae
492 2379 592 2419 BIss.
645 2413 673 2434 „
693 2378 913 2435 Βαβυλών
943 2376 1234 2436 ἑρμηνεύεται
1265 2380 1496 2439 σύγχυσις.

86 2445 308 2502 Βαβυλών
338 2450 458 2491 ἔστιν
487 2448 511 2504 ἡ
543 2452 617 2504 τῆς
646 2456 807 2500 κακίας
836 2450 936 2500 ἕξις.
986 2453 1235 2506 Συγχέεῖαι
1264 2451 1354 2509 γὰρ
1387 2452 1495 2507 αὐτὴ

90 2517 226 2562 οὐδὲν
257 2515 430 2573 εἰρήνης
461 2520 642 2574 ἔχουσα,
680 2521 784 2565 οὐδὲ
817 2518 1091 2576 ὁμονοίας.“
1154 2522 1331 2562 Ruaeus.

203 2588 245 2643 2)
280 2588 364 2628 Cfr.
395 2589 544 2629 Ezech.
574 2590 712 2640 XVII,
745 2591 808 2634 12.

203 2659 246 2712 ³)
279 2657 458 2698 Catenae
475 2659 576 2699 Mss.
621 2664 853 2720 ,,Σπε’ρμα
886 2662 1112 2715 βασιλείας
1132 2664 1248 2704 εἰσὶν
1279 2663 1321 2704 οἱ
1347 2679 1498 2719 παρα-

90 2724 324 2785 δεξάμενοι
359 2726 438 2770 τὸν
467 2726 607 2783 λόγον
644 2733 722 2773 τοῦ
757 2733 891 2786 θεοῦ,
937 2727 1028 2780 οἶος
1059 2729 1080 2774 ὁ
1113 2731 1312 2787 Δανιὴλ,
1353 2735 1429 2775 καὶ
1460 2734 1502 2774 οἱ

92 2803 204 2856 τρεῖς
237 2799 454 2846 παῖδες.“
516 2799 696 2842 Ruaeus.

206 2868 248 2923 4)
280 2867 429 2909 metr,
462 2869 517 2919 11,
547 2869 586 2912 9.
