1759 3134
225 167 309 211 416
525 174 746 215 OmGEle
776 183 822 212 m
853 170 1034 212 CANTm.
1067 169 1367 214 CANTJCORUM

230 291 351 344 cta¹)
392 299 463 328 est.
523 284 792 326 Redimicuta
835 285 901 326 hic
945 283 1047 324 dicit
1088 283 1411 325 constrictiones
1450 284 1515 324 vel
1556 300 1655 324 con-

227 367 428 409 nexiones
456 363 706 414 monilium,
747 378 851 419 quae
888 362 929 402 in
963 360 1194 402 cervicibus
1224 362 1370 403 sedere
1401 361 1560 411 solent,
1608 377 1656 401 ex

228 445 379 502 quibus
411 440 656 492 deducitur,
688 452 729 481 et
760 439 977 482 descendit
1008 455 1085 495 per
1116 454 1241 480 omne
1275 438 1437 480 collum
1465 438 1653 494 reliquus

230 533 411 563 ornatus.
470 519 559 576 Ipsi
581 534 677 571 ergo
703 530 966 568 ornamentO,
999 517 1113 573 quod
1139 516 1371 558 cervicibus
1403 517 1504 570 et2)
1535 512 1649 556 eollo

226 599 392 657 imponi
430 589 562 647 solet,
610 595 818 636 cervicem
856 611 1032 651 sponsae
1075 594 1347 651 comparavit.
1417 593 1549 648 Quod
1591 592 1652 633 di·

228 690 342 720 ctum
384 677 442 718 ita
481 673 748 717 advertimus.
811 673 1031 715 Cervicem
1063 673 1242 714 diximus
1272 670 1579 729 subjectionem
1612 681 1652 710 et

227 753 513 796 obedientiam
544 750 649 801 dici,
678 767 758 806 pro
793 767 865 801 eo,
909 752 1025 807 quod
1057 751 1172 808 quasi
1201 749 1346 808 jugum
1379 747 1535 790 Christi
1564 763 1649 788 sus·

226 833 375 889 cipiat,
414 843 455 872 et
483 829 585 871 fidei
629 827 716 886 ejus
748 828 1035 871 obedientiam
1067 830 1279 885 praebeat.
1342 826 1650 869 Ornamentum

226 926 324 963 ergo
377 908 549 950 cervicis
600 906 709 963 ejus,
767 923 871 963 quae
921 919 981 948 est
1032 906 1296 956 obedientia,
1345 904 1532 947 Christus
1576 915 1647 944 est.

225 990 321 1044 Ipse
354 986 465 1028 enim
501 985 621 1041 prior
661 986 888 1041 „sactus³)
933 997 993 1025 est
1032 985 1235 1025 obediens
1274 1000 1407 1039 usque
1447 983 1499 1023 ad
1537 998 1650 1022 mor-

224 1071 368 1106 tem:“
400 1076 442 1105 et
473 1063 612 1114 „sicut
629 1061 672 1118 4)
704 1076 781 1118 per
809 1062 990 1112 unius,“
1023 1088 1073 1094 —
1105 1063 1221 1102 Adae
1252 1060 1434 1112 scilicet,
1469 1083 1519 1089 —
1553 1060 1649 1110 „in-

226 1140 512 1182 obedientiam
541 1151 785 1195 peccatores
824 1139 1042 1180 constituti
1082 1150 1178 1180 sunt
1207 1138 1353 1179 multi:
1392 1138 1451 1179 ita
1493 1150 1533 1179 et
1572 1154 1650 1194 per

224 1219 345 1260 unius
377 1216 722 1266 obedientiam,“
756 1241 807 1249 -
849 1215 1005 1258 Christi
1038 1217 1257 1266 duntaxat,
1290 1242 1341 1248 —
1383 1215 1519 1272 „justi
1551 1232 1649 1256 con-

225 1298 452 1338 stituentur
479 1295 657 1336 multi.“
720 1294 1029 1336 Ornamentum
1059 1310 1157 1347 ergo
1196 1305 1237 1334 et
1274 1293 1433 1334 monile
1476 1293 1649 1334 cervicis

227 1374 428 1417 ecclesiae
461 1373 706 1414 obedientia
738 1371 891 1414 Christi
923 1384 994 1413 est.
1056 1373 1142 1414 Sed
1183 1383 1223 1413 ct
1257 1371 1393 1413 cervix
1435 1371 1649 1421 ecclesiae,

225 1454 270 1494 id
296 1465 370 1504 est,
402 1451 645 1493 obedientia
667 1450 753 1509 ejus
781 1449 929 1491 similis
948 1450 1100 1491 effecta
1119 1461 1180 1491 est
1197 1448 1463 1490 obedientiae
1482 1448 1650 1499 Christi,

225 1532 342 1588 quod
373 1543 434 1572 est
462 1528 624 1571 monile
657 1527 844 1572 cervicis.
903 1529 1056 1581 RIagna
1086 1544 1183 1581 ergo
1216 1528 1262 1569 in
1290 1527 1373 1568 hoc
1404 1527 1492 1568 laus
1523 1544 1644 1583 spon-

224 1627 292 1652 sae
324 1621 410 1660 est,
449 1624 596 1661 magna
627 1606 827 1647 ecclesiae
859 1605 1015 1658 gloria,
1055 1607 1128 1647 ubi
1157 1605 1338 1647 imitatio
1383 1605 1649 1646 obedientiae

225 1687 312 1746 ejus
344 1696 598 1742 exaequatur
629 1683 896 1725 obedientiae
927 1682 1104 1733 Christi,
1137 1699 1262 1739 quam
1281 1683 1320 1735 ⁵)
1353 1683 1542 1724 imitatur
1583 1700 1651 1723 ec—

225 1765 362 1807 clesia.
421 1764 539 1805 Haec
578 1762 669 1818 ipsa
706 1761 867 1817 species
905 1760 1075 1802 monilis
1118 1761 1245 1802 etiam
1283 1760 1327 1801 in
1368 1760 1524 1802 Genesi
1561 1778 1651 1802 me-

222 1854 413 1885 moratur
453 1858 476 1882 a
511 1841 623 1882 Juda
660 1840 895 1896 patriarcha
926 1840 1110 1881 Thamar
1149 1837 1274 1880 nurui
1312 1855 1430 1889 suae,
1480 1840 1648 1896 quando

225 1938 321 1962 cum
350 1937 398 1962 ea
430 1918 546 1976 quasi
577 1935 673 1960 cum
703 1917 928 1959 meretrice
957 1917 1199 1968 concubuit,
1235 1917 1341 1958 data.
1401 1916 1533 1972 Quod
1561 1934 1649 1958 non

224 1999 421 2042 omnibus
463 2009 581 2054 patet
626 1995 885 2055 mysterium
957 1995 1214 2048 Intelligitur
1260 2012 1337 2051 per
1381 1995 1486 2047 hoc,
1534 1997 1651 2052 quod

224 2079 411 2121 Christus
442 2076 666 2125 eeclesiae,
709 2091 835 2131 quam
866 2062 914 2115 ex
943 2073 1179 2114 multorum
1220 2074 1465 2126 dogmatum
1493 2072 1648 2128 prosti-

220 2155 390 2196 tutione
422 2155 672 2206 collegerat,
703 2153 869 2193 futurae
900 2151 1172 2209 perfectionis
1199 2151 1302 2192 haec
1321 2150 1438 2202 dedit
1457 2150 1646 2207 pignora,

222 2244 264 2274 et
292 2232 406 2275 istud
435 2231 702 2273 obedientiae
732 2230 893 2272 monile
926 2229 1078 2270 cervici
1111 2228 1198 2285 ejus
1229 2228 1445 2285 imposuit.

334 2309 735 2366 ‚,Sirnilitudines⁶)
774 2307 865 2350 auri
893 2307 1094 2349 faciemus
1132 2306 1212 2348 tibi
1244 2323 1340 2348 cum
1366 2306 1646 2348 distinctioni-

342 2473 380 2528 ¹)
410 2471 520 2513 Edd.
551 2470 613 2512 M.
652 2470 799 2521 „facta
828 2480 890 2510 est
918 2468 1025 2510 sicut
1053 2468 1317 2510 redimicula.
1375 2468 1644 2511 Redimicula

221 2532 322 2573 haec
352 2528 492 2572 dicit“
523 2539 600 2569 etc.

337 2603 382 2658 ²)
412 2602 578 2642 Desunt
608 2597 754 2638 verba:
787 2607 867 2647 „et
899 2595 1072 2648 collo“,
1102 2595 1144 2637 in
1176 2596 1271 2637 edd.
1302 2595 1365 2638 M.

336 2672 381 2729 ³)
408 2671 494 2713 Cfr.
525 2666 712 2724 Philipp.
746 2667 802 2717 II,
834 2666 872 2710 8.

338 2742 381 2799 ¹¹)
414 2742 499 2784 Cfr.
534 2741 660 2782 Rom.
692 2738 742 2787 V,
775 2737 840 2780 19.
872 2766 924 2774 —
963 2737 1042 2778 Ed.
1072 2736 1227 2777 Ruaei:
1258 2735 1640 2785 ‚,constituuntur.“

340 2812 380 2866 ⁵)
412 2812 520 2852 Edd.
552 2811 612 2851 M.
645 2824 798 2864 „quem
831 2833 883 2838 —
914 2806 1101 2847 ecclesia.
1151 2807 1265 2847 Haec
1297 2805 1401 2847 item
1431 2807 1520 2862 ipsa
1550 2823 1644 2863 spe-

222 2869 304 2911 cies
334 2868 506 2909 monilis
536 2868 579 2907 in
610 2864 802 2907 Genesi“
835 2877 912 2904 etc.
945 2890 994 2895 —
1030 2864 1114 2905 Cfr.
1150 2863 1301 2904 Genes.
1332 2864 1575 2905 XXXVIII.

340 2939 383 2995 6)
416 2937 575 2980 Cantic.
607 2938 641 2986 I,
674 2935 737 2979 11.
771 2934 833 2979 12.
867 2959 916 2967 —-
949 2934 1057 2979 Edd.
1088 2934 1151 2974 M.
1182 2932 1346 2983 „facies
1376 2933 1487 2974 tibi“
1520 2945 1596 2973 etc.
