1759 3134
242 176 327 220 414
538 176 758 218 Omonms
788 191 833 219 m
867 179 1049 220 CANTm.
1082 178 1383 220 CAN‘mconoM

242 289 367 346 plura
400 290 510 346 de’)
540 290 621 330 hoc
660 290 934 347 disputasset,
967 292 1018 331 ad
1055 290 1253 332 ultimum
1286 290 1387 331 dicit
1404 289 1468 345 ²):
1501 290 1665 346 „vos³)

243 380 384 409 autem
428 367 522 409 estis
566 384 718 424 corpus
760 368 936 419 Christi,
978 380 1020 409 et
1057 370 1246 409 membra
1292 384 1339 408 ex
1379 372 1546 422 parte.“
1613 364 1668 405 Et

243 445 398 486 iterum
457 446 510 487 ad
547 445 753 502 Ephesios
795 445 1002 497 scribens,
1051 446 1152 487 dicit
1175 446 1240 502 4);
1290 442 1504 501 „subjecti
1530 443 1571 498 ⁵)
1606 442 1668 484 in-

243 522 379 564 vicem
417 523 459 564 in
513 523 666 565 timore
708 524 874 566 Christi.
945 523 1150 565 Mulieres
1189 522 1286 564 viris
1332 520 1415 562 suis
1459 520 1668 579 subjectae

243 600 326 641 sint
357 600 464 642 sicut
491 601 706 642 Domino:
752 601 848 657 quia
889 602 952 641 vir
984 613 1108 656 caput
1138 611 1200 642 est
1235 598 1446 649 mulieris,
1491 598 1597 639 sicut
1628 609 1667 638 et

245 677 434 720 Christus
461 690 522 719 est
554 690 678 735 caput
710 677 934 728 ecclesiae,
975 679 1063 734 ipse
1095 678 1291 720 Salvator
1321 674 1523 732 corporis.
1584 675 1668 718 Sed

242 754 351 796 sicut
394 755 569 796 ecclesia
608 753 794 813 subjecta
833 768 896 797 est
926 756 1115 807 Christo,
1162 755 1221 797 ita
1261 766 1302 795 et
1341 752 1541 795 mulieres
1572 752 1670 794 viris

242 831 326 873 suis
370 832 412 873 in
451 832 662 876 omnibus.
719 832 833 885 Viri,
881 832 1040 886 diligite
1079 849 1230 874 uxores
1270 843 1446 881 vestras,
1491 830 1598 873 sicut
1630 840 1670 870 et

245 908 434 951 Christus
465 910 613 951 dilexit
643 910 863 953 ecclesiam
902 928 1040 962 suam,
1088 923 1129 951 et
1158 922 1292 952 semet
1327 909 1468 966 ipsum
1496 908 1670 950 tradidit

243 1003 323 1042 pro
363 1004 430 1040 ea,
476 1000 524 1029 ut
564 1005 656 1030 eam
685 989 962 1031 sanctificaret
992 991 1158 1030 lavacro
1189 1004 1320 1044 aquae
1351 987 1392 1028 in
1424 988 1576 1038 verbo,
1621 998 1667 1027 ut

242 1064 332 1121 ipse
363 1066 444 1107 sihi
473 1079 743 1123 praepararet
773 1068 1000 1119 gloriosam
1041 1066 1287 1116 ecclesiam,
1326 1083 1412 1107 non
1443 1066 1667 1106 habentem

242 1142 465 1193 maculam,
496 1154 567 1184 aut
596 1159 762 1196 rugam,
795 1156 865 1184 aut
895 1144 1056 1200 aliquid
1085 1143 1352 1202 hujusmodl,
1383 1143 1456 1184 sed
1486 1154 1533 1183 ut
1564 1153 1670 1184 esset

242 1232 383 1261 sancta
413 1232 455 1261 et
484 1220 792 1263 immaculata.“
851 1221 906 1263 Et
936 1233 1036 1277 post
1065 1237 1218 1277 pauca:
1252 1237 1412 1271 „nemo
1431 1221 1489 1276 6),
1521 1220 1670 1277 inquit,

244 1297 355 1339 enim
387 1299 614 1356 aliquando
647 1316 815 1341 carnem
852 1316 968 1340 suam
1000 1299 1101 1340 odio
1144 1298 1310 1348 habuit,
1353 1299 1427 1338 sed
1465 1298 1597 1339 nutrit
1629 1310 1668 1338 et

242 1376 360 1416 fovet
391 1393 497 1426 eam,
530 1377 637 1418 sicut
668 1389 709 1418 et
740 1377 930 1419 Christus
972 1377 1214 1428 ecclesiam,
1262 1376 1332 1432 qui
1375 1377 1562 1417 membra
1603 1393 1667 1416 su—

242 1469 334 1494 mus
375 1454 566 1510 corporis
599 1453 746 1512 ejus,“
793 1454 891 1510 et7)
933 1454 1107 1511 reliqua.
1167 1455 1251 1496 Per
1292 1454 1394 1495 haec
1439 1470 1536 1507 ergo
1569 1455 1670 1495 edo-

242 1548 410 1582 cemur,
442 1532 661 1588 quomodo
692 1548 845 1588 sponsa
877 1531 1053 1582 Christi,
1085 1547 1189 1589 quae
1223 1543 1284 1573 est
1315 1531 1513 1582 ecclesia,
1544 1532 1668 1572 etiam

241 1609 294 1649 sit
324 1626 477 1665 corpus
511 1608 597 1667 ejus
630 1620 671 1649 et
699 1609 901 1650 membra.
962 1609 1006 1651 Si
1028 1625 1125 1662 ergo
1150 1609 1291 1651 audias
1319 1608 1461 1665 sponsi
1480 1610 1668 1650 membra

239 1687 472 1739 nominari,
512 1687 714 1728 ecclesiae
745 1687 935 1727 membra
966 1686 1048 1728 dici
1079 1686 1280 1738 intellige.
1329 1686 1377 1727 Iu
1409 1686 1560 1741 quibus
1589 1687 1664 1727 sic-

240 1776 288 1805 ut
316 1777 412 1807 sunt
440 1764 593 1822 aliqui,
633 1765 705 1821 qui
745 1764 943 1806 dicuntur
971 1763 1100 1815 oculi,
1130 1780 1210 1820 pro
1241 1762 1544 1816 intelligentiae
1579 1763 1666 1805 sine

241 1842 373 1884 dubio
418 1859 464 1884 ac
502 1842 702 1884 scientiae
760 1843 941 1895 lumine,
989 1854 1030 1884 et
1067 1841 1139 1882 alii
1177 1857 1296 1883 aures
1335 1857 1415 1897 pro
1454 1842 1664 1886 audiendo

240 1921 371 1961 verbo
404 1920 634 1972 doctrinae,
666 1920 739 1962 alii
768 1938 914 1962 manus
944 1937 1023 1978 pro
1055 1919 1176 1962 bonis
1209 1919 1408 1975 operibus
1438 1920 1663 1974 religiosis-

242 2014 323 2054 que
352 1998 619 2050 ministeriis,
662 1999 721 2041 ita
737 2000 778 2057 8)
820 2011 914 2041 sunt
945 1998 1016 2040 alii
1056 2010 1097 2039 et
1141 1997 1213 2054 qui
1243 2013 1370 2050 genae
1402 1996 1488 2057 ejus
1519 1998 1666 2054 appel-

239 2075 391 2118 lentur.
454 2077 598 2118 Genae
639 2088 779 2118 autem
810 2089 948 2133 partes
989 2077 1129 2118 vultus
1169 2075 1385 2126 dicuntur,
1429 2075 1472 2117 in
1515 2076 1664 2132 quibus

238 2153 433 2196 honestas
465 2167 506 2195 et
536 2155 788 2196 verecundia
817 2155 979 2197 animae
1018 2153 1275 2206 agnoscitur:
1316 2170 1394 2209 per
1432 2153 1546 2209 quod
1578 2153 1664 2194 sine

239 2232 372 2273 dubio
404 2233 469 2273 illi
496 2232 539 2273 in
569 2233 772 2274 membris
803 2232 1003 2275 ecclesiae
1035 2231 1319 2282 declarantur,
1363 2230 1436 2286 qui
1467 2232 1663 2273 castitatis

240 2320 282 2352 et
311 2309 542 2367 pudicitiae
575 2310 774 2351 excolunt
803 2310 1075 2352 honestatem.
1122 2309 1208 2350 Pro
1237 2309 1300 2350 his
1330 2324 1428 2362 ergo
1462 2310 1514 2351 ad
1538 2326 1662 2351 omne

359 2530 399 2588 1)
429 2529 597 2572 Desunt
627 2531 773 2571 verba:
806 2529 895 2581 „de
927 2529 1043 2569 hoc“
1075 2527 1119 2568 in
1148 2528 1243 2569 edd.
1275 2527 1336 2569 M.

356 2603 400 2656 ²)
431 2601 540 2643 Edd.
571 2602 634 2643 M.
665 2600 853 2652 ,‚dixit.“
973 2600 1015 2656 ³)
1047 2601 1067 2640 I
1089 2599 1186 2641 Cor.
1217 2598 1317 2648 XII,
1347 2595 1414 2640 27.

354 2671 398 2726 ⁴)
430 2671 538 2712 Edd.
571 2671 632 2713 M.
663 2669 846 2721 „dixit.“
969 2669 1010 2726 ⁵)
1041 2667 1127 2711 Cfr.
1159 2668 1313 2724 Ephes.
1343 2668 1394 2718 V,
1425 2666 1475 2711 21
1494 2668 1623 2712 —27.

358 2742 401 2794 6)
437 2741 524 2783 Cfr.
555 2741 707 2798 EpheS.
739 2741 790 2791 V,
820 2740 886 2783 29.
920 2738 986 2783 30.
1027 2762 1077 2770 -
1119 2738 1230 2780 Edd.
1260 2739 1322 2780 M.
1354 2750 1433 2789 „et
1462 2739 1591 2780 nutrit
1622 2751 1662 2780 et

242 2799 399 2840 fovet“
432 2809 509 2840 etc.

362 2870 402 2925 7)
434 2868 543 2909 Edd.
575 2869 635 2910 M.
669 2879 744 2919 „et
775 2868 949 2924 reliqua.
1010 2867 1105 2907 Hoc
1137 2872 1273 2919 ergo“
1304 2877 1382 2906 etc.

357 2939 400 2995 8)
432 2938 540 2980 Edd.
573 2939 630 2981 Μ.
661 2938 753 2990 „ita
785 2950 821 2979 et
854 2950 947 2979 sunt
977 2938 1066 2989 alii,
1097 2937 1169 2993 qui
1201 2949 1240 2978 et
1272 2941 1436 2988 genae“
1468 2947 1545 2976 etc.
