1759 3134
634 159 680 189 m
710 145 999 187 Ezsscfflssfflm
1448 137 1529 183 197

103 274 207 306 νους
236 255 315 301 τὸν
345 255 588 316 προφήτην
627 258 703 299 καὶ
741 252 1014 312 σχετλιάζειν
1048 254 1417 311 ἀγανακτοῦντας
1445 254 1524 296 ἐπὶ

102 340 193 383 τοῖς
224 332 618 393 ἁμαρτανομένοις
647 336 723 377 καὶ
749 332 1079 390 ἀφοσιοῦσθαι,
1114 331 1172 381 ὠς
1201 331 1410 388 οὐδαμοῦ
1441 329 1521 374 εὐ-

100 413 349 460 δοκοῦντας
377 416 468 460 τοῖς
487 414 747 469 γινομένοις
761 408 886 466 παρὰ
903 407 983 452 τὸν
1007 406 1150 466 ὀρθὸν
1178 407 1334 465 λόγον.
1390 404 1520 464 Τάχα

96 489 147 532 δὲ
174 491 249 532 καὶ
271 491 526 546 κροτοῦμεν
543 491 592 548 τῇ
616 490 754 547 χειρὶ,
787 485 850 542 μὴ
873 483 1238 544 συμπράττοντες
1252 491 1344 534 τοῖς
1364 475 1518 543 ἁμαρ-

95 564 305 609 τάνουσι·
340 571 517 623 ψοφεῖν
547 565 597 608 δὲ
625 562 858 622 λεγὸμεθα
887 566 949 620 τῷ
980 563 1117 617 ποδὶ,
1155 560 1220 618 μὴ
1251 576 1517 619 συμπορευ-

92 640 251 699 όμενοι
270 641 443 690 αὐτοῖς·
475 644 550 683 καὶ
569 645 762 697 λέγομεν
786 637 1114 696 σχετλιάζοντες
1134 637 1209 683 τό·
1240 631 1380 696 ,,εῧγε
1400 639 1442 693 ¹)
1459 653 1469 663 ·
1487 640 1515 662 ‘⁶

92 718 246 763 οὐδενὶ
274 717 551 777 βδελύγματι
583 715 704 775 λόγῳ
733 715 760 773 ἢ
792 719 912 778 ἔργῳ
940 720 1391 774 συγκατατιθέμενοι.

542 1048 812 1108 Κεφάλαιον
841 1051 1056 1107 ἕβδομον.

202 1160 369 1216 ,,Τάὸ“ε
395 1165 442 1217 2)
487 1166 606 1219 λέγει
652 1162 855 1207 Ἀδωναῖ·
895 1161 1049 1223 κύριος
1094 1165 1144 1224 τῇ
1190 1166 1247 1223 γῇ
1289 1161 1511 1221 ’[σραήλ.“

85 1238 329 1296 (Ηγοῦμαι,
361 1240 548 1296 ἐπείπερ
584 1238 609 1293 ἡ
641 1245 898 1298 προφητεία
939 1243 988 1300 τῇ
1026 1243 1084 1300 γῇ
1123 1243 1201 1284 τοῦ
1228 1238 1404 1297 Ἰσραὴλ
1433 1242 1511 1283 λε’-

84 1332 209 1373 γεται
239 1314 264 1370 ἡ
295 1318 399 1373 περὶ
438 1318 517 1359 τοῦ
560 1313 747 1370 ἥκοντος
775 1320 983 1375 πέρατος,
1016 1314 1082 1360 ὅτι
1114 1319 1162 1359 αἱ
1191 1321 1407 1374 πτέρυγες
1435 1319 1511 1371 τῆς

82 1395 164 1449 γῆς
197 1395 239 1435 οἱ
258 1390 643 1448 ’ὃιορατικώτατοί
655 1397 741 1436 εἰσι
764 1396 841 1434 καὶ
860 1392 1200 1453 μετεωροπόροι
1229 1392 1354 1450 παρὰ
1385 1391 1507 1436 πάν-

85 1486 161 1517 τας
191 1468 293 1517 τοὺς
322 1470 399 1512 ἐπὶ
428 1474 504 1523 τῆς
532 1471 628 1525 γῆς.
689 1472 782 1511 Καὶ
821 1470 950 1514 αὐτοὶ
990 1469 1067 1514 διὰ
1098 1471 1147 1514 τό
1179 1473 1310 1528 σῶμα
1339 1473 1508 1526 λεχθη-

84 1545 270 1603 σόμενοι
302 1542 361 1589 ἂν
390 1541 480 1589 εἶέν
508 1563 604 1594 πως
635 1547 684 1588 ἐκ
714 1549 788 1601 τῆς
815 1550 911 1604 γῆς.
970 1552 1064 1591 Καὶ
1093 1552 1159 1603 εἴη
1192 1545 1250 1592 ἂν
1281 1547 1304 1592 ὁ
1331 1546 1508 1606 Ἰσραὴλ

81 1627 127 1666 αἱ
156 1627 371 1679 πτέρυγες
400 1625 476 1678 τῆς
504 1625 601 1678 γῆς,
632 1626 709 1665 καὶ
732 1623 903 1667 οἱκατὰ
929 1623 1008 1669 τὸν
1038 1631 1167 1669 θεῖον
1197 1622 1346 1683 νόμον
1374 1627 1508 1680 βιοῦν

79 1702 420 1757 δεδιδαγμένοι.
475 1698 584 1742 Ἀπὸ
616 1698 788 1744 τούτων
816 1700 906 1757 γὰρ
936 1705 1028 1745 τῶν
1052 1699 1289 1761 πτερύγων
1316 1704 1394 1755 τῆς
1422 1704 1506 1758 γῆς

80 1782 239 1837 τέρατα
260 1774 535 1833 ἠκούσαμεν,
568 1774 721 1825 καθώς
741 1777 1109 1834 φησιν’]Ισαΐας·
1142 1776 1301 1835 ,,κύριε
1315 1777 1374 1832 3),
1410 1776 1504 1821 ἀπὸ

80 1858 169 1897 τῶν
187 1851 426 1912 πτερύγων
444 1856 516 1907 τῆς
545 1856 628 1910 γῆς
656 1857 818 1911 τέρατα
851 1853 1173 1914 ἠκούσαμεν·“
1202 1859 1308 1910 τῶν,
1340 1855 1394 1898 ἵν’
1419 1853 1503 1898 οὕ-

78 1950 162 1980 τως
191 1935 318 1985 εἴῖιω,
354 1931 560 1986 ιῖπτέρων
592 1934 667 1986 τῆς
706 1935 791 1987 γῆς
823 1936 985 1990 τέρατα
1028 1937 1177 1990 λέγειν
1212 1933 1293 1977 οὐκ
1313 1934 1502 1976 ἐπιστα-

76 2013 245 2067 μένων.
313 2010 420 2056 ΙΙιῦς
458 2006 548 2064 γαρ
590 2007 640 2051 οὐ
680 2012 896 2066 πτέρυγες
932 2013 1006 2064 τῆς
1044 2013 1128 2066 γῆς
1168 2013 1211 2053 οἱ
1249 2008 1502 2068 πεφυκότες

76 2090 352 2143 πτεροφυεῐν
367 2083 409 2140 ⁴)
443 2083 501 2133 ὠς
532 2083 676 2138 ιἰετοί,·
715 2089 935 2145 Τέσσαρες
967 2088 1016 2130 δὲ
1047 2093 1264 2147 πτέρυγες
1290 2090 1499 2145 λέγονται

73 2162 125 2206 τὰ
165 2161 323 2219 γενικά
358 2164 553 2218 τέσσαρα
592 2154 830 2218 τάγματα,
879 2168 940 2213 εἰς
979 2161 1007 2207 ιῖ
1049 2166 1287 2223 διαιρεῖται
1315 2168 1501 2223 πρῶτον

74 2241 159 2295 μὲν
189 2241 265 2282 καὶ
283 2235 470 2281 πάντων
491 2236 725 2295 ὑπερέχων
756 2239 778 2283 ὁ
802 2239 922 2290 οἶκος
939 2230 1111 2301 Ἀαρών
1126 2256 1136 2266 ·
1167 2244 1265 2297 ἑξῆς
1283 2242 1333 2285 δὲ
1354 2239 1498 2299 τούτῳ

80 2316 102 2359 ὁ
137 2314 257 2365 οἶκος
286 2318 427 2371 Λευῒ,
459 2318 535 2358 καὶ
564 2320 716 2376 τρίτον
746 2315 769 2361 ὁ
797 2318 986 2376 Ἰσραὴλ,
1019 2322 1096 2363 καὶ
1127 2321 1204 2363 ἐπὶ
1232 2323 1397 2376 πᾶσιν,
1438 2318 1497 2369 ὦς

79 2394 220 2452 ἕτεροι
248 2391 372 2450 παρὰ
401 2390 598 2448 τούτους,
633 2396 676 2437 οἱ
706 2394 990 2453 φοβούμενοι
1022 2396 1101 2440 τόν
1129 2395 1304 2455 κύριον.
1374 2394 1493 2453 „05-

78 2488 154 2520 κος
171 2470 215 2526 ⁵)
245 2468 333 2529 γὰρ
359 2469 533 2531 Ἰσραὴλ
549 2467 739 2526 ἤλπισεν
763 2474 839 2517 ἐπὶ
857 2471 1038 2532 κύριον·
1069 2473 1238 2530 βοηθὸς
1256 2477 1331 2518 καὶ
1349 2473 1491 2534 ὑπερ-

201 2673 237 2728 ¹)
269 2672 418 2711 Ezech.
451 2672 523 2721 Vl,
557 2671 620 2714 11.
739 2674 782 2729 2)
813 2674 898 2717 Cfr.
929 2676 1079 2717 Ezech.
1111 2676 1204 2717 Vll.
1238 2676 1277 2719 2.

194 2743 235 2797 ³)
269 2742 354 2783 Csr.
385 2739 507 2782 Jcsai.
539 2742 627 2791 XL,
657 2740 723 2784 31.
904 2754 905 2757 ’

195 2811 236 2866 ⁴)
270 2811 355 2852 Cfr.
385 2808 468 2851 Jes.
502 2812 590 2860 XL,
621 2811 687 2855 31.
721 2813 820 2854 coll.
852 2831 941 2870 pag.
974 2814 1066 2859 196.
1096 2828 1183 2858 not.
1215 2817 1253 2860 6,

196 2882 236 2936 ““)
269 2882 353 2924 Csr.
388 2882 539 2923 Psalm.
575 2881 702 2934 CXV,
736 2883 799 2927 10.
831 2884 1026 2941 (CXIV.)
