1759 3134
691 111 829 152 LIBER
859 110 912 150 ΙΙ.
1430 111 1512 157 427

98 226 172 265 sed
201 223 235 266 si
266 223 332 264 cui
365 223 481 264 deest
510 220 706 270 eruditio,
737 231 778 260 et
806 219 848 260 in
879 236 959 275 qua
989 232 1050 262 est
1077 221 1244 274 exiguus
1274 223 1512 266 intellectus

98 319 146 343 ac
175 300 346 342 minima
374 297 538 354 peritia,
567 298 673 338 hanc
697 296 916 352 parvulam
941 297 1118 339 dicimus
1140 299 1334 344 animam.
1381 301 1514 354 Igitur

101 379 200 420 haec
238 376 330 418 fieri
383 373 601 416 convenit:
647 373 874 429 „usque¹)
915 390 998 430 quo
1037 391 1109 416 rex
1149 375 1202 418 sit
1239 376 1281 418 in
1322 377 1514 420 recubitu

99 459 237 496 suo:“
267 453 311 493 id
342 463 414 501 est,
445 467 577 507 usque
609 467 692 507 quo
722 449 766 491 in
795 449 840 490 id
869 450 1065 505 proficiat
1093 452 1336 511 hujusmodi
1366 455 1515 505 anima,

100 543 147 572 ut
188 529 322 585 capiat
358 544 522 582 regem,
568 538 609 568 et
637 515 786 569 habeat
814 529 1133 569 recumbentem
1170 529 1213 570 iu
1252 542 1383 573 semet
1413 532 1515 588 ipsa.

100 608 170 650 Sic
201 605 314 648 enim
344 604 446 647 dicit
475 604 542 645 hic
571 621 669 655 rex,
701 604 797 662 quia
828 605 1060 656 „habitabo
1077 606 1118 659 ²)
1147 604 1191 647 in
1220 606 1284 657 iis,
1316 619 1357 649 et
1386 607 1518 650 inam-

98 685 256 725 bulabo
288 683 331 724 in
358 682 465 734 iis,“
494 682 689 737 profecto
722 682 794 738 qui
823 694 981 724 tantam
1013 683 1141 724 verbo
1170 683 1255 725 Dei
1286 684 1424 725 cordis
1455 685 1519 727 sui

101 760 365 802 latitudinem
394 760 619 816 praebent,
654 770 703 800 ut
731 759 856 800 etiam
887 759 931 800 in
958 760 1009 801 iis
1040 760 1311 802 deambulare
1342 761 1520 812 dicatur,

100 837 242 894 spatiis
273 836 434 878 scilicet
463 835 740 891 amplioribus
769 836 1084 890 intelligentiae,
1113 836 1419 895 agnitionisque
1439 839 1520 880 dif-

103 912 282 962 fusioris.
342 914 404 954 Ita
436 929 533 965 ergo
565 924 606 954 et
635 914 836 954 recubare
869 913 1024 955 dicitur
1061 914 1105 955 in
1142 914 1279 955 anima
1318 915 1392 957 illa
1430 916 1520 957 sine

101 990 256 1041 dubio,
297 990 349 1031 de
380 1005 462 1045 qua
499 989 588 1046 ipse
617 990 829 1032 Dominus
862 991 964 1033 dicit
997 1008 1075 1048 per
1103 992 1376 1048 prophetam:
1418 1023 1442 1042 ‚,
1456 1009 1524 1033 su-

101 1068 239 1123 per3)
270 1082 395 1122 quem
425 1066 709 1123 requiescam,
749 1067 828 1108 nisi
857 1084 985 1124 super
1013 1069 1216 1110 humilem
1248 1080 1290 1110 et
1319 1069 1523 1126 quietum,

106 1156 145 1186 et
173 1155 426 1186 trementem
455 1160 670 1185 sermones
698 1145 876 1187 meos?“
931 1145 1071 1187 Habet
1101 1162 1199 1200 ergo
1228 1162 1300 1187 rex
1329 1146 1420 1198 iste,
1451 1147 1525 1203 qui

104 1234 165 1263 est
192 1238 330 1263 sermo
362 1221 460 1271 Dei,
491 1221 533 1262 in
563 1221 637 1262 illa
666 1222 824 1272 anima,
856 1239 961 1279 quae
989 1222 1074 1281 jam
1103 1225 1156 1265 ad
1185 1225 1424 1280 perfectum
1455 1242 1527 1266 ve-

105 1299 226 1350 nerit,
256 1299 495 1340 recubitum
524 1315 666 1339 suum:
712 1299 747 1340 si
787 1311 927 1340 tamen
964 1317 1053 1341 non
1093 1300 1146 1341 sit
1186 1300 1229 1342 in
1268 1317 1315 1343 ea
1353 1302 1527 1359 aliquod

107 1377 279 1426 vitium,
309 1378 384 1418 sed
413 1377 539 1432 plena
568 1376 621 1417 sit
650 1376 890 1427 sanctitate,
919 1377 1046 1432 plena
1075 1377 1256 1433 pietate,
1286 1380 1394 1430 fide,
1425 1381 1528 1422 cari—

107 1454 264 1509 tate4),
293 1470 410 1509 pace,
443 1453 723 1509 omnibusque
754 1454 990 1497 virtutihus.
1052 1455 1173 1496 Tunc
1204 1456 1318 1497 enim
1348 1456 1530 1498 delectat

106 1530 149 1572 in
191 1547 237 1572 ea
273 1533 473 1572 recubare
511 1547 674 1584 regem,
724 1543 766 1573 et
804 1533 958 1574 habere
994 1533 1249 1575 recubitum.
1316 1535 1386 1575 Ad
1424 1536 1531 1577 hane

107 1609 219 1650 enim
258 1608 438 1649 animam
475 1608 687 1649 Dominus
735 1609 922 1660 dicebat,
973 1610 1071 1666 quja
1115 1627 1227 1664 „ego
1246 1611 1289 1666 ⁶)
1332 1622 1370 1652 et
1410 1624 1531 1668 pater

106 1701 222 1726 meus
270 1684 503 1736 veniemus,
557 1697 597 1726 et
635 1686 906 1728 coenabimus
948 1705 1044 1728 cum
1082 1704 1158 1738 eo,
1200 1700 1242 1729 et
1269 1688 1531 1731 mansionem

106 1763 305 1803 faciemus
353 1764 466 1818 apud
514 1779 622 1803 eum.
637 1769 660 1788 “
728 1764 814 1805 Ubi
864 1781 962 1816 ergo
1013 1776 1162 1806 coenat
1202 1766 1390 1808 Christus
1435 1784 1531 1809 cum

107 1851 247 1897 patre,
294 1851 335 1880 et
377 1840 451 1880 ubi
490 1842 751 1883 mansionem
795 1842 919 1893 facit,
965 1842 1113 1899 quidni
1156 1843 1394 1886 recumbit?
1449 1846 1533 1887 Be,

106 1929 169 1958 ata
220 1917 333 1958 illius
385 1918 564 1959 latitudo
610 1919 794 1970 animae,
850 1921 973 1961 beata
1021 1932 1147 1961 strata
1195 1921 1310 1962 illius
1357 1922 1533 1973 mentis,

105 1994 178 2035 ubi
216 2007 335 2050 pater
375 2007 416 2036 et
454 1996 586 2047 filius,
649 2009 697 2038 ut
745 2014 831 2039 non
881 1997 1054 2049 dubito,
1099 2015 1181 2039 una
1232 2015 1329 2041 cum
1367 2000 1532 2057 Spiritu

104 2083 246 2114 sancto
290 2073 522 2124 recumbit,
570 2087 741 2125 coenat,
789 2087 830 2117 et
869 2075 1132 2117 mansionem
1172 2076 1286 2118 facit.
1363 2077 1531 2132 Quibus

103 2162 223 2206 putas
271 2149 444 2206 opibus,
489 2151 640 2207 quibus
690 2153 823 2209 copiis
872 2154 976 2195 tales
1022 2153 1224 2196 convivae
1274 2156 1533 2211 pascuntur?

104 2228 190 2269 Pax
218 2227 279 2268 ibi
294 2228 334 2284 6)
365 2228 525 2285 primus
557 2229 674 2270 cibus
707 2242 787 2280 est,
817 2230 1189 2277 humilitassimul
1221 2233 1454 2290 apponitur
1484 2251 1532 2276 ac

107 2305 320 2362 patientia,
351 2308 626 2348 mansuetudo
659 2325 828 2364 quoque
861 2320 903 2349 et
932 2308 1162 2365 lenitas⁷),
1200 2322 1241 2352 ct
1273 2312 1390 2368 quod
1420 2329 1531 2352 sum-

107 2400 200 2424 mae
239 2382 278 2424 ei
318 2383 527 2424 suavitatis
566 2396 650 2434 est,
693 2386 853 2440 puritas
894 2386 1045 2428 cordis.
1107 2387 1266 2429 Caritas
1306 2399 1447 2428 autem
1488 2389 1532 2429 in

110 2463 189 2503 hoc
221 2452 417 2504 convivio
445 2461 723 2518 principalem
754 2465 917 2506 obtinet
948 2465 1102 2505 locum.
1152 2465 1249 2505 Tali
1277 2481 1374 2516 ergo
1397 2467 1529 2507 modo

228 2639 267 2694 ¹)
300 2637 460 2679 Cantic.
492 2637 524 2686 I,
557 2636 621 2680 12.
741 2639 783 2695 ²)
816 2639 902 2682 Cfr.
931 2642 1063 2683 Levit.
1094 2641 1253 2690 XXVI,
1289 2640 1353 2683 12.

225 2710 266 2766 ³)
298 2707 421 2750 Jesai.
452 2707 603 2757 LXVI,
633 2707 672 2751 2.
794 2709 836 2765 4)
869 2712 1001 2754 Deest
1030 2712 1257 2763 ‚‚caritate“
1288 2709 1331 2751 in
1356 2711 1449 2752 edd.
1468 2712 1528 2753 M.

228 2779 268 2834 5)
302 2779 386 2821 Cfr.
421 2794 482 2818 ev.
512 2778 662 2820 Joann.
693 2779 810 2830 XIV,
840 2780 906 2825 23.
1027 2784 1070 2838 ⁶)
1101 2782 1210 2823 Edd.
1248 2780 1309 2822 Μ.
1340 2780 1502 2831 „ubi.“

230 2851 269 2906 ⁷)
300 2843 409 2890 Edd.
441 2848 500 2941 121.
540 2879 564 2899 ‚‚
579 2847 737 2892 levitas.
752 2854 775 2873 “
