<?xml version="1.0" encoding="UTF-8"?>
<!DOCTYPE html PUBLIC "-//W3C//DTD XHTML 1.0 Transitional//EN"
    "http://www.w3.org/TR/xhtml1/DTD/xhtml1-transitional.dtd">
<html xmlns="http://www.w3.org/1999/xhtml" xml:lang="en" lang="en">
 <head>
  <title>
</title>
<meta http-equiv="Content-Type" content="text/html;charset=utf-8" />
  <meta name='ocr-system' content='tesseract 3.04.00' />
  <meta name='ocr-capabilities' content='ocr_page ocr_carea ocr_par ocr_line ocrx_word'/>
</head>
<body>
  <div class='ocr_page' id='page_1' title='image "./operaomniaquaegr14orig_0226.png"; bbox 0 0 1759 3134; ppageno 0'>
   <div class='ocr_carea' id='block_1_1' title="bbox 257 96 1228 146">
    <p class='ocr_par' dir='ltr' id='par_1_1' title="bbox 257 96 1228 146">
     <span class='ocr_line' id='line_1_1' title="bbox 257 96 1228 146; baseline 0.001 -2"><span class='ocrx_word' id='word_1_1' title='bbox 257 99 342 146; x_wconf 84' lang='lat'><em>210</em></span> <span class='ocrx_word' id='word_1_2' title='bbox 704 97 769 141; x_wconf 86' lang='lat' dir='ltr'><em>Ex</em></span> <span class='ocrx_word' id='word_1_3' title='bbox 798 97 1009 141; x_wconf 59' lang='lat' dir='ltr'><strong>offlam!</strong></span> <span class='ocrx_word' id='word_1_4' title='bbox 1026 96 1228 145; x_wconf 72' lang='lat' dir='ltr'><strong>Sume-m</strong></span> 
     </span>
    </p>
   </div>
   <div class='ocr_carea' id='block_1_2' title="bbox 263 209 1689 1888">
    <p class='ocr_par' dir='ltr' id='par_1_2' title="bbox 263 209 1689 1888">
     <span class='ocr_line' id='line_1_2' title="bbox 264 209 1676 271; baseline 0.001 -15"><span class='ocrx_word' id='word_1_5' title='bbox 264 211 368 270; x_wconf 87' lang='grc' dir='ltr'><em>παρ’</em></span> <span class='ocrx_word' id='word_1_6' title='bbox 403 211 555 260; x_wconf 81' lang='grc' dir='ltr'><em>αὐτοῖς</em></span> <span class='ocrx_word' id='word_1_7' title='bbox 584 209 743 268; x_wconf 79' lang='grc' dir='ltr'><em>σαφὲς,</em></span> <span class='ocrx_word' id='word_1_8' title='bbox 773 210 962 256; x_wconf 90' lang='grc' dir='ltr'><em>πάντων</em></span> <span class='ocrx_word' id='word_1_9' title='bbox 990 214 1082 256; x_wconf 84' lang='grc' dir='ltr'><em>τῶν</em></span> <span class='ocrx_word' id='word_1_10' title='bbox 1096 210 1210 271; x_wconf 86' lang='grc' dir='ltr'><em>πρὸς</em></span> <span class='ocrx_word' id='word_1_11' title='bbox 1233 210 1442 257; x_wconf 85' lang='grc' dir='ltr'><em>θάνατον</em></span> <span class='ocrx_word' id='word_1_12' title='bbox 1470 211 1676 269; x_wconf 75' lang='grc' dir='ltr'><em>ἁμαρτα-</em></span> 
     </span>
     <span class='ocr_line' id='line_1_3' title="bbox 267 287 1679 347; baseline 0 -13"><span class='ocrx_word' id='word_1_13' title='bbox 267 287 442 334; x_wconf 85' lang='grc' dir='ltr'><em>νόντων</em></span> <span class='ocrx_word' id='word_1_14' title='bbox 483 290 810 347; x_wconf 82' lang='grc' dir='ltr'><em>πληρουμένων</em></span> <span class='ocrx_word' id='word_1_15' title='bbox 849 287 1080 346; x_wconf 80' lang='grc' dir='ltr'><em>αἱμάτων,</em></span> <span class='ocrx_word' id='word_1_16' title='bbox 1124 287 1201 332; x_wconf 79' lang='grc' dir='ltr'><em>διὰ</em></span> <span class='ocrx_word' id='word_1_17' title='bbox 1239 292 1318 334; x_wconf 89' lang='grc' dir='ltr'><em>τοῦ</em></span> <span class='ocrx_word' id='word_1_18' title='bbox 1357 287 1563 345; x_wconf 86' lang='grc' dir='ltr'><em>πλήθους</em></span> <span class='ocrx_word' id='word_1_19' title='bbox 1589 294 1679 334; x_wconf 85' lang='grc' dir='ltr'><em>τῶν</em></span> 
     </span>
     <span class='ocr_line' id='line_1_4' title="bbox 266 359 1682 426; baseline -0.001 -16"><span class='ocrx_word' id='word_1_20' title='bbox 266 365 378 425; x_wconf 89' lang='grc' dir='ltr'><em>πρὸς</em></span> <span class='ocrx_word' id='word_1_21' title='bbox 417 362 623 409; x_wconf 85' lang='grc' dir='ltr'><em>θάνατον</em></span> <span class='ocrx_word' id='word_1_22' title='bbox 665 363 1036 425; x_wconf 79' lang='grc' dir='ltr'><em>ἁμαρτανόντων.</em></span> <span class='ocrx_word' id='word_1_23' title='bbox 1096 367 1190 408; x_wconf 86' lang='grc' dir='ltr'><em>Καὶ</em></span> <span class='ocrx_word' id='word_1_24' title='bbox 1229 365 1309 409; x_wconf 73' lang='grc' dir='ltr'><em>ἐὰν</em></span> <span class='ocrx_word' id='word_1_25' title='bbox 1340 367 1389 411; x_wconf 82' lang='grc' dir='ltr'><em>δὲ</em></span> <span class='ocrx_word' id='word_1_26' title='bbox 1422 359 1445 426; x_wconf 76' lang='grc' dir='ltr'><em>ᾗ</em></span> <span class='ocrx_word' id='word_1_27' title='bbox 1475 365 1525 409; x_wconf 86' lang='grc' dir='ltr'>τό</span> <span class='ocrx_word' id='word_1_28' title='bbox 1556 366 1682 426; x_wconf 77' lang='grc' dir='ltr'><em>παρὰ</em></span> 
     </span>
     <span class='ocr_line' id='line_1_5' title="bbox 265 439 1689 501; baseline 0 -15"><span class='ocrx_word' id='word_1_29' title='bbox 265 448 358 490; x_wconf 83' lang='grc' dir='ltr'><em>τοῖς</em></span> <span class='ocrx_word' id='word_1_30' title='bbox 378 440 749 498; x_wconf 70' lang='grc' dir='ltr'><em>Ἵῖβδομήκοντα·</em></span> <span class='ocrx_word' id='word_1_31' title='bbox 790 442 951 499; x_wconf 73' lang='grc' dir='ltr'><em>,,ὅτι’&gt;</em></span> <span class='ocrx_word' id='word_1_32' title='bbox 983 439 1185 498; x_wconf 75' lang='grc' dir='ltr'><em>ἐπλήσθη</em></span> <span class='ocrx_word' id='word_1_33' title='bbox 1217 443 1242 498; x_wconf 88' lang='grc' dir='ltr'>ἠ</span> <span class='ocrx_word' id='word_1_34' title='bbox 1275 446 1331 500; x_wconf 87' lang='grc' dir='ltr'><em>γῆ</em></span> <span class='ocrx_word' id='word_1_35' title='bbox 1363 444 1555 486; x_wconf 49' lang='grc' dir='ltr'><em>λαῶν’(ι</em></span> <span class='ocrx_word' id='word_1_36' title='bbox 1595 445 1689 501; x_wconf 72' lang='grc' dir='ltr'><em>ἐρεῖ</em></span> 
     </span>
     <span class='ocr_line' id='line_1_6' title="bbox 265 517 1685 578; baseline 0 -15"><span class='ocrx_word' id='word_1_37' title='bbox 265 518 319 563; x_wconf 85' lang='grc' dir='ltr'><em>τά</em></span> <span class='ocrx_word' id='word_1_38' title='bbox 350 518 496 563; x_wconf 78' lang='grc' dir='ltr'><em>πολλὰ</em></span> <span class='ocrx_word' id='word_1_39' title='bbox 529 524 605 562; x_wconf 89' lang='grc' dir='ltr'><em>καὶ</em></span> <span class='ocrx_word' id='word_1_40' title='bbox 636 518 871 578; x_wconf 72' lang='grc' dir='ltr'><em>ἀλλόᾳυλα</em></span> <span class='ocrx_word' id='word_1_41' title='bbox 904 524 979 563; x_wconf 89' lang='grc' dir='ltr'><em>καὶ</em></span> <span class='ocrx_word' id='word_1_42' title='bbox 1018 524 1121 570; x_wconf 82' lang='grc' dir='ltr'><em>ξένα</em></span> <span class='ocrx_word' id='word_1_43' title='bbox 1153 524 1228 575; x_wconf 89' lang='grc' dir='ltr'><em>τῆς</em></span> <span class='ocrx_word' id='word_1_44' title='bbox 1254 519 1465 574; x_wconf 78' lang='grc' dir='ltr'><em>θεότητος</em></span> <span class='ocrx_word' id='word_1_45' title='bbox 1499 517 1685 577; x_wconf 70' lang='grc' dir='ltr'><em>ἐγγινό-</em></span> 
     </span>
     <span class='ocr_line' id='line_1_7' title="bbox 265 594 1687 656; baseline -0.001 -15"><span class='ocrx_word' id='word_1_46' title='bbox 265 613 382 652; x_wconf 88' lang='grc' dir='ltr'><em>μενα</em></span> <span class='ocrx_word' id='word_1_47' title='bbox 416 594 525 651; x_wconf 81' lang='grc' dir='ltr'><em>ἡμῖν</em></span> <span class='ocrx_word' id='word_1_48' title='bbox 555 594 764 656; x_wconf 75' lang='grc' dir='ltr'><em>δόγματα</em></span> <span class='ocrx_word' id='word_1_49' title='bbox 784 596 913 653; x_wconf 81' lang='grc' dir='ltr'><em>εἶναι,</em></span> <span class='ocrx_word' id='word_1_50' title='bbox 948 599 999 642; x_wconf 84' lang='grc' dir='ltr'><em>οὐ</em></span> <span class='ocrx_word' id='word_1_51' title='bbox 1025 597 1151 652; x_wconf 80' lang='grc' dir='ltr'><em>λαὸν,</em></span> <span class='ocrx_word' id='word_1_52' title='bbox 1185 597 1298 640; x_wconf 80' lang='grc' dir='ltr'><em>ἀλλὰ</em></span> <span class='ocrx_word' id='word_1_53' title='bbox 1324 597 1518 646; x_wconf 83' lang='grc' dir='ltr'><em>πολλοὺς</em></span> <span class='ocrx_word' id='word_1_54' title='bbox 1536 597 1687 654; x_wconf 87' lang='grc' dir='ltr'><em>ἀσυμ-</em></span> 
     </span>
     <span class='ocr_line' id='line_1_8' title="bbox 268 671 1687 734; baseline 0.001 -19"><span class='ocrx_word' id='word_1_55' title='bbox 268 671 453 731; x_wconf 79' lang='grc' dir='ltr'><em>ιμόνους</em></span> <span class='ocrx_word' id='word_1_56' title='bbox 492 673 639 722; x_wconf 82' lang='grc' dir='ltr'><em>λαούς.</em></span> <span class='ocrx_word' id='word_1_57' title='bbox 711 673 904 729; x_wconf 73' lang='grc' dir='ltr'><em>,Μήποτε</em></span> <span class='ocrx_word' id='word_1_58' title='bbox 947 678 996 719; x_wconf 76' lang='grc' dir='ltr'><em>δὲ</em></span> <span class='ocrx_word' id='word_1_59' title='bbox 1036 672 1339 734; x_wconf 76' lang='grc' dir='ltr'><em>ἁμαρτήματά</em></span> <span class='ocrx_word' id='word_1_60' title='bbox 1380 677 1494 729; x_wconf 72' lang='grc' dir='ltr'><em>ἐστι,</em></span> <span class='ocrx_word' id='word_1_61' title='bbox 1526 675 1574 718; x_wconf 81' lang='grc' dir='ltr'><em>τὸ</em></span> <span class='ocrx_word' id='word_1_62' title='bbox 1607 674 1687 730; x_wconf 80' lang='grc' dir='ltr'><em>τὴν</em></span> 
     </span>
     <span class='ocr_line' id='line_1_9' title="bbox 267 746 1684 811; baseline -0.001 -16"><span class='ocrx_word' id='word_1_63' title='bbox 267 755 354 808; x_wconf 82' lang='grc' dir='ltr'><em>γῆν</em></span> <span class='ocrx_word' id='word_1_64' title='bbox 403 753 510 795; x_wconf 87' lang='grc' dir='ltr'><em>δέον</em></span> <span class='ocrx_word' id='word_1_65' title='bbox 556 756 884 809; x_wconf 72' lang='grc' dir='ltr'><em>πεπληρῶσθαι</em></span> <span class='ocrx_word' id='word_1_66' title='bbox 928 756 1139 810; x_wconf 87' lang='grc' dir='ltr'><em>καρπῶν,</em></span> <span class='ocrx_word' id='word_1_67' title='bbox 1187 754 1343 809; x_wconf 80' lang='grc' dir='ltr'><em>ἑτέραν</em></span> <span class='ocrx_word' id='word_1_68' title='bbox 1382 746 1526 796; x_wconf 76' lang='grc' dir='ltr'><em>οὖσαν</em></span> <span class='ocrx_word' id='word_1_69' title='bbox 1560 752 1684 811; x_wconf 84' lang='grc' dir='ltr'><em>παρά</em></span> 
     </span>
     <span class='ocr_line' id='line_1_10' title="bbox 267 826 1687 887; baseline -0.001 -15"><span class='ocrx_word' id='word_1_70' title='bbox 267 828 349 883; x_wconf 83' lang='grc' dir='ltr'><em>τὴν</em></span> <span class='ocrx_word' id='word_1_71' title='bbox 379 826 529 883; x_wconf 87' lang='grc' dir='ltr'><em>πόλιν,</em></span> <span class='ocrx_word' id='word_1_72' title='bbox 562 827 731 872; x_wconf 76' lang='grc' dir='ltr'><em>τούτων</em></span> <span class='ocrx_word' id='word_1_73' title='bbox 760 832 847 887; x_wconf 77' lang='grc' dir='ltr'><em>μὲν</em></span> <span class='ocrx_word' id='word_1_74' title='bbox 878 826 992 874; x_wconf 83' lang='grc' dir='ltr'><em>εἶναι.</em></span> <span class='ocrx_word' id='word_1_75' title='bbox 1024 828 1181 884; x_wconf 85' lang='grc' dir='ltr'><em>κενὴν,</em></span> <span class='ocrx_word' id='word_1_76' title='bbox 1226 831 1345 886; x_wconf 77' lang='grc' dir='ltr'><em>ἔχειν</em></span> <span class='ocrx_word' id='word_1_77' title='bbox 1390 831 1439 872; x_wconf 77' lang='grc' dir='ltr'><em>δὲ</em></span> <span class='ocrx_word' id='word_1_78' title='bbox 1470 828 1572 877; x_wconf 77' lang='grc' dir='ltr'><em>τούς</em></span> <span class='ocrx_word' id='word_1_79' title='bbox 1601 846 1687 871; x_wconf 82' lang='grc' dir='ltr'><em>κα-</em></span> 
     </span>
     <span class='ocr_line' id='line_1_11' title="bbox 266 903 1686 962; baseline 0.001 -14"><span class='ocrx_word' id='word_1_80' title='bbox 266 911 557 954; x_wconf 86' lang='grc' dir='ltr'><em>ταλείποντας</em></span> <span class='ocrx_word' id='word_1_81' title='bbox 586 906 667 960; x_wconf 86' lang='grc' dir='ltr'><em>τὴν</em></span> <span class='ocrx_word' id='word_1_82' title='bbox 697 905 834 950; x_wconf 86' lang='grc' dir='ltr'><em>πόλιν</em></span> <span class='ocrx_word' id='word_1_83' title='bbox 863 907 990 961; x_wconf 85' lang='grc' dir='ltr'><em>λαὸν,</em></span> <span class='ocrx_word' id='word_1_84' title='bbox 1024 904 1050 961; x_wconf 88' lang='grc' dir='ltr'><em>ἢ</em></span> <span class='ocrx_word' id='word_1_85' title='bbox 1082 911 1157 949; x_wconf 88' lang='grc' dir='ltr'><em>καὶ</em></span> <span class='ocrx_word' id='word_1_86' title='bbox 1189 905 1265 955; x_wconf 81' lang='grc' dir='ltr'><em>τάς</em></span> <span class='ocrx_word' id='word_1_87' title='bbox 1296 903 1461 955; x_wconf 84' lang='grc' dir='ltr'><em>πόλεις.</em></span> <span class='ocrx_word' id='word_1_88' title='bbox 1522 912 1686 962; x_wconf 74' lang='grc' dir='ltr'><em>ῘΗεμε-</em></span> 
     </span>
     <span class='ocr_line' id='line_1_12' title="bbox 264 981 1686 1041; baseline 0 -16"><span class='ocrx_word' id='word_1_89' title='bbox 264 981 487 1040; x_wconf 75' lang='grc' dir='ltr'><em>γάλυνται</em></span> <span class='ocrx_word' id='word_1_90' title='bbox 528 984 575 1026; x_wconf 78' lang='grc' dir='ltr'><em>δὲ</em></span> <span class='ocrx_word' id='word_1_91' title='bbox 617 981 930 1041; x_wconf 72' lang='grc' dir='ltr'><em>σᾳοδρότερον</em></span> <span class='ocrx_word' id='word_1_92' title='bbox 966 982 992 1038; x_wconf 86' lang='grc' dir='ltr'>ἡ</span> <span class='ocrx_word' id='word_1_93' title='bbox 1035 983 1187 1026; x_wconf 84' lang='grc' dir='ltr'><em>ἀδικία</em></span> <span class='ocrx_word' id='word_1_94' title='bbox 1218 985 1379 1031; x_wconf 80' lang='grc' dir='ltr'><em>ἔθνους</em></span> <span class='ocrx_word' id='word_1_95' title='bbox 1407 981 1580 1039; x_wconf 81' lang='grc' dir='ltr'><em>Ἰσραὴλ</em></span> <span class='ocrx_word' id='word_1_96' title='bbox 1612 986 1686 1026; x_wconf 87' lang='grc' dir='ltr'><em>καὶ</em></span> 
     </span>
     <span class='ocr_line' id='line_1_13' title="bbox 263 1059 1687 1117; baseline 0 -16"><span class='ocrx_word' id='word_1_97' title='bbox 263 1059 433 1113; x_wconf 82' lang='grc' dir='ltr'><em>Ἰούδα,</em></span> <span class='ocrx_word' id='word_1_98' title='bbox 483 1063 542 1115; x_wconf 81' lang='grc' dir='ltr'><em>τῷ</em></span> <span class='ocrx_word' id='word_1_99' title='bbox 582 1064 659 1102; x_wconf 87' lang='grc' dir='ltr'><em>καὶ</em></span> <span class='ocrx_word' id='word_1_100' title='bbox 702 1059 783 1114; x_wconf 84' lang='grc' dir='ltr'><em>τὴν</em></span> <span class='ocrx_word' id='word_1_101' title='bbox 813 1059 1005 1116; x_wconf 71' lang='grc' dir='ltr'><em>πόλιν2)</em></span> <span class='ocrx_word' id='word_1_102' title='bbox 1045 1064 1371 1117; x_wconf 76' lang='grc' dir='ltr'><em>πεπληρῶσθαι</em></span> <span class='ocrx_word' id='word_1_103' title='bbox 1404 1059 1580 1110; x_wconf 77' lang='grc' dir='ltr'><em>ἀδικίας</em></span> <span class='ocrx_word' id='word_1_104' title='bbox 1611 1063 1687 1102; x_wconf 88' lang='grc' dir='ltr'><em>καὶ</em></span> 
     </span>
     <span class='ocr_line' id='line_1_14' title="bbox 265 1133 1687 1195; baseline -0.001 -15"><span class='ocrx_word' id='word_1_105' title='bbox 265 1137 561 1191; x_wconf 79' lang='grc' dir='ltr'><em>ἀκαθαρσίας.</em></span> <span class='ocrx_word' id='word_1_106' title='bbox 612 1133 813 1192; x_wconf 74' lang='grc' dir='ltr'><em>’Έχομεν</em></span> <span class='ocrx_word' id='word_1_107' title='bbox 852 1138 901 1180; x_wconf 78' lang='grc' dir='ltr'><em>δὲ</em></span> <span class='ocrx_word' id='word_1_108' title='bbox 943 1138 992 1180; x_wconf 73' lang='grc' dir='ltr'><em>ἐν</em></span> <span class='ocrx_word' id='word_1_109' title='bbox 1030 1138 1203 1187; x_wconf 84' lang='grc' dir='ltr'><em>ἑαυτοῖς</em></span> <span class='ocrx_word' id='word_1_110' title='bbox 1241 1142 1318 1180; x_wconf 88' lang='grc' dir='ltr'><em>καὶ</em></span> <span class='ocrx_word' id='word_1_111' title='bbox 1358 1140 1471 1194; x_wconf 87' lang='grc' dir='ltr'><em>γῆν,</em></span> <span class='ocrx_word' id='word_1_112' title='bbox 1517 1133 1574 1190; x_wconf 77' lang='grc' dir='ltr'><em>ἣν</em></span> <span class='ocrx_word' id='word_1_113' title='bbox 1597 1136 1687 1195; x_wconf 78' lang='grc' dir='ltr'><em>χρὴ</em></span> 
     </span>
     <span class='ocr_line' id='line_1_15' title="bbox 263 1209 1686 1271; baseline -0.001 -14"><span class='ocrx_word' id='word_1_114' title='bbox 263 1218 500 1271; x_wconf 78' lang='grc' dir='ltr'><em>γεωργεῖν,</em></span> <span class='ocrx_word' id='word_1_115' title='bbox 533 1215 609 1255; x_wconf 85' lang='grc' dir='ltr'><em>καὶ</em></span> <span class='ocrx_word' id='word_1_116' title='bbox 639 1211 798 1267; x_wconf 88' lang='grc' dir='ltr'><em>πόλιν,</em></span> <span class='ocrx_word' id='word_1_117' title='bbox 831 1209 888 1267; x_wconf 81' lang='grc' dir='ltr'><em>ἢν</em></span> <span class='ocrx_word' id='word_1_118' title='bbox 918 1214 992 1257; x_wconf 86' lang='grc' dir='ltr'><em>δεῖ</em></span> <span class='ocrx_word' id='word_1_119' title='bbox 1019 1214 1304 1271; x_wconf 77' lang='grc' dir='ltr'><em>οἰκοδομεῖν,</em></span> <span class='ocrx_word' id='word_1_120' title='bbox 1336 1218 1461 1271; x_wconf 85' lang='grc' dir='ltr'><em>εἴπερ</em></span> <span class='ocrx_word' id='word_1_121' title='bbox 1492 1214 1686 1271; x_wconf 72' lang='grc' dir='ltr'><em>ἐσμὲν3)</em></span> 
     </span>
     <span class='ocr_line' id='line_1_16' title="bbox 264 1283 1686 1350; baseline -0.001 -16"><span class='ocrx_word' id='word_1_122' title='bbox 264 1294 376 1336; x_wconf 86' lang='grc' dir='ltr'><em>θεοῦ</em></span> <span class='ocrx_word' id='word_1_123' title='bbox 408 1295 634 1348; x_wconf 89' lang='grc' dir='ltr'><em>γεωργία,</em></span> <span class='ocrx_word' id='word_1_124' title='bbox 667 1292 777 1333; x_wconf 87' lang='grc' dir='ltr'><em>θεοῦ</em></span> <span class='ocrx_word' id='word_1_125' title='bbox 816 1289 1051 1350; x_wconf 77' lang='grc' dir='ltr'><em>οἰκοδομή.</em></span> <span class='ocrx_word' id='word_1_126' title='bbox 1105 1283 1193 1335; x_wconf 83' lang='grc' dir='ltr'><em>Ὧν</em></span> <span class='ocrx_word' id='word_1_127' title='bbox 1223 1293 1272 1335; x_wconf 79' lang='grc' dir='ltr'><em>δὲ</em></span> <span class='ocrx_word' id='word_1_128' title='bbox 1305 1290 1385 1335; x_wconf 86' lang='grc' dir='ltr'><em>οὐκ</em></span> <span class='ocrx_word' id='word_1_129' title='bbox 1415 1291 1686 1347; x_wconf 72' lang='grc' dir='ltr'><em>ἐπιμέλεται,</em></span> 
     </span>
     <span class='ocr_line' id='line_1_17' title="bbox 267 1365 1688 1424; baseline -0.001 -13"><span class='ocrx_word' id='word_1_130' title='bbox 267 1366 379 1411; x_wconf 83' lang='grc' dir='ltr'><em>ἀλλὰ</em></span> <span class='ocrx_word' id='word_1_131' title='bbox 417 1365 567 1423; x_wconf 90' lang='grc' dir='ltr'><em>μόνον</em></span> <span class='ocrx_word' id='word_1_132' title='bbox 606 1367 697 1423; x_wconf 80' lang='grc' dir='ltr'><em>ἔχει</em></span> <span class='ocrx_word' id='word_1_133' title='bbox 739 1366 876 1416; x_wconf 84' lang='grc' dir='ltr'><em>λαοὺς</em></span> <span class='ocrx_word' id='word_1_134' title='bbox 913 1370 990 1410; x_wconf 89' lang='grc' dir='ltr'><em>καὶ</em></span> <span class='ocrx_word' id='word_1_135' title='bbox 1021 1367 1227 1424; x_wconf 81' lang='grc' dir='ltr'><em>ἀδικίαν,</em></span> <span class='ocrx_word' id='word_1_136' title='bbox 1273 1365 1445 1412; x_wconf 85' lang='grc' dir='ltr'><em>τούτων</em></span> <span class='ocrx_word' id='word_1_137' title='bbox 1474 1366 1501 1423; x_wconf 81' lang='grc' dir='ltr'>ἡ</span> <span class='ocrx_word' id='word_1_138' title='bbox 1534 1368 1688 1411; x_wconf 78' lang='grc' dir='ltr'><em>ἀδικία</em></span> 
     </span>
     <span class='ocr_line' id='line_1_18' title="bbox 263 1437 1688 1503; baseline -0.001 -14"><span class='ocrx_word' id='word_1_139' title='bbox 263 1441 604 1502; x_wconf 86' lang='grc' dir='ltr'><em>μεμεγάλυνται</em></span> <span class='ocrx_word' id='word_1_140' title='bbox 634 1440 817 1499; x_wconf 79' lang='grc' dir='ltr'><em>σφόδρα</em></span> <span class='ocrx_word' id='word_1_141' title='bbox 847 1442 1017 1499; x_wconf 87' lang='grc' dir='ltr'><em>μόνον·</em></span> <span class='ocrx_word' id='word_1_142' title='bbox 1059 1437 1124 1489; x_wconf 75' lang='grc' dir='ltr'><em>ὧν</em></span> <span class='ocrx_word' id='word_1_143' title='bbox 1154 1447 1204 1490; x_wconf 82' lang='grc' dir='ltr'><em>δὲ</em></span> <span class='ocrx_word' id='word_1_144' title='bbox 1236 1442 1361 1489; x_wconf 77' lang='grc' dir='ltr'><em>οὔπω</em></span> <span class='ocrx_word' id='word_1_145' title='bbox 1391 1443 1688 1503; x_wconf 82' lang='grc' dir='ltr'><em>μεμεγάλυν-</em></span> 
     </span>
     <span class='ocr_line' id='line_1_19' title="bbox 265 1518 1688 1579; baseline 0.001 -15"><span class='ocrx_word' id='word_1_146' title='bbox 265 1538 353 1577; x_wconf 85' lang='grc' dir='ltr'><em>ται,</em></span> <span class='ocrx_word' id='word_1_147' title='bbox 387 1518 495 1564; x_wconf 73' lang='grc' dir='ltr'><em>ἄλλο</em></span> <span class='ocrx_word' id='word_1_148' title='bbox 528 1521 620 1564; x_wconf 89' lang='grc' dir='ltr'><em>δέει</em></span> <span class='ocrx_word' id='word_1_149' title='bbox 660 1519 737 1563; x_wconf 73' lang='grc' dir='ltr'><em>ἐπὶ</em></span> <span class='ocrx_word' id='word_1_150' title='bbox 775 1518 824 1563; x_wconf 82' lang='grc' dir='ltr'><em>τὸ</em></span> <span class='ocrx_word' id='word_1_151' title='bbox 862 1519 1219 1579; x_wconf 85' lang='grc' dir='ltr'><em>μεγιιλύνεσθαι.</em></span> <span class='ocrx_word' id='word_1_152' title='bbox 1275 1520 1466 1579; x_wconf 85' lang='grc' dir='ltr'><em>Ὁμοίως</em></span> <span class='ocrx_word' id='word_1_153' title='bbox 1495 1524 1571 1565; x_wconf 86' lang='grc' dir='ltr'><em>καὶ</em></span> <span class='ocrx_word' id='word_1_154' title='bbox 1610 1523 1688 1566; x_wconf 75' lang='grc' dir='ltr'><em>ἐπὶ</em></span> 
     </span>
     <span class='ocr_line' id='line_1_20' title="bbox 265 1596 1687 1657; baseline 0.001 -16"><span class='ocrx_word' id='word_1_155' title='bbox 265 1601 341 1653; x_wconf 87' lang='grc' dir='ltr'><em>τῆς</em></span> <span class='ocrx_word' id='word_1_156' title='bbox 372 1598 668 1654; x_wconf 84' lang='grc' dir='ltr'><em>ἀκαθαρσίας.</em></span> <span class='ocrx_word' id='word_1_157' title='bbox 715 1596 846 1652; x_wconf 85' lang='grc' dir='ltr'><em>Πλὴν</em></span> <span class='ocrx_word' id='word_1_158' title='bbox 885 1602 1005 1642; x_wconf 79' lang='grc' dir='ltr'><em>αἰτία</em></span> <span class='ocrx_word' id='word_1_159' title='bbox 1035 1603 1113 1644; x_wconf 88' lang='grc' dir='ltr'><em>τοῦ</em></span> <span class='ocrx_word' id='word_1_160' title='bbox 1151 1603 1291 1643; x_wconf 87' lang='grc' dir='ltr'><em>ταῦτα</em></span> <span class='ocrx_word' id='word_1_161' title='bbox 1321 1603 1561 1657; x_wconf 88' lang='grc' dir='ltr'><em>γεγονέναι</em></span> <span class='ocrx_word' id='word_1_162' title='bbox 1593 1601 1687 1643; x_wconf 73' lang='grc' dir='ltr'><em>ἐστὶ</em></span> 
     </span>
     <span class='ocr_line' id='line_1_21' title="bbox 265 1670 1688 1735; baseline 0.001 -17"><span class='ocrx_word' id='word_1_163' title='bbox 265 1673 315 1719; x_wconf 84' lang='grc' dir='ltr'><em>τὸ</em></span> <span class='ocrx_word' id='word_1_164' title='bbox 356 1670 727 1732; x_wconf 76' lang='grc' dir='ltr'><em>ὑπολαμβάνειν,</em></span> <span class='ocrx_word' id='word_1_165' title='bbox 762 1672 827 1718; x_wconf 84' lang='grc' dir='ltr'><em>ὅτι</em></span> <span class='ocrx_word' id='word_1_166' title='bbox 860 1676 912 1720; x_wconf 85' lang='grc' dir='ltr'><em>οὐ</em></span> <span class='ocrx_word' id='word_1_167' title='bbox 943 1674 1116 1734; x_wconf 83' lang='grc' dir='ltr'><em>φθάνει</em></span> <span class='ocrx_word' id='word_1_168' title='bbox 1146 1674 1172 1732; x_wconf 80' lang='grc' dir='ltr'><strong><em>ἡ</em></strong></span> <span class='ocrx_word' id='word_1_169' title='bbox 1206 1674 1403 1735; x_wconf 88' lang='grc' dir='ltr'><em>πρόνοια</em></span> <span class='ocrx_word' id='word_1_170' title='bbox 1447 1677 1524 1720; x_wconf 73' lang='grc' dir='ltr'><em>ἐπὶ</em></span> <span class='ocrx_word' id='word_1_171' title='bbox 1553 1674 1607 1720; x_wconf 78' lang='grc' dir='ltr'><em>τὰ</em></span> <span class='ocrx_word' id='word_1_172' title='bbox 1638 1678 1688 1720; x_wconf 75' lang='grc' dir='ltr'><em>ἒν</em></span> 
     </span>
     <span class='ocr_line' id='line_1_22' title="bbox 263 1748 1682 1812; baseline 0.001 -17"><span class='ocrx_word' id='word_1_173' title='bbox 263 1754 314 1812; x_wconf 76' lang='grc' dir='ltr'><em>τῇ</em></span> <span class='ocrx_word' id='word_1_174' title='bbox 357 1754 428 1812; x_wconf 80' lang='grc' dir='ltr'><em>γῇ.</em></span> <span class='ocrx_word' id='word_1_175' title='bbox 503 1748 622 1796; x_wconf 82' lang='grc' dir='ltr'><em>Εἶπε</em></span> <span class='ocrx_word' id='word_1_176' title='bbox 661 1749 776 1809; x_wconf 87' lang='grc' dir='ltr'><em>γάρ·</em></span> <span class='ocrx_word' id='word_1_177' title='bbox 816 1753 1198 1810; x_wconf 74' lang='grc' dir='ltr'><em>,,ἐγκαταλέλοιπε</em></span> <span class='ocrx_word' id='word_1_178' title='bbox 1213 1753 1259 1809; x_wconf 73' lang='lat'><em>4)</em></span> <span class='ocrx_word' id='word_1_179' title='bbox 1288 1751 1441 1812; x_wconf 83' lang='grc' dir='ltr'><em>κύριος</em></span> <span class='ocrx_word' id='word_1_180' title='bbox 1470 1752 1550 1810; x_wconf 79' lang='grc' dir='ltr'><em>τὴν</em></span> <span class='ocrx_word' id='word_1_181' title='bbox 1577 1756 1682 1812; x_wconf 84' lang='grc' dir='ltr'><em>γῆν·</em></span> 
     </span>
     <span class='ocr_line' id='line_1_23' title="bbox 265 1827 822 1888; baseline 0 -15"><span class='ocrx_word' id='word_1_182' title='bbox 265 1829 347 1873; x_wconf 82' lang='grc' dir='ltr'><em>οὐκ</em></span> <span class='ocrx_word' id='word_1_183' title='bbox 378 1830 527 1888; x_wconf 74' lang='grc' dir='ltr'><em>ἐφορᾷ</em></span> <span class='ocrx_word' id='word_1_184' title='bbox 564 1827 587 1873; x_wconf 82' lang='grc' dir='ltr'>ὁ</span> <span class='ocrx_word' id='word_1_185' title='bbox 618 1827 822 1887; x_wconf 71' lang='grc' dir='ltr'><em>κύριος.“’ί</em></span> 
     </span>
    </p>
   </div>
   <div class='ocr_carea' id='block_1_3' title="bbox 717 2063 1228 2123">
    <p class='ocr_par' dir='ltr' id='par_1_3' title="bbox 717 2063 1228 2123">
     <span class='ocr_line' id='line_1_24' title="bbox 717 2063 1228 2123; baseline 0.006 -16"><span class='ocrx_word' id='word_1_186' title='bbox 717 2063 985 2123; x_wconf 81' lang='grc' dir='ltr'><em>Κεφάλαιον</em></span> <span class='ocrx_word' id='word_1_187' title='bbox 1022 2065 1228 2110; x_wconf 84' lang='grc' dir='ltr'><em>δέκατον.</em></span> 
     </span>
    </p>
   </div>
   <div class='ocr_carea' id='block_1_4' title="bbox 373 2174 1238 2235">
    <p class='ocr_par' dir='ltr' id='par_1_4' title="bbox 373 2174 1238 2235">
     <span class='ocr_line' id='line_1_25' title="bbox 407 2174 1158 2200; baseline 0 -11"><span class='ocrx_word' id='word_1_188' title='bbox 407 2176 416 2189; x_wconf 84' lang='grc' dir='ltr'><em>ι</em></span> <span class='ocrx_word' id='word_1_189' title='bbox 529 2181 541 2194; x_wconf 72' lang='grc'><strong><em>,</em></strong></span> <span class='ocrx_word' id='word_1_190' title='bbox 660 2178 672 2200; x_wconf 82' lang='lat'><strong>5</strong></span> <span class='ocrx_word' id='word_1_191' title='bbox 808 2174 818 2187; x_wconf 74' lang='grc'><em>1</em></span> <span class='ocrx_word' id='word_1_192' title='bbox 993 2177 1003 2191; x_wconf 65' lang='lat' dir='ltr'>a</span> <span class='ocrx_word' id='word_1_193' title='bbox 1082 2175 1092 2190; x_wconf 68' lang='grc' dir='ltr'><strong>ι</strong></span> <span class='ocrx_word' id='word_1_194' title='bbox 1138 2180 1158 2189; x_wconf 67' lang='lat' dir='ltr'><em>a·</em></span> 
     </span>
     <span class='ocr_line' id='line_1_26' title="bbox 373 2178 1238 2235; baseline 0 -15"><span class='ocrx_word' id='word_1_195' title='bbox 373 2180 641 2235; x_wconf 77' lang='grc' dir='ltr'><em>,,Ομοιωμα</em></span> <span class='ocrx_word' id='word_1_196' title='bbox 685 2180 702 2232; x_wconf 87' lang='grc'>)</span> <span class='ocrx_word' id='word_1_197' title='bbox 734 2184 904 2233; x_wconf 87' lang='grc' dir='ltr'><em>θρονου</em></span> <span class='ocrx_word' id='word_1_198' title='bbox 938 2178 994 2221; x_wconf 66' lang='lat' dir='ltr'><em>en</em></span> <span class='ocrx_word' id='word_1_199' title='bbox 1039 2179 1238 2220; x_wconf 75' lang='grc' dir='ltr'><em>αυτων.“</em></span> 
     </span>
    </p>
   </div>
   <div class='ocr_carea' id='block_1_5' title="bbox 261 2177 1684 2469">
    <p class='ocr_par' dir='ltr' id='par_1_5' title="bbox 261 2177 1684 2469">
     <span class='ocr_line' id='line_1_27' title="bbox 1312 2177 1679 2236; baseline 0.014 -15"><span class='ocrx_word' id='word_1_200' title='bbox 1312 2177 1376 2222; x_wconf 84' lang='grc' dir='ltr'><em>Οὗ</em></span> <span class='ocrx_word' id='word_1_201' title='bbox 1409 2178 1582 2235; x_wconf 84' lang='grc' dir='ltr'><em>θρόνον</em></span> <span class='ocrx_word' id='word_1_202' title='bbox 1614 2181 1679 2236; x_wconf 83' lang='grc' dir='ltr'><em>δὲ,</em></span> 
     </span>
     <span class='ocr_line' id='line_1_28' title="bbox 263 2252 1684 2312; baseline 0.005 -17"><span class='ocrx_word' id='word_1_203' title='bbox 263 2252 353 2296; x_wconf 84' lang='grc' dir='ltr'><em>ἀλλ’</em></span> <span class='ocrx_word' id='word_1_204' title='bbox 391 2252 603 2310; x_wconf 82' lang='grc' dir='ltr'><em>ὁμοίωμα</em></span> <span class='ocrx_word' id='word_1_205' title='bbox 633 2252 806 2310; x_wconf 87' lang='grc' dir='ltr'><em>θρόνου</em></span> <span class='ocrx_word' id='word_1_206' title='bbox 847 2253 930 2310; x_wconf 74' lang='grc' dir='ltr'><em>ὁρᾷ</em></span> <span class='ocrx_word' id='word_1_207' title='bbox 976 2252 998 2297; x_wconf 85' lang='grc' dir='ltr'>ὁ</span> <span class='ocrx_word' id='word_1_208' title='bbox 1030 2252 1287 2312; x_wconf 72' lang='grc' dir='ltr'><em>προφήτης·</em></span> <span class='ocrx_word' id='word_1_209' title='bbox 1335 2253 1487 2312; x_wconf 81' lang='grc' dir='ltr'><em>ὥσπερ</em></span> <span class='ocrx_word' id='word_1_210' title='bbox 1524 2260 1602 2300; x_wconf 86' lang='grc' dir='ltr'><em>καὶ</em></span> <span class='ocrx_word' id='word_1_211' title='bbox 1633 2259 1684 2302; x_wconf 72' lang='grc' dir='ltr'><em>ἓν</em></span> 
     </span>
     <span class='ocr_line' id='line_1_29' title="bbox 261 2329 1679 2391; baseline 0.003 -19"><span class='ocrx_word' id='word_1_212' title='bbox 261 2336 351 2378; x_wconf 86' lang='grc' dir='ltr'><em>τοῖς</em></span> <span class='ocrx_word' id='word_1_213' title='bbox 370 2329 576 2388; x_wconf 76' lang='grc' dir='ltr'><em>ἀνωτέρω</em></span> <span class='ocrx_word' id='word_1_214' title='bbox 600 2334 743 2388; x_wconf 70' lang='grc' dir='ltr'><em>φησὶν</em></span> <span class='ocrx_word' id='word_1_215' title='bbox 770 2330 821 2374; x_wconf 81' lang='grc' dir='ltr'><em>οὐ</em></span> <span class='ocrx_word' id='word_1_216' title='bbox 844 2329 922 2385; x_wconf 81' lang='grc' dir='ltr'><em>τὴν</em></span> <span class='ocrx_word' id='word_1_217' title='bbox 942 2329 1082 2381; x_wconf 78' lang='grc' dir='ltr'><em>δόξαν</em></span> <span class='ocrx_word' id='word_1_218' title='bbox 1103 2338 1258 2391; x_wconf 87' lang='grc' dir='ltr'><em>κυρίου</em></span> <span class='ocrx_word' id='word_1_219' title='bbox 1281 2331 1407 2391; x_wconf 76' lang='grc' dir='ltr'><em>ὁρζιν,</em></span> <span class='ocrx_word' id='word_1_220' title='bbox 1435 2332 1525 2375; x_wconf 82' lang='grc' dir='ltr'><em>ἀλλ’</em></span> <span class='ocrx_word' id='word_1_221' title='bbox 1549 2332 1679 2389; x_wconf 85' lang='grc' dir='ltr'><em>ὁμοί-</em></span> 
     </span>
     <span class='ocr_line' id='line_1_30' title="bbox 261 2406 1678 2469; baseline 0.002 -20"><span class='ocrx_word' id='word_1_222' title='bbox 261 2424 363 2465; x_wconf 83' lang='grc' dir='ltr'><em>ωμα</em></span> <span class='ocrx_word' id='word_1_223' title='bbox 398 2406 530 2462; x_wconf 78' lang='grc' dir='ltr'><em>δόξης</em></span> <span class='ocrx_word' id='word_1_224' title='bbox 568 2411 748 2463; x_wconf 71' lang='grc' dir='ltr'><em>κυρίου,</em></span> <span class='ocrx_word' id='word_1_225' title='bbox 801 2412 969 2466; x_wconf 88' lang='grc' dir='ltr'><em>λέγων·</em></span> <span class='ocrx_word' id='word_1_226' title='bbox 1018 2406 1224 2466; x_wconf 70' lang='grc' dir='ltr'><em>,,αἱ)’τη6&gt;</em></span> <span class='ocrx_word' id='word_1_227' title='bbox 1274 2408 1295 2465; x_wconf 86' lang='grc' dir='ltr'><strong><em>ἡ</em></strong></span> <span class='ocrx_word' id='word_1_228' title='bbox 1348 2408 1502 2469; x_wconf 82' lang='grc' dir='ltr'><em>ὅρασις</em></span> <span class='ocrx_word' id='word_1_229' title='bbox 1542 2409 1678 2468; x_wconf 84' lang='grc' dir='ltr'><em>ὁμοί-</em></span> 
     </span>
    </p>
   </div>
   <div class='ocr_carea' id='block_1_6' title="bbox 287 2516 437 2519">
    <p class='ocr_par' dir='ltr' id='par_1_6' title="bbox 287 2516 437 2519">
     <span class='ocr_line' id='line_1_31' title="bbox 287 2516 437 2519; baseline 0 0"><span class='ocrx_word' id='word_1_230' title='bbox 287 2516 437 2519; x_wconf 95' lang='lat' dir='ltr'><em> </em></span> 
     </span>
    </p>
   </div>
   <div class='ocr_carea' id='block_1_7' title="bbox 373 2566 1416 2763">
    <p class='ocr_par' dir='ltr' id='par_1_7' title="bbox 373 2566 1416 2763">
     <span class='ocr_line' id='line_1_32' title="bbox 378 2566 1416 2625; baseline 0.002 -17"><span class='ocrx_word' id='word_1_231' title='bbox 378 2567 422 2623; x_wconf 83' lang='lat'><em>¹)</em></span> <span class='ocrx_word' id='word_1_232' title='bbox 451 2567 602 2613; x_wconf 77' lang='lat' dir='ltr'><strong>Ezech.</strong></span> <span class='ocrx_word' id='word_1_233' title='bbox 634 2567 710 2617; x_wconf 88' lang='lat' dir='ltr'><em>IX,</em></span> <span class='ocrx_word' id='word_1_234' title='bbox 740 2566 778 2610; x_wconf 83' lang='lat'><em>9.</em></span> <span class='ocrx_word' id='word_1_235' title='bbox 899 2568 942 2625; x_wconf 83' lang='grc'><em>2)</em></span> <span class='ocrx_word' id='word_1_236' title='bbox 976 2568 1061 2611; x_wconf 87' lang='lat' dir='ltr'>Cfr.</span> <span class='ocrx_word' id='word_1_237' title='bbox 1092 2567 1242 2610; x_wconf 85' lang='lat' dir='ltr'><strong>Ezech.</strong></span> <span class='ocrx_word' id='word_1_238' title='bbox 1274 2569 1347 2621; x_wconf 81' lang='lat' dir='ltr'><em>IX,</em></span> <span class='ocrx_word' id='word_1_239' title='bbox 1378 2569 1416 2613; x_wconf 83' lang='lat'><em>9.</em></span> 
     </span>
     <span class='ocr_line' id='line_1_33' title="bbox 375 2637 900 2693; baseline -0.004 -14"><span class='ocrx_word' id='word_1_240' title='bbox 375 2637 418 2693; x_wconf 80' lang='grc'><em>3)</em></span> <span class='ocrx_word' id='word_1_241' title='bbox 451 2637 537 2679; x_wconf 88' lang='lat' dir='ltr'>Cfr.</span> <span class='ocrx_word' id='word_1_242' title='bbox 570 2638 591 2677; x_wconf 95' lang='lat' dir='ltr'>I</span> <span class='ocrx_word' id='word_1_243' title='bbox 623 2637 720 2678; x_wconf 88' lang='lat' dir='ltr'>Cor.</span> <span class='ocrx_word' id='word_1_244' title='bbox 753 2638 830 2687; x_wconf 87' lang='lat' dir='ltr'><em>HI,</em></span> <span class='ocrx_word' id='word_1_245' title='bbox 863 2637 900 2679; x_wconf 81' lang='grc'><em>9.</em></span> 
     </span>
     <span class='ocr_line' id='line_1_34' title="bbox 373 2704 1275 2763; baseline 0.006 -18"><span class='ocrx_word' id='word_1_246' title='bbox 373 2704 416 2761; x_wconf 72' lang='lat'><em>⁴)</em></span> <span class='ocrx_word' id='word_1_247' title='bbox 448 2705 600 2746; x_wconf 73' lang='lat' dir='ltr'><strong>Ezech.</strong></span> <span class='ocrx_word' id='word_1_248' title='bbox 634 2705 709 2755; x_wconf 87' lang='lat' dir='ltr'><em>IX,</em></span> <span class='ocrx_word' id='word_1_249' title='bbox 739 2705 777 2748; x_wconf 83' lang='lat'><em>9.</em></span> <span class='ocrx_word' id='word_1_250' title='bbox 899 2707 940 2763; x_wconf 91' lang='lat'><em>⁵)</em></span> <span class='ocrx_word' id='word_1_251' title='bbox 969 2706 1120 2748; x_wconf 86' lang='lat' dir='ltr'><strong>Ezech.</strong></span> <span class='ocrx_word' id='word_1_252' title='bbox 1151 2707 1206 2758; x_wconf 87' lang='lat' dir='ltr'><em>X,</em></span> <span class='ocrx_word' id='word_1_253' title='bbox 1239 2708 1275 2750; x_wconf 90' lang='lat'><em>1.</em></span> 
     </span>
    </p>
   </div>
   <div class='ocr_carea' id='block_1_8' title="bbox 255 2774 1673 2891">
    <p class='ocr_par' dir='ltr' id='par_1_8' title="bbox 255 2774 1673 2891">
     <span class='ocr_line' id='line_1_35' title="bbox 372 2774 1673 2832; baseline 0.003 -17"><span class='ocrx_word' id='word_1_254' title='bbox 372 2775 416 2830; x_wconf 74' lang='grc'><em>6)</em></span> <span class='ocrx_word' id='word_1_255' title='bbox 446 2775 598 2816; x_wconf 84' lang='lat' dir='ltr'><strong>Ezech.</strong></span> <span class='ocrx_word' id='word_1_256' title='bbox 631 2777 666 2825; x_wconf 90' lang='lat' dir='ltr'><em>I,</em></span> <span class='ocrx_word' id='word_1_257' title='bbox 696 2774 762 2817; x_wconf 79' lang='lat'><em>28.</em></span> <span class='ocrx_word' id='word_1_258' title='bbox 796 2798 845 2804; x_wconf 90' lang='lat'><strong>—</strong></span> <span class='ocrx_word' id='word_1_259' title='bbox 876 2776 1101 2832; x_wconf 81' lang='lat' dir='ltr'><strong>Equidem,</strong></span> <span class='ocrx_word' id='word_1_260' title='bbox 1135 2779 1232 2819; x_wconf 90' lang='lat' dir='ltr'>coll.</span> <span class='ocrx_word' id='word_1_261' title='bbox 1266 2779 1364 2818; x_wconf 90' lang='lat' dir='ltr'>loco</span> <span class='ocrx_word' id='word_1_262' title='bbox 1398 2778 1580 2830; x_wconf 80' lang='lat' dir='ltr'>laudato,</span> <span class='ocrx_word' id='word_1_263' title='bbox 1615 2780 1673 2820; x_wconf 74' lang='lat' dir='ltr'><em>le-</em></span> 
     </span>
     <span class='ocr_line' id='line_1_36' title="bbox 255 2829 1160 2891; baseline 0.006 -18"><span class='ocrx_word' id='word_1_264' title='bbox 255 2831 407 2885; x_wconf 84' lang='lat' dir='ltr'>gerim:</span> <span class='ocrx_word' id='word_1_265' title='bbox 439 2829 766 2890; x_wconf 81' lang='grc' dir='ltr'><em>,,ὁμοιώματος</em></span> <span class='ocrx_word' id='word_1_266' title='bbox 795 2829 925 2887; x_wconf 78' lang='grc' dir='ltr'><em>δόξης</em></span> <span class='ocrx_word' id='word_1_267' title='bbox 951 2837 1160 2891; x_wconf 64' lang='lat' dir='ltr'><em>nuptum-‘⁶</em></span> 
     </span>
    </p>
   </div>
   <div class='ocr_carea' id='block_1_9' title="bbox 1755 498 1759 627">
    <p class='ocr_par' dir='ltr' id='par_1_9' title="bbox 1755 498 1759 651">
     <span class='ocr_line' id='line_1_37' title="bbox 1755 498 1759 627; baseline 0 -17"><span class='ocrx_word' id='word_1_268' title='bbox 1755 498 1759 627; x_wconf 52' lang='lat'>}</span> 
     </span>
    </p>
   </div>
  </div>
 </body>
</html>
