<?xml version="1.0" encoding="UTF-8"?>
<!DOCTYPE html PUBLIC "-//W3C//DTD XHTML 1.0 Transitional//EN"
    "http://www.w3.org/TR/xhtml1/DTD/xhtml1-transitional.dtd">
<html xmlns="http://www.w3.org/1999/xhtml" xml:lang="en" lang="en">
 <head>
  <title>
</title>
<meta http-equiv="Content-Type" content="text/html;charset=utf-8" />
  <meta name='ocr-system' content='tesseract 3.04.00' />
  <meta name='ocr-capabilities' content='ocr_page ocr_carea ocr_par ocr_line ocrx_word'/>
</head>
<body>
  <div class='ocr_page' id='page_1' title='image "./operaomniaquaegr14orig/operaomniaquaegr14orig_0081.png"; bbox 0 0 1759 3134; ppageno 0'>
   <div class='ocr_carea' id='block_1_1' title="bbox 626 151 1486 197">
    <p class='ocr_par' dir='ltr' id='par_1_1' title="bbox 626 151 1486 197">
     <span class='ocr_line' id='line_1_1' title="bbox 626 151 1486 197; baseline 0.006 -5"><span class='ocrx_word' id='word_1_1' title='bbox 626 152 824 194; x_wconf 75' lang='lat' dir='ltr'>HommA</span> <span class='ocrx_word' id='word_1_2' title='bbox 856 151 926 190; x_wconf 91' lang='lat' dir='ltr'>lV.</span> <span class='ocrx_word' id='word_1_3' title='bbox 1433 154 1486 197; x_wconf 88' lang='grc'>65</span> 
     </span>
    </p>
   </div>
   <div class='ocr_carea' id='block_1_2' title="bbox 65 262 1501 2315">
    <p class='ocr_par' dir='ltr' id='par_1_2' title="bbox 65 262 1491 851">
     <span class='ocr_line' id='line_1_2' title="bbox 66 262 1490 322; baseline 0 -14"><span class='ocrx_word' id='word_1_4' title='bbox 66 267 200 309; x_wconf 84' lang='lat' dir='ltr'>adhuc</span> <span class='ocrx_word' id='word_1_5' title='bbox 232 266 434 322; x_wconf 84' lang='lat' dir='ltr'>pusillum</span> <span class='ocrx_word' id='word_1_6' title='bbox 466 264 685 305; x_wconf 78' lang='lat' dir='ltr'>vobiscum</span> <span class='ocrx_word' id='word_1_7' title='bbox 715 268 849 304; x_wconf 90' lang='lat' dir='ltr'>sum.“</span> <span class='ocrx_word' id='word_1_8' title='bbox 912 262 1019 303; x_wconf 88' lang='lat' dir='ltr'>Cum</span> <span class='ocrx_word' id='word_1_9' title='bbox 1051 275 1190 304; x_wconf 91' lang='lat' dir='ltr'>autem</span> <span class='ocrx_word' id='word_1_10' title='bbox 1219 265 1347 306; x_wconf 87' lang='lat' dir='ltr'>fueris</span> <span class='ocrx_word' id='word_1_11' title='bbox 1372 266 1490 308; x_wconf 79' lang='lat' dir='ltr'>Chri-</span> 
     </span>
     <span class='ocr_line' id='line_1_3' title="bbox 67 339 1490 398; baseline -0.001 -14"><span class='ocrx_word' id='word_1_12' title='bbox 67 344 131 393; x_wconf 85' lang='lat' dir='ltr'>sti,</span> <span class='ocrx_word' id='word_1_13' title='bbox 165 342 244 384; x_wconf 88' lang='lat' dir='ltr'>eris</span> <span class='ocrx_word' id='word_1_14' title='bbox 277 355 317 383; x_wconf 88' lang='lat' dir='ltr'>et</span> <span class='ocrx_word' id='word_1_15' title='bbox 348 341 650 398; x_wconf 87' lang='lat' dir='ltr'>omnipotentis</span> <span class='ocrx_word' id='word_1_16' title='bbox 680 339 823 396; x_wconf 82' lang='lat' dir='ltr'>patris,</span> <span class='ocrx_word' id='word_1_17' title='bbox 856 339 952 395; x_wconf 82' lang='lat' dir='ltr'>quia</span> <span class='ocrx_word' id='word_1_18' title='bbox 982 356 1110 380; x_wconf 90' lang='lat' dir='ltr'>unum</span> <span class='ocrx_word' id='word_1_19' title='bbox 1141 352 1237 381; x_wconf 89' lang='lat' dir='ltr'>sunt</span> <span class='ocrx_word' id='word_1_20' title='bbox 1264 340 1490 397; x_wconf 78' lang='lat' dir='ltr'><strong>unitaeque</strong></span> 
     </span>
     <span class='ocr_line' id='line_1_4' title="bbox 65 415 1489 472; baseline -0.001 -11"><span class='ocrx_word' id='word_1_21' title='bbox 65 432 248 461; x_wconf 88' lang='lat' dir='ltr'>naturae.</span> <span class='ocrx_word' id='word_1_22' title='bbox 316 420 383 460; x_wconf 80' lang='lat' dir='ltr'>Ad</span> <span class='ocrx_word' id='word_1_23' title='bbox 423 421 504 459; x_wconf 87' lang='lat' dir='ltr'>hoe</span> <span class='ocrx_word' id='word_1_24' title='bbox 542 419 704 459; x_wconf 83' lang='lat' dir='ltr'>laborat</span> <span class='ocrx_word' id='word_1_25' title='bbox 741 415 895 472; x_wconf 81' lang='lat' dir='ltr'>justus,</span> <span class='ocrx_word' id='word_1_26' title='bbox 942 415 984 455; x_wconf 85' lang='lat' dir='ltr'>in</span> <span class='ocrx_word' id='word_1_27' title='bbox 1024 417 1105 456; x_wconf 85' lang='lat' dir='ltr'>hoc</span> <span class='ocrx_word' id='word_1_28' title='bbox 1144 418 1329 458; x_wconf 84' lang='lat' dir='ltr'>studium</span> <span class='ocrx_word' id='word_1_29' title='bbox 1368 435 1489 459; x_wconf 89' lang='lat' dir='ltr'>suum</span> 
     </span>
     <span class='ocr_line' id='line_1_5' title="bbox 67 492 1490 549; baseline 0 -12"><span class='ocrx_word' id='word_1_30' title='bbox 67 513 191 537; x_wconf 85' lang='lat' dir='ltr'>omne</span> <span class='ocrx_word' id='word_1_31' title='bbox 225 495 453 545; x_wconf 83' lang='lat' dir='ltr'>convertit,</span> <span class='ocrx_word' id='word_1_32' title='bbox 483 506 530 535; x_wconf 91' lang='lat' dir='ltr'>ut</span> <span class='ocrx_word' id='word_1_33' title='bbox 558 492 748 534; x_wconf 78' lang='lat' dir='ltr'>Danielis</span> <span class='ocrx_word' id='word_1_34' title='bbox 781 504 821 532; x_wconf 90' lang='lat' dir='ltr'>et</span> <span class='ocrx_word' id='word_1_35' title='bbox 849 493 934 532; x_wconf 86' lang='lat' dir='ltr'>Job</span> <span class='ocrx_word' id='word_1_36' title='bbox 966 504 1007 532; x_wconf 85' lang='lat' dir='ltr'>et</span> <span class='ocrx_word' id='word_1_37' title='bbox 1039 494 1131 533; x_wconf 67' lang='lat' dir='ltr'>Noe</span> <span class='ocrx_word' id='word_1_38' title='bbox 1164 505 1205 533; x_wconf 87' lang='lat' dir='ltr'>et</span> <span class='ocrx_word' id='word_1_39' title='bbox 1229 494 1266 549; x_wconf 90' lang='lat'>¹)</span> <span class='ocrx_word' id='word_1_40' title='bbox 1298 496 1490 537; x_wconf 82' lang='lat' dir='ltr'>Abrahae</span> 
     </span>
     <span class='ocr_line' id='line_1_6' title="bbox 67 568 1491 627; baseline 0.001 -13"><span class='ocrx_word' id='word_1_41' title='bbox 67 574 179 614; x_wconf 78' lang='lat' dir='ltr'>filius</span> <span class='ocrx_word' id='word_1_42' title='bbox 211 574 453 613; x_wconf 74' lang='lat' dir='ltr'>ostendatur</span> <span class='ocrx_word' id='word_1_43' title='bbox 482 573 534 612; x_wconf 78' lang='lat' dir='ltr'>ad</span> <span class='ocrx_word' id='word_1_44' title='bbox 566 569 845 625; x_wconf 85' lang='lat' dir='ltr'>adoptionem</span> <span class='ocrx_word' id='word_1_45' title='bbox 875 569 980 619; x_wconf 81' lang='lat' dir='ltr'>Dei,</span> <span class='ocrx_word' id='word_1_46' title='bbox 1022 582 1062 610; x_wconf 90' lang='lat' dir='ltr'>et</span> <span class='ocrx_word' id='word_1_47' title='bbox 1091 568 1174 627; x_wconf 82' lang='lat' dir='ltr'>jam</span> <span class='ocrx_word' id='word_1_48' title='bbox 1201 587 1287 611; x_wconf 91' lang='lat' dir='ltr'>non</span> <span class='ocrx_word' id='word_1_49' title='bbox 1316 586 1491 614; x_wconf 83' lang='lat' dir='ltr'>vocetur</span> 
     </span>
     <span class='ocr_line' id='line_1_7' title="bbox 70 646 1491 703; baseline 0 -13"><span class='ocrx_word' id='word_1_50' title='bbox 70 649 291 690; x_wconf 83' lang='lat' dir='ltr'>hominum</span> <span class='ocrx_word' id='word_1_51' title='bbox 319 648 584 697; x_wconf 84' lang='lat' dir='ltr'>nominibus,</span> <span class='ocrx_word' id='word_1_52' title='bbox 627 648 700 687; x_wconf 87' lang='lat' dir='ltr'>sed</span> <span class='ocrx_word' id='word_1_53' title='bbox 731 646 948 687; x_wconf 80' lang='lat' dir='ltr'>vocabulis</span> <span class='ocrx_word' id='word_1_54' title='bbox 978 646 1166 686; x_wconf 82' lang='lat' dir='ltr'>filiorum</span> <span class='ocrx_word' id='word_1_55' title='bbox 1194 647 1292 688; x_wconf 84' lang='lat' dir='ltr'>Dei.</span> <span class='ocrx_word' id='word_1_56' title='bbox 1350 649 1425 698; x_wconf 80' lang='lat' dir='ltr'>„Si</span> <span class='ocrx_word' id='word_1_57' title='bbox 1449 653 1491 703; x_wconf 86' lang='lat'>²)</span> 
     </span>
     <span class='ocr_line' id='line_1_8' title="bbox 68 722 1488 780; baseline -0.001 -13"><span class='ocrx_word' id='word_1_58' title='bbox 68 744 165 780; x_wconf 86' lang='lat' dir='ltr'>ergo</span> <span class='ocrx_word' id='word_1_59' title='bbox 198 726 354 767; x_wconf 83' lang='lat' dir='ltr'>suerint</span> <span class='ocrx_word' id='word_1_60' title='bbox 382 737 464 766; x_wconf 86' lang='lat' dir='ltr'>tres</span> <span class='ocrx_word' id='word_1_61' title='bbox 496 724 574 764; x_wconf 75' lang='lat' dir='ltr'>viri</span> <span class='ocrx_word' id='word_1_62' title='bbox 605 723 713 764; x_wconf 85' lang='lat' dir='ltr'>isti.“</span> <span class='ocrx_word' id='word_1_63' title='bbox 772 725 869 764; x_wconf 74' lang='lat' dir='ltr'>Non</span> <span class='ocrx_word' id='word_1_64' title='bbox 910 722 1068 776; x_wconf 76' lang='lat' dir='ltr'><strong>indiget</strong></span> <span class='ocrx_word' id='word_1_65' title='bbox 1099 722 1281 778; x_wconf 82' lang='lat' dir='ltr'>Spiritus</span> <span class='ocrx_word' id='word_1_66' title='bbox 1311 737 1488 776; x_wconf 79' lang='lat' dir='ltr'>sanctus,</span> 
     </span>
     <span class='ocr_line' id='line_1_9' title="bbox 69 793 1322 851; baseline -0.003 -6"><span class='ocrx_word' id='word_1_67' title='bbox 69 817 115 845; x_wconf 88' lang='lat' dir='ltr'>ut</span> <span class='ocrx_word' id='word_1_68' title='bbox 146 804 272 845; x_wconf 86' lang='lat' dir='ltr'>etiam</span> <span class='ocrx_word' id='word_1_69' title='bbox 300 819 410 843; x_wconf 86' lang='lat' dir='ltr'>nunc</span> <span class='ocrx_word' id='word_1_70' title='bbox 440 803 547 851; x_wconf 61' lang='lat' dir='ltr'>Noe,</span> <span class='ocrx_word' id='word_1_71' title='bbox 579 813 620 842; x_wconf 89' lang='lat' dir='ltr'>et</span> <span class='ocrx_word' id='word_1_72' title='bbox 648 799 898 849; x_wconf 75' lang='lat' dir='ltr'>Danielem,</span> <span class='ocrx_word' id='word_1_73' title='bbox 930 811 970 840; x_wconf 89' lang='lat' dir='ltr'>et</span> <span class='ocrx_word' id='word_1_74' title='bbox 1000 800 1085 840; x_wconf 90' lang='lat' dir='ltr'>Job</span> <span class='ocrx_word' id='word_1_75' title='bbox 1119 793 1322 844; x_wconf 77' lang='lat' dir='ltr'>ostendat.</span> 
     </span>
    </p>

    <p class='ocr_par' dir='ltr' id='par_1_3' title="bbox 67 875 1499 1927">
     <span class='ocr_line' id='line_1_10' title="bbox 181 875 1495 934; baseline -0.001 -12"><span class='ocrx_word' id='word_1_76' title='bbox 181 881 220 923; x_wconf 84' lang='grc'>6.</span> <span class='ocrx_word' id='word_1_77' title='bbox 265 881 397 930; x_wconf 84' lang='lat' dir='ltr'>„Tres</span> <span class='ocrx_word' id='word_1_78' title='bbox 418 879 461 934; x_wconf 84' lang='lat'>³)</span> <span class='ocrx_word' id='word_1_79' title='bbox 493 877 571 917; x_wconf 85' lang='lat' dir='ltr'>viri</span> <span class='ocrx_word' id='word_1_80' title='bbox 601 877 669 918; x_wconf 84' lang='lat' dir='ltr'>isti</span> <span class='ocrx_word' id='word_1_81' title='bbox 700 877 741 917; x_wconf 85' lang='lat' dir='ltr'>in</span> <span class='ocrx_word' id='word_1_82' title='bbox 771 877 913 917; x_wconf 80' lang='lat' dir='ltr'>medio</span> <span class='ocrx_word' id='word_1_83' title='bbox 945 875 1073 933; x_wconf 78' lang='lat' dir='ltr'>ejus.“</span> <span class='ocrx_word' id='word_1_84' title='bbox 1119 876 1237 917; x_wconf 80' lang='lat' dir='ltr'>Dicit</span> <span class='ocrx_word' id='word_1_85' title='bbox 1266 878 1369 919; x_wconf 85' lang='lat' dir='ltr'>mihi</span> <span class='ocrx_word' id='word_1_86' title='bbox 1402 896 1495 921; x_wconf 88' lang='lat' dir='ltr'>eru-</span> 
     </span>
     <span class='ocr_line' id='line_1_11' title="bbox 70 952 1489 1009; baseline 0.001 -11"><span class='ocrx_word' id='word_1_87' title='bbox 70 958 179 999; x_wconf 87' lang='lat' dir='ltr'>ditus</span> <span class='ocrx_word' id='word_1_88' title='bbox 208 955 396 996; x_wconf 79' lang='lat' dir='ltr'>auditor:</span> <span class='ocrx_word' id='word_1_89' title='bbox 437 966 519 995; x_wconf 88' lang='lat' dir='ltr'>tres</span> <span class='ocrx_word' id='word_1_90' title='bbox 557 953 598 994; x_wconf 89' lang='lat' dir='ltr'>in</span> <span class='ocrx_word' id='word_1_91' title='bbox 637 953 848 1009; x_wconf 81' lang='lat' dir='ltr'><strong>praesenti</strong></span> <span class='ocrx_word' id='word_1_92' title='bbox 887 952 1180 1004; x_wconf 76' lang='lat' dir='ltr'>nominantur,</span> <span class='ocrx_word' id='word_1_93' title='bbox 1217 971 1355 997; x_wconf 85' lang='lat' dir='ltr'>sermo</span> <span class='ocrx_word' id='word_1_94' title='bbox 1390 973 1489 1000; x_wconf 84' lang='lat' dir='ltr'>vero</span> 
     </span>
     <span class='ocr_line' id='line_1_12' title="bbox 67 1030 1490 1089; baseline 0.001 -14"><span class='ocrx_word' id='word_1_95' title='bbox 67 1047 162 1075; x_wconf 86' lang='lat' dir='ltr'>tuus</span> <span class='ocrx_word' id='word_1_96' title='bbox 192 1033 399 1089; x_wconf 81' lang='lat' dir='ltr'>plurimos</span> <span class='ocrx_word' id='word_1_97' title='bbox 431 1032 624 1080; x_wconf 81' lang='lat' dir='ltr'>affirmat,</span> <span class='ocrx_word' id='word_1_98' title='bbox 656 1042 698 1071; x_wconf 88' lang='lat' dir='ltr'>et</span> <span class='ocrx_word' id='word_1_99' title='bbox 726 1030 881 1071; x_wconf 83' lang='lat' dir='ltr'>Daniel</span> <span class='ocrx_word' id='word_1_100' title='bbox 914 1041 954 1071; x_wconf 87' lang='lat' dir='ltr'>et</span> <span class='ocrx_word' id='word_1_101' title='bbox 971 1031 1057 1071; x_wconf 86' lang='lat' dir='ltr'>Job</span> <span class='ocrx_word' id='word_1_102' title='bbox 1089 1042 1129 1071; x_wconf 90' lang='lat' dir='ltr'>et</span> <span class='ocrx_word' id='word_1_103' title='bbox 1156 1033 1262 1074; x_wconf 58' lang='lat' dir='ltr'>Noe.</span> <span class='ocrx_word' id='word_1_104' title='bbox 1323 1034 1402 1075; x_wconf 86' lang='lat' dir='ltr'>Cui</span> <span class='ocrx_word' id='word_1_105' title='bbox 1432 1036 1490 1077; x_wconf 87' lang='lat' dir='ltr'>sic</span> 
     </span>
     <span class='ocr_line' id='line_1_13' title="bbox 67 1107 1496 1166; baseline 0.001 -15"><span class='ocrx_word' id='word_1_106' title='bbox 67 1110 428 1166; x_wconf 77' lang='lat' dir='ltr'>respondebimus·</span> <span class='ocrx_word' id='word_1_107' title='bbox 499 1107 648 1150; x_wconf 89' lang='lat' dir='ltr'>Omnis</span> <span class='ocrx_word' id='word_1_108' title='bbox 687 1107 918 1148; x_wconf 85' lang='lat' dir='ltr'>multitudo</span> <span class='ocrx_word' id='word_1_109' title='bbox 947 1108 989 1162; x_wconf 71' lang='grc'>4)</span> <span class='ocrx_word' id='word_1_110' title='bbox 1033 1107 1234 1149; x_wconf 78' lang='lat' dir='ltr'>similium</span> <span class='ocrx_word' id='word_1_111' title='bbox 1274 1127 1380 1152; x_wconf 88' lang='lat' dir='ltr'>unus</span> <span class='ocrx_word' id='word_1_112' title='bbox 1421 1124 1496 1164; x_wconf 87' lang='lat' dir='ltr'>est,</span> 
     </span>
     <span class='ocr_line' id='line_1_14' title="bbox 71 1185 1494 1242; baseline 0.002 -14"><span class='ocrx_word' id='word_1_113' title='bbox 71 1199 112 1228; x_wconf 90' lang='lat' dir='ltr'>et</span> <span class='ocrx_word' id='word_1_114' title='bbox 141 1203 226 1227; x_wconf 90' lang='lat' dir='ltr'>non</span> <span class='ocrx_word' id='word_1_115' title='bbox 256 1187 422 1242; x_wconf 85' lang='lat' dir='ltr'>plures,</span> <span class='ocrx_word' id='word_1_116' title='bbox 452 1186 526 1241; x_wconf 82' lang='lat' dir='ltr'>qui</span> <span class='ocrx_word' id='word_1_117' title='bbox 557 1185 713 1226; x_wconf 83' lang='lat' dir='ltr'><strong>similes</strong></span> <span class='ocrx_word' id='word_1_118' title='bbox 744 1197 852 1225; x_wconf 82' lang='lat' dir='ltr'>sunt.</span> <span class='ocrx_word' id='word_1_119' title='bbox 911 1187 1007 1226; x_wconf 62' lang='lat' dir='ltr'>Non</span> <span class='ocrx_word' id='word_1_120' title='bbox 1037 1185 1160 1240; x_wconf 83' lang='lat' dir='ltr'>plura</span> <span class='ocrx_word' id='word_1_121' title='bbox 1191 1203 1390 1242; x_wconf 89' lang='lat' dir='ltr'>corpora,</span> <span class='ocrx_word' id='word_1_122' title='bbox 1421 1191 1494 1230; x_wconf 86' lang='lat' dir='ltr'>sed</span> 
     </span>
     <span class='ocr_line' id='line_1_15' title="bbox 72 1260 1494 1319; baseline 0.003 -15"><span class='ocrx_word' id='word_1_123' title='bbox 72 1280 204 1304; x_wconf 91' lang='lat' dir='ltr'>unum</span> <span class='ocrx_word' id='word_1_124' title='bbox 236 1279 387 1318; x_wconf 83' lang='lat' dir='ltr'>corpus</span> <span class='ocrx_word' id='word_1_125' title='bbox 419 1277 564 1302; x_wconf 89' lang='lat' dir='ltr'>omnes</span> <span class='ocrx_word' id='word_1_126' title='bbox 596 1277 758 1311; x_wconf 76' lang='lat' dir='ltr'>sumuS,</span> <span class='ocrx_word' id='word_1_127' title='bbox 790 1260 903 1317; x_wconf 83' lang='lat' dir='ltr'>juxta</span> <span class='ocrx_word' id='word_1_128' title='bbox 932 1261 997 1311; x_wconf 85' lang='lat' dir='ltr'>id,</span> <span class='ocrx_word' id='word_1_129' title='bbox 1034 1263 1150 1317; x_wconf 86' lang='lat' dir='ltr'>quod</span> <span class='ocrx_word' id='word_1_130' title='bbox 1178 1263 1381 1319; x_wconf 89' lang='lat' dir='ltr'>scriptum</span> <span class='ocrx_word' id='word_1_131' title='bbox 1413 1279 1494 1308; x_wconf 85' lang='lat' dir='ltr'>est:</span> 
     </span>
     <span class='ocr_line' id='line_1_16' title="bbox 73 1338 1496 1397; baseline 0.004 -18"><span class='ocrx_word' id='word_1_132' title='bbox 73 1356 183 1390; x_wconf 87' lang='lat' dir='ltr'>„vos</span> <span class='ocrx_word' id='word_1_133' title='bbox 207 1340 247 1394; x_wconf 83' lang='lat'>5)</span> <span class='ocrx_word' id='word_1_134' title='bbox 278 1350 417 1379; x_wconf 88' lang='lat' dir='ltr'>autem</span> <span class='ocrx_word' id='word_1_135' title='bbox 448 1339 543 1379; x_wconf 87' lang='lat' dir='ltr'>estis</span> <span class='ocrx_word' id='word_1_136' title='bbox 576 1355 728 1394; x_wconf 90' lang='lat' dir='ltr'>corpus</span> <span class='ocrx_word' id='word_1_137' title='bbox 760 1338 937 1387; x_wconf 79' lang='lat' dir='ltr'><strong>Christi,</strong></span> <span class='ocrx_word' id='word_1_138' title='bbox 968 1350 1011 1378; x_wconf 86' lang='lat' dir='ltr'>et</span> <span class='ocrx_word' id='word_1_139' title='bbox 1039 1340 1228 1380; x_wconf 90' lang='lat' dir='ltr'>membra</span> <span class='ocrx_word' id='word_1_140' title='bbox 1258 1357 1306 1380; x_wconf 86' lang='lat' dir='ltr'>ex</span> <span class='ocrx_word' id='word_1_141' title='bbox 1334 1349 1496 1397; x_wconf 83' lang='lat' dir='ltr'>parte.“</span> 
     </span>
     <span class='ocr_line' id='line_1_17' title="bbox 72 1414 1495 1473; baseline -0.003 -16"><span class='ocrx_word' id='word_1_142' title='bbox 72 1417 128 1457; x_wconf 89' lang='lat' dir='ltr'>Et</span> <span class='ocrx_word' id='word_1_143' title='bbox 158 1416 351 1457; x_wconf 79' lang='lat' dir='ltr'>Salvator</span> <span class='ocrx_word' id='word_1_144' title='bbox 379 1427 523 1455; x_wconf 89' lang='lat' dir='ltr'>noster</span> <span class='ocrx_word' id='word_1_145' title='bbox 553 1414 669 1454; x_wconf 83' lang='lat' dir='ltr'>venit</span> <span class='ocrx_word' id='word_1_146' title='bbox 700 1430 898 1469; x_wconf 81' lang='lat' dir='ltr'>quaerere</span> <span class='ocrx_word' id='word_1_147' title='bbox 929 1426 971 1455; x_wconf 87' lang='lat' dir='ltr'>et</span> <span class='ocrx_word' id='word_1_148' title='bbox 1000 1415 1179 1464; x_wconf 85' lang='lat' dir='ltr'>salvare,</span> <span class='ocrx_word' id='word_1_149' title='bbox 1212 1418 1327 1471; x_wconf 89' lang='lat' dir='ltr'>quod</span> <span class='ocrx_word' id='word_1_150' title='bbox 1356 1420 1495 1473; x_wconf 66' lang='lat' dir='ltr'>peric-</span> 
     </span>
     <span class='ocr_line' id='line_1_18' title="bbox 72 1485 1496 1548; baseline 0.004 -16"><span class='ocrx_word' id='word_1_151' title='bbox 72 1504 148 1542; x_wconf 81' lang='lat' dir='ltr'>rat,</span> <span class='ocrx_word' id='word_1_152' title='bbox 179 1491 220 1532; x_wconf 89' lang='lat' dir='ltr'>in</span> <span class='ocrx_word' id='word_1_153' title='bbox 251 1503 509 1532; x_wconf 83' lang='lat' dir='ltr'>sacramento</span> <span class='ocrx_word' id='word_1_154' title='bbox 540 1485 764 1543; x_wconf 80' lang='lat' dir='ltr'>nonaginta</span> <span class='ocrx_word' id='word_1_155' title='bbox 794 1507 948 1531; x_wconf 85' lang='lat' dir='ltr'>novem</span> <span class='ocrx_word' id='word_1_156' title='bbox 980 1491 1125 1532; x_wconf 89' lang='lat' dir='ltr'>ovium</span> <span class='ocrx_word' id='word_1_157' title='bbox 1147 1508 1234 1533; x_wconf 90' lang='lat' dir='ltr'>non</span> <span class='ocrx_word' id='word_1_158' title='bbox 1256 1496 1496 1548; x_wconf 79' lang='lat' dir='ltr'>errantium,</span> 
     </span>
     <span class='ocr_line' id='line_1_19' title="bbox 74 1567 1499 1629; baseline 0.004 -20"><span class='ocrx_word' id='word_1_159' title='bbox 74 1579 115 1609; x_wconf 84' lang='lat' dir='ltr'>et</span> <span class='ocrx_word' id='word_1_160' title='bbox 151 1567 272 1608; x_wconf 86' lang='lat' dir='ltr'>unius</span> <span class='ocrx_word' id='word_1_161' title='bbox 310 1567 512 1623; x_wconf 72' lang='lat' dir='ltr'>perditae.</span> <span class='ocrx_word' id='word_1_162' title='bbox 573 1567 726 1618; x_wconf 85' lang='lat' dir='ltr'>„Venit</span> <span class='ocrx_word' id='word_1_163' title='bbox 749 1567 791 1623; x_wconf 72' lang='lat'>5)</span> <span class='ocrx_word' id='word_1_164' title='bbox 831 1567 988 1624; x_wconf 87' lang='lat' dir='ltr'>quippe</span> <span class='ocrx_word' id='word_1_165' title='bbox 1018 1568 1130 1609; x_wconf 86' lang='lat' dir='ltr'>filius</span> <span class='ocrx_word' id='word_1_166' title='bbox 1161 1570 1342 1613; x_wconf 85' lang='lat' dir='ltr'>hominis</span> <span class='ocrx_word' id='word_1_167' title='bbox 1373 1589 1499 1629; x_wconf 78' lang='lat' dir='ltr'>quae-</span> 
     </span>
     <span class='ocr_line' id='line_1_20' title="bbox 73 1644 1496 1700; baseline 0.004 -15"><span class='ocrx_word' id='word_1_168' title='bbox 73 1659 164 1686; x_wconf 84' lang='lat' dir='ltr'>rere</span> <span class='ocrx_word' id='word_1_169' title='bbox 205 1656 245 1685; x_wconf 90' lang='lat' dir='ltr'>et</span> <span class='ocrx_word' id='word_1_170' title='bbox 283 1645 463 1695; x_wconf 76' lang='lat' dir='ltr'>salvare,</span> <span class='ocrx_word' id='word_1_171' title='bbox 487 1645 620 1700; x_wconf 76' lang='lat' dir='ltr'>‚quod</span> <span class='ocrx_word' id='word_1_172' title='bbox 659 1644 883 1700; x_wconf 86' lang='lat' dir='ltr'>perierat.“</span> <span class='ocrx_word' id='word_1_173' title='bbox 944 1644 1178 1699; x_wconf 83' lang='lat' dir='ltr'>Quomodo</span> <span class='ocrx_word' id='word_1_174' title='bbox 1220 1647 1329 1688; x_wconf 89' lang='lat' dir='ltr'>enim</span> <span class='ocrx_word' id='word_1_175' title='bbox 1366 1666 1496 1692; x_wconf 89' lang='lat' dir='ltr'>unum</span> 
     </span>
     <span class='ocr_line' id='line_1_21' title="bbox 76 1721 1495 1778; baseline 0.004 -16"><span class='ocrx_word' id='word_1_176' title='bbox 76 1737 229 1776; x_wconf 91' lang='lat' dir='ltr'>corpus</span> <span class='ocrx_word' id='word_1_177' title='bbox 257 1721 380 1776; x_wconf 84' lang='lat' dir='ltr'>plura</span> <span class='ocrx_word' id='word_1_178' title='bbox 409 1733 504 1762; x_wconf 84' lang='lat' dir='ltr'>sunt</span> <span class='ocrx_word' id='word_1_179' title='bbox 536 1737 736 1776; x_wconf 87' lang='lat' dir='ltr'>corpora,</span> <span class='ocrx_word' id='word_1_180' title='bbox 777 1732 818 1761; x_wconf 88' lang='lat' dir='ltr'>et</span> <span class='ocrx_word' id='word_1_181' title='bbox 849 1737 931 1762; x_wconf 88' lang='lat' dir='ltr'>una</span> <span class='ocrx_word' id='word_1_182' title='bbox 962 1721 1051 1762; x_wconf 87' lang='lat' dir='ltr'>ovis</span> <span class='ocrx_word' id='word_1_183' title='bbox 1081 1723 1224 1777; x_wconf 86' lang='lat' dir='ltr'>plures</span> <span class='ocrx_word' id='word_1_184' title='bbox 1254 1737 1351 1765; x_wconf 86' lang='lat' dir='ltr'>sunt</span> <span class='ocrx_word' id='word_1_185' title='bbox 1382 1742 1495 1778; x_wconf 89' lang='lat' dir='ltr'>oves,</span> 
     </span>
     <span class='ocr_line' id='line_1_22' title="bbox 76 1796 1493 1853; baseline 0.005 -16"><span class='ocrx_word' id='word_1_186' title='bbox 76 1812 181 1852; x_wconf 79' lang='lat' dir='ltr'>quae</span> <span class='ocrx_word' id='word_1_187' title='bbox 210 1796 445 1852; x_wconf 85' lang='lat' dir='ltr'>perierant,</span> <span class='ocrx_word' id='word_1_188' title='bbox 475 1798 557 1838; x_wconf 87' lang='lat' dir='ltr'>hoc</span> <span class='ocrx_word' id='word_1_189' title='bbox 587 1809 711 1853; x_wconf 85' lang='lat' dir='ltr'>paeto</span> <span class='ocrx_word' id='word_1_190' title='bbox 746 1813 889 1838; x_wconf 89' lang='lat' dir='ltr'>omnes</span> <span class='ocrx_word' id='word_1_191' title='bbox 921 1799 1036 1846; x_wconf 72' lang='lat' dir='ltr'>Noe,</span> <span class='ocrx_word' id='word_1_192' title='bbox 1066 1798 1220 1840; x_wconf 81' lang='lat' dir='ltr'>Daniel</span> <span class='ocrx_word' id='word_1_193' title='bbox 1252 1811 1292 1840; x_wconf 89' lang='lat' dir='ltr'>et</span> <span class='ocrx_word' id='word_1_194' title='bbox 1320 1802 1420 1853; x_wconf 87' lang='lat' dir='ltr'>Job,</span> <span class='ocrx_word' id='word_1_195' title='bbox 1451 1803 1493 1844; x_wconf 88' lang='lat' dir='ltr'>in</span> 
     </span>
     <span class='ocr_line' id='line_1_23' title="bbox 75 1873 1131 1927; baseline 0.002 -13"><span class='ocrx_word' id='word_1_196' title='bbox 75 1890 206 1914; x_wconf 90' lang='lat' dir='ltr'>unum</span> <span class='ocrx_word' id='word_1_197' title='bbox 235 1875 330 1915; x_wconf 78' lang='lat' dir='ltr'>Noe&#39;</span> <span class='ocrx_word' id='word_1_198' title='bbox 360 1886 401 1914; x_wconf 91' lang='lat' dir='ltr'>et</span> <span class='ocrx_word' id='word_1_199' title='bbox 431 1876 516 1916; x_wconf 87' lang='lat' dir='ltr'>Job</span> <span class='ocrx_word' id='word_1_200' title='bbox 548 1886 589 1915; x_wconf 90' lang='lat' dir='ltr'>et</span> <span class='ocrx_word' id='word_1_201' title='bbox 620 1873 844 1915; x_wconf 86' lang='lat' dir='ltr'>Danielem</span> <span class='ocrx_word' id='word_1_202' title='bbox 875 1874 1131 1927; x_wconf 81' lang='lat' dir='ltr'>rediguntur.</span> 
     </span>
    </p>

    <p class='ocr_par' dir='ltr' id='par_1_4' title="bbox 76 1950 1501 2315">
     <span class='ocr_line' id='line_1_24' title="bbox 189 1950 1499 2008; baseline 0.005 -16"><span class='ocrx_word' id='word_1_203' title='bbox 189 1950 228 1992; x_wconf 85' lang='grc'>7.</span> <span class='ocrx_word' id='word_1_204' title='bbox 274 1950 396 2005; x_wconf 84' lang='lat' dir='ltr'>„Ipsi</span> <span class='ocrx_word' id='word_1_205' title='bbox 424 1953 464 2007; x_wconf 93' lang='lat'>⁷)</span> <span class='ocrx_word' id='word_1_206' title='bbox 494 1951 537 1991; x_wconf 87' lang='lat' dir='ltr'>in</span> <span class='ocrx_word' id='word_1_207' title='bbox 567 1950 723 2008; x_wconf 77' lang='lat' dir='ltr'>justitia</span> <span class='ocrx_word' id='word_1_208' title='bbox 762 1967 835 1991; x_wconf 86' lang='lat' dir='ltr'>sua</span> <span class='ocrx_word' id='word_1_209' title='bbox 871 1951 1160 2002; x_wconf 78' lang='lat' dir='ltr'>salvabuntur,</span> <span class='ocrx_word' id='word_1_210' title='bbox 1200 1954 1302 1996; x_wconf 84' lang='lat' dir='ltr'>dicit</span> <span class='ocrx_word' id='word_1_211' title='bbox 1330 1955 1499 1999; x_wconf 88' lang='lat' dir='ltr'>Adonai</span> 
     </span>
     <span class='ocr_line' id='line_1_25' title="bbox 76 2026 1496 2090; baseline 0.006 -23"><span class='ocrx_word' id='word_1_212' title='bbox 76 2026 327 2068; x_wconf 83' lang='lat' dir='ltr'>Dominus.“</span> <span class='ocrx_word' id='word_1_213' title='bbox 370 2028 492 2071; x_wconf 83' lang='lat' dir='ltr'>Prius</span> <span class='ocrx_word' id='word_1_214' title='bbox 514 2044 670 2069; x_wconf 88' lang='lat' dir='ltr'>nomen</span> <span class='ocrx_word' id='word_1_215' title='bbox 686 2028 771 2068; x_wconf 75' lang='lat' dir='ltr'>Dei</span> <span class='ocrx_word' id='word_1_216' title='bbox 800 2039 979 2084; x_wconf 85' lang='lat' dir='ltr'>quatuor</span> <span class='ocrx_word' id='word_1_217' title='bbox 1009 2028 1243 2072; x_wconf 85' lang='lat' dir='ltr'>litterarum</span> <span class='ocrx_word' id='word_1_218' title='bbox 1275 2044 1348 2083; x_wconf 82' lang='lat' dir='ltr'>est,</span> <span class='ocrx_word' id='word_1_219' title='bbox 1380 2037 1496 2090; x_wconf 89' lang='lat' dir='ltr'>quod</span> 
     </span>
     <span class='ocr_line' id='line_1_26' title="bbox 78 2103 1500 2167; baseline 0.005 -23"><span class='ocrx_word' id='word_1_220' title='bbox 78 2103 379 2160; x_wconf 76' lang='lat' dir='ltr'>interpretatur</span> <span class='ocrx_word' id='word_1_221' title='bbox 421 2106 667 2147; x_wconf 85' lang='lat' dir='ltr'>naturaliter</span> <span class='ocrx_word' id='word_1_222' title='bbox 710 2106 840 2146; x_wconf 87' lang='lat' dir='ltr'>Deus.</span> <span class='ocrx_word' id='word_1_223' title='bbox 914 2105 1025 2158; x_wconf 85' lang='lat' dir='ltr'>Ergo</span> <span class='ocrx_word' id='word_1_224' title='bbox 1078 2106 1282 2148; x_wconf 79' lang='lat' dir='ltr'>emittitur</span> <span class='ocrx_word' id='word_1_225' title='bbox 1323 2123 1500 2167; x_wconf 89' lang='lat' dir='ltr'>propter</span> 
     </span>
     <span class='ocr_line' id='line_1_27' title="bbox 78 2183 1499 2240; baseline 0.006 -19"><span class='ocrx_word' id='word_1_226' title='bbox 78 2192 250 2236; x_wconf 82' lang='lat' dir='ltr'>peccata</span> <span class='ocrx_word' id='word_1_227' title='bbox 277 2193 412 2223; x_wconf 85' lang='lat' dir='ltr'>terrae</span> <span class='ocrx_word' id='word_1_228' title='bbox 442 2183 595 2224; x_wconf 82' lang='lat' dir='ltr'>fames:</span> <span class='ocrx_word' id='word_1_229' title='bbox 636 2193 746 2223; x_wconf 83' lang='lat' dir='ltr'>terra</span> <span class='ocrx_word' id='word_1_230' title='bbox 776 2198 876 2222; x_wconf 90' lang='lat' dir='ltr'>vero</span> <span class='ocrx_word' id='word_1_231' title='bbox 907 2184 1139 2224; x_wconf 83' lang='lat' dir='ltr'>secundum</span> <span class='ocrx_word' id='word_1_232' title='bbox 1170 2202 1314 2227; x_wconf 87' lang='lat' dir='ltr'>omnes</span> <span class='ocrx_word' id='word_1_233' title='bbox 1343 2203 1499 2240; x_wconf 88' lang='lat' dir='ltr'>sensus,</span> 
     </span>
     <span class='ocr_line' id='line_1_28' title="bbox 80 2259 1501 2315; baseline 0.006 -17"><span class='ocrx_word' id='word_1_234' title='bbox 80 2273 184 2313; x_wconf 87' lang='lat' dir='ltr'>quos</span> <span class='ocrx_word' id='word_1_235' title='bbox 223 2275 347 2315; x_wconf 82' lang='lat' dir='ltr'>supra</span> <span class='ocrx_word' id='word_1_236' title='bbox 385 2259 585 2310; x_wconf 83' lang='lat' dir='ltr'>diximus,</span> <span class='ocrx_word' id='word_1_237' title='bbox 629 2270 670 2300; x_wconf 88' lang='lat' dir='ltr'>et</span> <span class='ocrx_word' id='word_1_238' title='bbox 706 2275 977 2314; x_wconf 86' lang='lat' dir='ltr'>quoscunque</span> <span class='ocrx_word' id='word_1_239' title='bbox 1008 2259 1306 2314; x_wconf 79' lang='lat' dir='ltr'>intelligentiae</span> <span class='ocrx_word' id='word_1_240' title='bbox 1336 2265 1501 2306; x_wconf 81' lang='lat' dir='ltr'>audito-</span> 
     </span>
    </p>
   </div>
   <div class='ocr_carea' id='block_1_3' title="bbox 81 2335 1498 2392">
    <p class='ocr_par' dir='ltr' id='par_1_5' title="bbox 81 2335 1498 2392">
     <span class='ocr_line' id='line_1_29' title="bbox 81 2335 1498 2392; baseline 0.007 -19"><span class='ocrx_word' id='word_1_241' title='bbox 81 2350 174 2374; x_wconf 87' lang='lat' dir='ltr'>rum</span> <span class='ocrx_word' id='word_1_242' title='bbox 203 2335 474 2392; x_wconf 86' lang='lat' dir='ltr'>reliquimus,</span> <span class='ocrx_word' id='word_1_243' title='bbox 504 2348 551 2377; x_wconf 90' lang='lat' dir='ltr'>ut</span> <span class='ocrx_word' id='word_1_244' title='bbox 583 2352 630 2378; x_wconf 86' lang='lat' dir='ltr'>ex</span> <span class='ocrx_word' id='word_1_245' title='bbox 661 2335 812 2377; x_wconf 86' lang='lat' dir='ltr'>nostris</span> <span class='ocrx_word' id='word_1_246' title='bbox 843 2335 964 2377; x_wconf 86' lang='lat' dir='ltr'>dictis</span> <span class='ocrx_word' id='word_1_247' title='bbox 994 2335 1074 2392; x_wconf 84' lang='lat' dir='ltr'>ipsi</span> <span class='ocrx_word' id='word_1_248' title='bbox 1103 2337 1183 2379; x_wconf 87' lang='lat' dir='ltr'>sibi</span> <span class='ocrx_word' id='word_1_249' title='bbox 1214 2340 1498 2392; x_wconf 14' lang='lat' dir='ltr'>aliasrintelli-</span> 
     </span>
    </p>
   </div>
   <div class='ocr_carea' id='block_1_4' title="bbox 201 2529 1053 2585">
    <p class='ocr_par' dir='ltr' id='par_1_6' title="bbox 201 2529 1053 2585">
     <span class='ocr_line' id='line_1_30' title="bbox 201 2529 1053 2585; baseline 0.008 -15"><span class='ocrx_word' id='word_1_250' title='bbox 201 2529 242 2585; x_wconf 86' lang='lat'>¹)</span> <span class='ocrx_word' id='word_1_251' title='bbox 271 2530 378 2572; x_wconf 83' lang='lat' dir='ltr'>Edd.</span> <span class='ocrx_word' id='word_1_252' title='bbox 410 2533 604 2574; x_wconf 83' lang='lat' dir='ltr'>Merlini:</span> <span class='ocrx_word' id='word_1_253' title='bbox 638 2545 679 2574; x_wconf 83' lang='lat' dir='ltr'>et</span> <span class='ocrx_word' id='word_1_254' title='bbox 709 2534 820 2576; x_wconf 83' lang='lat' dir='ltr'>filius</span> <span class='ocrx_word' id='word_1_255' title='bbox 850 2535 1053 2577; x_wconf 82' lang='lat' dir='ltr'>Abrahae.</span> 
     </span>
    </p>
   </div>
   <div class='ocr_carea' id='block_1_5' title="bbox 200 2599 1366 2723">
    <p class='ocr_par' dir='ltr' id='par_1_7' title="bbox 200 2599 1366 2723">
     <span class='ocr_line' id='line_1_31' title="bbox 200 2599 1366 2660; baseline 0.005 -19"><span class='ocrx_word' id='word_1_256' title='bbox 200 2599 243 2652; x_wconf 80' lang='grc'>2)</span> <span class='ocrx_word' id='word_1_257' title='bbox 276 2600 360 2642; x_wconf 85' lang='lat' dir='ltr'>Cfr.</span> <span class='ocrx_word' id='word_1_258' title='bbox 393 2601 542 2644; x_wconf 89' lang='lat' dir='ltr'>Ezech.</span> <span class='ocrx_word' id='word_1_259' title='bbox 575 2605 690 2656; x_wconf 86' lang='lat' dir='ltr'>XIV,</span> <span class='ocrx_word' id='word_1_260' title='bbox 721 2605 786 2649; x_wconf 80' lang='grc'>14.</span> <span class='ocrx_word' id='word_1_261' title='bbox 904 2605 947 2660; x_wconf 84' lang='grc'>3)</span> <span class='ocrx_word' id='word_1_262' title='bbox 977 2606 1127 2648; x_wconf 86' lang='lat' dir='ltr'>Ezech.</span> <span class='ocrx_word' id='word_1_263' title='bbox 1157 2607 1272 2657; x_wconf 79' lang='lat' dir='ltr'>XIV,</span> <span class='ocrx_word' id='word_1_264' title='bbox 1304 2607 1366 2651; x_wconf 73' lang='grc'>14.</span> 
     </span>
     <span class='ocr_line' id='line_1_32' title="bbox 201 2669 856 2723; baseline 0.011 -13"><span class='ocrx_word' id='word_1_265' title='bbox 201 2669 243 2723; x_wconf 66' lang='lat'>⁴)</span> <span class='ocrx_word' id='word_1_266' title='bbox 276 2671 354 2711; x_wconf 88' lang='lat' dir='ltr'>Ed.</span> <span class='ocrx_word' id='word_1_267' title='bbox 387 2672 436 2712; x_wconf 87' lang='lat' dir='ltr'>R.</span> <span class='ocrx_word' id='word_1_268' title='bbox 469 2673 578 2713; x_wconf 83' lang='lat' dir='ltr'>sola:</span> <span class='ocrx_word' id='word_1_269' title='bbox 610 2674 856 2717; x_wconf 88' lang='lat' dir='ltr'>similitudo.</span> 
     </span>
    </p>
   </div>
   <div class='ocr_carea' id='block_1_6' title="bbox 199 2740 1504 2862">
    <p class='ocr_par' dir='ltr' id='par_1_8' title="bbox 199 2740 1504 2862">
     <span class='ocr_line' id='line_1_33' title="bbox 199 2740 1182 2800; baseline 0.009 -20"><span class='ocrx_word' id='word_1_270' title='bbox 199 2740 242 2796; x_wconf 76' lang='lat'>⁵)</span> <span class='ocrx_word' id='word_1_271' title='bbox 273 2742 293 2781; x_wconf 90' lang='lat'>1</span> <span class='ocrx_word' id='word_1_272' title='bbox 317 2741 413 2783; x_wconf 67' lang='lat' dir='ltr'>cor.</span> <span class='ocrx_word' id='word_1_273' title='bbox 445 2741 544 2792; x_wconf 82' lang='grc' dir='ltr'>ΧΠ,</span> <span class='ocrx_word' id='word_1_274' title='bbox 572 2741 639 2785; x_wconf 87' lang='lat'>27.</span> <span class='ocrx_word' id='word_1_275' title='bbox 759 2745 802 2800; x_wconf 68' lang='grc' dir='ltr'>ὅ)</span> <span class='ocrx_word' id='word_1_276' title='bbox 835 2746 935 2787; x_wconf 76' lang='lat' dir='ltr'>Luc.</span> <span class='ocrx_word' id='word_1_277' title='bbox 966 2745 1084 2797; x_wconf 73' lang='lat' dir='ltr'>xix,</span> <span class='ocrx_word' id='word_1_278' title='bbox 1117 2747 1182 2792; x_wconf 84' lang='lat'>10.</span> 
     </span>
     <span class='ocr_line' id='line_1_34' title="bbox 201 2808 1504 2862; baseline 0.008 -13"><span class='ocrx_word' id='word_1_279' title='bbox 201 2808 243 2862; x_wconf 62' lang='grc' dir='ltr'>ν)</span> <span class='ocrx_word' id='word_1_280' title='bbox 273 2809 423 2851; x_wconf 70' lang='lat' dir='ltr'>Ezech.</span> <span class='ocrx_word' id='word_1_281' title='bbox 456 2810 572 2862; x_wconf 79' lang='lat' dir='ltr'>xlv,</span> <span class='ocrx_word' id='word_1_282' title='bbox 604 2811 669 2856; x_wconf 81' lang='lat'>14.</span> <span class='ocrx_word' id='word_1_283' title='bbox 711 2839 761 2847; x_wconf 88' lang='lat'>-</span> <span class='ocrx_word' id='word_1_284' title='bbox 802 2813 909 2857; x_wconf 88' lang='lat' dir='ltr'>Edd.</span> <span class='ocrx_word' id='word_1_285' title='bbox 941 2815 1135 2859; x_wconf 71' lang='lat' dir='ltr'>merlini:</span> <span class='ocrx_word' id='word_1_286' title='bbox 1177 2816 1279 2859; x_wconf 80' lang='lat' dir='ltr'>dicit</span> <span class='ocrx_word' id='word_1_287' title='bbox 1309 2816 1504 2859; x_wconf 78' lang='lat' dir='ltr'>dominus</span> 
     </span>
    </p>
   </div>
   <div class='ocr_carea' id='block_1_7' title="bbox 83 2864 246 2906">
    <p class='ocr_par' dir='ltr' id='par_1_9' title="bbox 83 2864 246 2906">
     <span class='ocr_line' id='line_1_35' title="bbox 83 2864 246 2906; baseline 0 0"><span class='ocrx_word' id='word_1_288' title='bbox 83 2864 246 2906; x_wconf 82' lang='lat' dir='ltr'>adonai.</span> 
     </span>
    </p>
   </div>
   <div class='ocr_carea' id='block_1_8' title="bbox 81 2948 1231 2999">
    <p class='ocr_par' dir='ltr' id='par_1_10' title="bbox 81 2948 1231 2999">
     <span class='ocr_line' id='line_1_36' title="bbox 81 2948 1231 2999; baseline 0.005 -7"><span class='ocrx_word' id='word_1_289' title='bbox 81 2948 315 2995; x_wconf 74' lang='lat' dir='ltr'>Omossms</span> <span class='ocrx_word' id='word_1_290' title='bbox 339 2951 518 2999; x_wconf 72' lang='lat' dir='ltr'>OPERA.</span> <span class='ocrx_word' id='word_1_291' title='bbox 564 2952 688 2997; x_wconf 83' lang='grc' dir='ltr'>ΤοΜ.</span> <span class='ocrx_word' id='word_1_292' title='bbox 708 2954 826 2996; x_wconf 85' lang='lat' dir='ltr'>XIV.</span> <span class='ocrx_word' id='word_1_293' title='bbox 1204 2955 1231 2998; x_wconf 94' lang='lat'>5</span> 
     </span>
    </p>
   </div>
  </div>
 </body>
</html>
