1759 3134
166 132 250 178 348
456 130 680 174 Ommzms
709 143 754 174 m
786 131 969 174 CANric.
1001 130 1304 176 Cannensium

167 257 301 304 patre,
331 245 447 286 aliud
480 245 589 287 ultra
621 245 706 304 jam
724 245 866 286 videre
898 243 1008 285 nolit
1027 242 1078 301 ¹),
1109 260 1245 301 neque
1268 245 1434 287 auditus
1464 246 1594 297 aliud,

171 341 295 382 quam
335 324 511 364 verbum
549 322 658 364 vitae
698 334 741 365 et
777 322 920 364 salutis
958 321 1116 368 audire.
1175 322 1262 365 Sed
1295 333 1336 364 et
1366 321 1482 381 cujus
1511 340 1598 366 ma-

169 419 246 445 nus
275 399 512 459 palpaverit
542 401 594 442 de
625 402 756 443 xierbo
787 401 919 451 vitae,
948 399 1054 441 nihil
1084 399 1194 441 ultra
1222 398 1464 450 materiale,
1491 399 1597 441 nihil

172 479 319 534 fragile
353 479 640 536 caducumque
670 478 882 537 palpabit,
921 494 999 519 nec
1030 489 1193 532 gustus,
1234 495 1331 519 curn
1373 478 1599 530 gustaverit

170 561 333 601 bonum
363 557 540 599 verbum
569 556 675 607 Dei,
717 573 967 614 carnemque
1009 555 1097 616 ejus
1139 568 1180 598 et
1218 572 1396 613 panem,
1435 555 1508 612 qui
1547 557 1599 597 dc.

172 637 295 680 coelo
328 634 566 685 descendit,
600 634 715 676 aliud
747 634 847 693 quid
878 646 977 692 post
1006 635 1109 677 haec
1131 634 1174 691 ²)
1205 645 1369 688 gustare
1402 633 1598 691 patietur.

169 717 275 758 Prae
307 712 532 756 dulcedine
562 727 742 768 namque
774 711 918 768 ipsius,
950 725 991 755 et
1021 713 1221 756 suavitate
1244 713 1380 755 omnis
1409 712 1599 769 reliquus

171 793 209 835 ei
240 808 366 850 sapor
395 807 518 849 asper
546 789 760 832 videbitur
790 802 832 833 et
862 808 1045 843 amarus,
1089 802 1130 833 et
1160 790 1260 832 ideo
1291 791 1373 833 hoc
1404 791 1499 834 solo
1530 807 1602 832 ve-

168 882 319 914 scetur.
372 869 559 912 Omnem
587 884 768 926 namque
789 869 1050 921 suavitatem,
1083 885 1376 928 quamcunque
1407 868 1602 927 cupierit,

170 950 215 992 in
244 950 327 990 hoc
356 947 563 999 inveniet3
602 946 655 988 ad
695 947 836 990 omnia
874 964 1055 1006 namque
1094 959 1240 1005 aptum
1279 963 1322 990 se
1358 946 1521 997 reddit,
1561 958 1602 988 et

169 1025 368 1069 habilem.
440 1024 638 1081 Denique
682 1024 770 1077 his,
817 1026 890 1083 qui
935 1043 984 1068 ex
1006 1027 1049 1082 ³)
1091 1025 1404 1083 incorruptibili
1443 1024 1602 1067 semine

171 1115 493 1159 regenerantur,
532 1101 785 1144 rationabile
827 1114 868 1145 et
906 1103 994 1145 sine
1035 1103 1138 1145 dolo
1181 1104 1365 1146 efficitur
1405 1104 1491 1145 lac:
1538 1103 1601 1144 his

172 1199 297 1234 vero,
338 1180 411 1239 qui
450 1180 716 1222 infirmantur
756 1179 800 1222 in
840 1180 1008 1238 aliquo,
1050 1179 1167 1223 olera
1190 1180 1236 1234 ⁴)
1274 1196 1316 1222 se
1346 1182 1521 1237 praebet
1551 1182 1603 1222 ad

173 1258 471 1318 hospitalitatis
510 1257 740 1300 amicitiam
780 1269 821 1300 et
859 1258 1044 1312 gratiam.
1118 1258 1196 1300 His
1235 1274 1362 1310 vero,
1409 1258 1482 1316 qui
1522 1275 1602 1316 pro

171 1337 454 1397 possibilitate
485 1337 680 1378 sumendi
704 1336 770 1393 ⁵),
803 1336 1051 1378 exercitatos
1081 1336 1237 1378 habent
1267 1352 1408 1379 sensus
1439 1338 1492 1378 ad
1523 1338 1605 1379 dis-

174 1417 407 1459 cretionem
443 1416 548 1457 boni
592 1426 633 1457 et
658 1415 784 1466 mali,
828 1415 970 1458 cibum
1009 1431 1052 1457 se
1092 1414 1280 1457 solidum
1309 1416 1496 1472 praebet.
1557 1415 1605 1458 Si

173 1495 245 1553 qui
276 1511 377 1536 vero
410 1505 526 1545 sunt,
567 1493 639 1551 qui
682 1493 855 1535 exierint
899 1494 951 1535 de
982 1495 1201 1551 Aegypto,
1242 1504 1283 1534 et
1320 1492 1454 1534 secuti
1487 1493 1605 1534 colu-

172 1589 313 1615 mnam
352 1571 455 1625 ignis
497 1583 538 1613 et
582 1571 728 1622 nubis,
767 1571 810 1612 in
842 1588 1031 1613 eremum
1061 1571 1274 1622 venerint,
1315 1571 1366 1612 de
1398 1571 1522 1612 coelo
1553 1573 1605 1612 ad

172 1651 271 1694 illos
303 1649 541 1701 descendit,
581 1650 792 1692 minutum
823 1661 865 1691 et.
893 1649 1094 1691 subtilem
1132 1648 1183 1690 iis
1212 1650 1418 1706 praebens
1449 1649 1605 1701 cibum,

172 1729 362 1784 angelico
396 1727 593 1778 similem,
624 1727 683 1770 ita
711 1739 759 1770 ut
777 1745 930 1786 panem
950 1729 1195 1782 angelorum
1212 1729 1440 1770 manducet
1459 1727 1602 1769 homo.

171 1809 312 1851 Habet
352 1819 394 1849 et
431 1805 532 1848 alias
570 1806 724 1848 multas
761 1806 805 1848 in
833 1804 876 1864 ⁶)
920 1818 1054 1849 semet
1082 1806 1177 1863 ipso
1210 1818 1335 1864 atque
1366 1805 1605 1848 innumeras

171 1887 364 1929 ciborum
412 1884 698 1936 differentias,
744 1902 843 1942 quas
887 1884 1058 1927 interim
1096 1885 1212 1943 pelle
1260 1884 1351 1942 quis
1398 1896 1438 1926 et
1480 1901 1602 1927 carne

170 1965 416 2021 ossibusque
446 1963 617 2006 indutus
648 1975 689 2005 et
717 1963 869 2014 nervis,
900 1979 1050 2020 capere
1081 1979 1168 2004 non
1197 1975 1352 2021 potest.
1413 1962 1502 2018 Qui
1531 1980 1603 2005 au·

167 2056 255 2085 tem
286 2043 433 2097 dignus
463 2042 592 2084 fuerit
621 2041 783 2093 redire,
817 2052 858 2083 et
889 2057 977 2083 esse
1006 2057 1102 2082 cum
1133 2040 1324 2092 Christo,
1372 2041 1528 2098 quique
1559 2042 1600 2082 in

168 2139 299 2179 parvo
330 2120 468 2163 fidelis
498 2120 706 2171 inventus,
738 2119 1016 2161 constituetur
1044 2135 1172 2175 super
1187 2119 1334 2170 multa,
1364 2119 1438 2160 ille
1464 2131 1600 2172 gusta-

166 2201 232 2243 bit
276 2212 317 2242 et
362 2198 498 2257 capiet
542 2198 808 2254 voluptatem
844 2196 1044 2248 Domini,
1091 2197 1321 2253 perductus
1359 2199 1411 2239 ad
1455 2198 1600 2239 locum

170 2280 380 2338 quendam
403 2277 466 2334 ⁷),
505 2276 577 2334 qui
616 2293 696 2334 pro
728 2274 972 2334 hujusmodi
1004 2274 1198 2317 ciborum
1229 2275 1364 2334 copiis
1395 2288 1434 2318 et
1465 2276 1598 2318 varie-

291 2490 332 2546 ¹)
361 2489 473 2531 Edd.
506 2487 704 2530 Merlini:
735 2487 885 2529 nollet.
1006 2488 1048 2544 ²)
1078 2488 1187 2531 Edd.
1219 2488 1415 2532 Merlini:
1445 2489 1542 2532 hoc.

289 2561 334 2616 ³)
365 2560 475 2602 Edd.
507 2558 703 2602 Merlini:
739 2575 787 2600 ex
820 2557 1090 2616 corruptibili
1119 2560 1279 2604 semine
1308 2571 1568 2615 generantur.

288 2630 333 2687 ⁴)
361 2631 472 2673 Edd.
503 2629 701 2673 Merlini:
738 2630 879 2671 oleum
911 2647 954 2672 se
984 2632 1159 2688 praebet
1191 2644 1269 2685 etc.

291 2703 334 2760 ⁵)
364 2702 474 2744 Edd.
505 2699 701 2743 Merlini:
743 2701 937 2743 sumendi
966 2714 1009 2744 et
1038 2703 1287 2746 exercitatos
1317 2713 1396 2745 etc.
1427 2725 1482 2735 —-
1512 2701 1596 2744 Cfr.

173 2761 302 2803 Hebr.
335 2761 386 2810 V,
418 2758 484 2802 14.

289 2831 332 2888 ⁶)
363 2829 472 2871 Edd.
503 2828 699 2872 Merlini:
729 2829 772 2871 in
803 2846 847 2872 se
876 2830 970 2888 ipso
1003 2843 1080 2874 etc.

292 2901 335 2958 ⁷)
365 2901 499 2944 Deest
528 2900 808 2957 „quendam“
839 2900 883 2943 in
915 2902 1010 2945 edd.
1041 2902 1103 2945 Μ.
