1738 3134
230 166 284 209 10
635 168 854 209 Omonms
884 181 930 208 m
960 165 1256 209 Ezncmssmm

226 279 308 319 rint
348 280 400 319 ad
437 294 528 328 me,
574 295 785 335 apponam
830 279 878 320 iis
927 280 1067 335 plagas
1112 290 1274 334 septem
1315 294 1441 334 super
1482 290 1653 334 peccata

228 372 388 396 eorum.
439 356 485 397 Si
523 367 662 396 autem
701 368 799 412 post
837 357 939 397 haec
972 355 1161 397 conversi
1193 372 1278 396 non
1311 356 1480 405 suerint,
1513 372 1655 396 emen-

229 433 338 473 dabo
372 438 487 473 eos.“
547 433 702 476 Omnia
731 433 838 485 Dei,
870 451 976 490 quae
1010 434 1205 474 videntur
1235 449 1372 474 amara
1403 449 1513 484 esse,
1544 433 1585 473 in
1613 434 1653 490 ¹)

229 509 513 551 eruditionem
551 522 591 551 et
636 511 823 552 remedia
867 511 1110 567 proficiunt.
1183 511 1378 552 Medicus
1425 522 1485 551 est
1522 511 1654 559 Deus,

229 599 348 642 pater
376 600 439 629 est
467 588 607 639 Deus,
640 588 836 629 dominus
868 600 928 630 est
958 605 1043 629 non
1075 605 1217 644 asper,
1248 590 1322 629 sed
1352 588 1458 629 lenis
1490 600 1549 629 est
1581 588 1656 628 do-

230 664 379 706 minus.
433 665 479 707 Si
510 666 674 707 veneris
705 667 756 707 ad
788 683 873 716 eos,
905 666 975 722 qui
1007 666 1144 721 puniti
1177 677 1272 706 sunt
1303 666 1535 705 secundum
1566 665 1656 704 elo·-

230 741 328 797 quia
357 743 693 798 Scripturarum‚
734 760 945 800 compone
977 743 1215 799 Scripturas
1247 742 1497 798 Scripturis,
1536 754 1582 782 ut
1615 752 1655 781 et

229 830 271 859 te
300 820 533 875 Apostolus
573 822 720 871 docet,
767 833 808 862 et
850 821 1010 861 videbis
1050 821 1109 861 ibi
1150 820 1390 861 dulcissima
1429 835 1540 868 esse,
1581 817 1656 858 ubi

230 897 483 938 amarissima
529 898 826 939 existimantur.
852 899 896 955 ²)
970 899 1186 954 Scriptum
1233 909 1295 938 est
1337 898 1379 937 in
1425 896 1655 952 propheta:

229 989 352 1022 „non
390 974 575 1016 vindicat
615 976 679 1016 bis
716 976 760 1017 in
798 976 842 1016 id
880 976 1019 1032 ipsum
1056 976 1101 1016 in
1144 974 1348 1032 judicio.“
1414 972 1657 1014 vindicavit

229 1051 361 1091 semel
402 1051 446 1092 in
482 1051 641 1109 judicio
680 1069 758 1109 per
795 1053 1026 1103 diluvium,
1074 1052 1303 1093 vindicavit
1340 1051 1471 1093 semel
1512 1050 1555 1090 in
1594 1049 1659 1107 ju-

233 1127 345 1167 dicio
383 1145 511 1185 super
549 1131 740 1172 Sodoma
780 1142 821 1171 et
859 1130 1140 1182 Gomorram,
1179 1130 1409 1171 vindicavit
1442 1127 1574 1170 semel
1614 1126 1658 1167 in

228 1202 389 1260 judicio
418 1223 547 1262 super
575 1209 838 1265 Aegyptum,
885 1221 926 1248 et
965 1219 1158 1249 sexcenta
1195 1208 1331 1248 millia
1359 1207 1657 1248 Israelitarum.

229 1282 332 1322 Noli
365 1282 621 1334 existimare,
648 1285 690 1341 3)
734 1286 851 1341 quod
888 1286 991 1326 haec
1029 1285 1138 1325 ultio
1170 1301 1310 1340 poena
1338 1296 1501 1324 tantum
1531 1284 1660 1325 fuerit

230 1360 546 1414 peccatoribus,
594 1362 711 1417 quasi
753 1374 851 1418 post
888 1375 1073 1404 mortem
1114 1374 1154 1403 et
1193 1361 1402 1418 supplicia
1439 1362 1596 1403 iterum
1637 1379 1659 1402 a

232 1437 444 1492 supplicio
477 1439 715 1494 excipiendi
743 1440 836 1481 sint.
896 1441 1042 1482 Puniti
1071 1452 1167 1481 sunt
1195 1439 1238 1480 in
1267 1439 1498 1495 praesenti,
1534 1455 1587 1479 ne
1616 1439 1660 1479 in

231 1516 375 1555 futuro
407 1514 558 1572 jugiter
586 1518 849 1572 punirentur.
910 1518 1044 1560 Cerne
1081 1533 1314 1574 pauperem
1342 1517 1386 1556 in
1417 1516 1659 1569 evangelio:

232 1593 445 1647 squallore
479 1604 520 1633 et
548 1593 725 1648 penuria
753 1595 975 1650 premitur,
1007 1607 1048 1635 et
1076 1606 1225 1650 postea
1254 1594 1295 1634 in
1314 1593 1542 1635 Abrahami
1567 1594 1660 1635 sinu

231 1669 471 1724 requiescit.
530 1670 711 1726 Recepit
736 1669 779 1726 4)
820 1673 931 1713 mala
968 1688 1040 1713 sua
1077 1672 1123 1712 in
1156 1671 1240 1712 vita
1269 1687 1354 1712 sua.
1413 1672 1538 1713 Unde
1567 1672 1660 1722 scis,

233 1763 284 1786 an
323 1746 582 1802 receperint,
622 1748 694 1803 qui
729 1748 774 1789 in
815 1749 977 1790 diluvio
1017 1761 1114 1790 sunt
1151 1749 1311 1798 necati,
1355 1746 1466 1790 'mala
1503 1766 1577 1790 sua
1617 1750 1661 1790 in

234 1823 348 1865 vita?
403 1824 528 1865 Unde
576 1826 709 1876 nosti,
754 1838 953 1867 utrumne
1001 1826 1192 1867 restituta
1237 1825 1320 1866 sint
1357 1827 1574 1868 Sodomae
1623 1840 1663 1869 et

236 1901 474 1942 Gomorrae
503 1904 614 1943 mala
642 1919 716 1943 sua
745 1903 788 1943 in
819 1903 904 1945 vita
934 1903 1038 1946 sua?
1083 1903 1196 1943 Audi
1226 1902 1519 1944 testimonium
1550 1904 1663 1946 Scri-

233 1990 473 2034 pturarum:
505 1979 566 2020 vis
596 1980 836 2020 testamenti
861 1980 1012 2021 veteris
1042 1980 1333 2021 testimonium
1359 1980 1550 2023 discere?
1588 1982 1663 2023 Vis

234 2056 335 2096 novi
376 2056 574 2098 edoceri?
630 2057 893 2098 Restituetur
923 2058 1115 2098 Sodoma
1152 2057 1196 2097 in
1234 2057 1473 2114 antiquum:
1513 2070 1554 2099 et
1591 2061 1663 2100 ad-

235 2132 317 2172 huc
358 2132 545 2185 dubitas,
583 2150 634 2174 an
674 2136 810 2175 bonus
850 2134 903 2175 sit
932 2134 1144 2175 Dominus
1181 2134 1359 2189 puniens
1391 2136 1665 2179 sodomitas?

235 2209 615 2267 „Tolerabilius⁵)
648 2211 727 2252 erit
756 2224 890 2252 terrae
911 2212 1204 2252 Sodomorum
1236 2224 1277 2252 et
1296 2212 1660 2255 Gomorraeorum

234 2285 278 2325 in
309 2287 377 2326 <lie
406 2286 613 2345 judicii,“
654 2289 756 2329 dicit
785 2291 997 2330 Dominus
1034 2289 1233 2330 miserans
1265 2284 1520 2331 Sodomitas.
1579 2285 1662 2326 Be-

233 2363 381 2416 nignus
413 2380 509 2416 crgo
543 2377 604 2406 est
622 2367 753 2417 Deus,
786 2368 969 2408 clemens
1002 2379 1062 2407 est
1084 2368 1213 2408 Deus.
1263 2366 1506 2419 „Solem⁶)
1539 2381 1662 2405 suum

237 2457 335 2482 vere
367 2442 468 2482 oriri
500 2442 599 2482 facit
628 2460 756 2499 super
783 2445 921 2485 bonos
952 2457 994 2485 et
1022 2446 1178 2485 malos:
1210 2456 1250 2485 et
1280 2443 1391 2500 pluit
1414 2459 1511 2483 vere
1538 2458 1664 2498 super

359 2610 398 2664 ¹)
429 2609 537 2649 Edd.
569 2610 765 2651 Merlini:
797 2613 850 2652 ad
881 2613 1166 2653 eruditionem
1199 2613 1284 2652 (ηεξ

355 2681 397 2735 ²)
429 2679 538 2719 Edd.
569 2679 768 2721 Mcrlini:
801 2682 1082 2723 aestimantur.

359 2752 400 2805 3)
432 2750 541 2789 Edd.
573 2750 765 2791 Mcrlini:
797 2752 1026 2793 aestimare.

360 2820 400 2875 ³)
433 2820 541 2860 Edd.
574 2821 766 2862 Mcrlini:
799 2823 979 2878 Recipit.
1273 2850 1281 2865 ι

361 2890 402 2946 ⁵)
435 2891 585 2933 Matth.
618 2891 670 2939 X,
706 2891 770 2935 15.
891 2894 933 2947 ⁶)
969 2895 1053 2936 Csr.
1086 2894 1233 2934 'Manli⁸
1267 2893 1318 2941 V,
1349 2893 1415 2935 45.
