1759 3134
220 144 303 191 292
477 142 699 188 Omsnms
729 155 774 187 m
805 143 1044 188 Cmncum
1086 145 1390 190 CAN-riconum

224 270 290 301 tus
323 271 404 312 est,
447 271 673 302 renovatur
704 260 755 302 de
797 260 865 302 die
907 260 950 302 in
990 259 1144 301 diem.“
1203 259 1258 301 Et
1296 259 1480 301 iterum:
1519 273 1656 309 „con-

225 338 417 379 delector
434 339 475 396 ¹)
508 339 621 380 enim
651 339 732 393 legi
752 339 837 380 Dei
860 340 1092 380 secundum
1112 335 1359 380 interiorem
1378 337 1595 379 hominem
1610 355 1618 379 z
1634 343 1659 364 “

225 428 265 457 et
304 417 366 457 his
408 416 562 459 similia
600 429 752 474 quanta
793 417 1051 459 conscribit?
1109 417 1233 458 Unde
1273 427 1403 473 puto,
1442 414 1658 456 neminem

220 492 306 552 jam
346 495 501 537 debere
540 495 755 548 dubitare,
801 496 918 552 quod
949 496 1091 537 Moses
1133 495 1184 535 de
1223 494 1405 535 duorum
1437 493 1658 536 hominum

221 572 386 614 factura
416 574 484 614 vel
515 573 717 626 figmento
749 573 963 631 scripserit
994 574 1036 614 in
1075 571 1286 629 principio
1321 571 1520 622 Genesis,
1563 587 1659 612 cum

224 649 365 692 videat
397 650 605 703 Paulum,
638 652 710 709 qui
740 651 894 693 melius
925 651 1084 708 utiquc,
1119 667 1244 708 quam
1276 667 1367 702 nos,
1397 649 1660 703 intelligebat

229 744 288 779 ea,
321 745 426 786 quae
459 746 483 771 a
512 730 637 772 Mose
667 730 823 787 scripta
852 742 961 781 sunt,
993 730 1099 771 duos
1130 729 1323 770 homines
1357 744 1444 771 esse
1473 744 1550 786 per
1580 727 1663 769 sin-

228 807 351 860 gulos
383 823 573 865 quosque
608 808 832 850 dicentem.
896 808 1094 864 Quorum
1124 824 1279 859 unum,
1309 806 1354 848 id
1386 818 1460 859 est,
1490 805 1665 848 interio-

223 901 317 927 rem
361 887 558 928 renovari
595 903 673 943 per
711 886 896 941 singulos
939 887 1027 928 dies
1068 897 1295 928 memorat:
1335 885 1516 927 alterum
1546 899 1663 934 vero,

224 963 271 1004 id
302 975 376 1015 est,
406 964 661 1006 exteriorem
690 965 734 1006 in
765 965 1018 1022 quibusdam
1047 966 1224 1016 sanctis,
1258 976 1298 1006 et
1327 964 1494 1014 talibus,
1527 961 1661 1019 qualis

227 1054 316 1084 erat
353 1043 530 1094 Paulus,
581 1043 798 1100 corrumpi
835 1043 1032 1100 perhibet
1077 1056 1117 1085 et
1159 1042 1374 1085 infirmari.
1453 1040 1585 1096 Quod
1627 1038 1662 1080 si

227 1119 356 1162 alicui
387 1119 601 1161 videbitur
632 1121 684 1161 de
714 1121 796 1161 hoc
828 1121 965 1162 adhuc
995 1120 1156 1178 aliquid
1188 1120 1493 1170 dubitandum,
1522 1118 1567 1160 in
1598 1118 1662 1158 lo-

230 1197 514 1254 cis'·pr0priis
551 1197 704 1239 melius
737 1198 1043 1254 explanabitur.
1116 1199 1238 1240 Nunc
1277 1210 1439 1248 autem,
1482 1207 1662 1253 propter

229 1276 335 1333 quid
363 1275 617 1318 memoriam
648 1275 874 1318 fecerimus
903 1276 1118 1318 interioris
1151 1289 1192 1318 et
1226 1275 1444 1318 exterioris
1464 1273 1661 1325 hominis,

227 1372 549 1413 prosequamur.
597 1354 834 1397 Ostendere
867 1355 979 1396 enim
1011 1372 1059 1396 ex
1088 1355 1152 1396 his
1175 1355 1385 1405 volumus,
1417 1354 1535 1410 quod
1563 1352 1664 1395 scri-

227 1432 363 1489 pturis
395 1432 546 1474 divinis
576 1449 653 1490 per
676 1435 721 1489 ²)
754 1433 1070 1492 homonymias,
1103 1434 1147 1475 id
1177 1446 1264 1485 est,
1295 1450 1374 1491 per
1402 1432 1561 1474 similes
1591 1448 1663 1488 ηρ-

227 1511 500 1567 pellationes,
530 1511 618 1553 imo
650 1528 728 1569 per
760 1513 907 1554 eadem
938 1513 1172 1564 vocabula,
1204 1524 1246 1554 et
1277 1511 1496 1553 exterioris
1525 1510 1664 1553 homi-

227 1589 292 1630 nis
331 1590 545 1641 membra,
593 1601 634 1631 et
673 1589 788 1632 illius
825 1590 1038 1632 interioris
1078 1590 1263 1632 hominis
1289 1591 1331 1647 3)
1373 1602 1512 1647 partes
1561 1589 1665 1631 asle-=

231 1678 407 1724 ctusque
444 1667 738 1720 nominantur,
782 1684 913 1725 eaque
951 1685 1038 1710 non
1067 1669 1209 1710 solum
1238 1668 1478 1720 vocabulis,
1518 1668 1592 1709 sed
1623 1679 1665 1709 et

228 1746 354 1787 rebus
372 1745 473 1802 ipsis
491 1745 571 1787 sibi
589 1744 775 1788 invicem
797 1760 1108 1805 comparantur.
1149 1746 1281 1791 Verbi
1301 1746 1443 1800 gratia,
1470 1758 1604 1789 aetate
1620 1746 1664 1803 ⁴)

229 1823 382 1880 aliquis
424 1836 486 1865 est
521 1841 631 1882 puer
668 1827 904 1868 secundum
950 1827 1202 1868 exteriorem
1246 1825 1486 1877 hominem,
1537 1840 1663 1882 quem

228 1902 435 1958 possibile
467 1914 529 1945 est
559 1919 760 1956 crescere,
793 1916 835 1946 et
863 1905 916 1946 ad
946 1916 1127 1947 aetatem
1155 1904 1318 1964 juvenis
1338 1903 1507 1955 adduci,
1537 1914 1663 1960 atque

228 1979 331 2022 inde
370 1982 693 2024 succedentibus
732 1983 1004 2025 incrementis
1041 1982 1265 2040 pervenire
1302 1983 1356 2024 ad
1399 1982 1538 2023 virum
1566 1997 1664 2038 per-

229 2058 412 2110 fectum,
452 2070 494 2100 ct
534 2059 648 2101 effici
686 2072 867 2117 patrem,
926 2061 1003 2103 His
1043 2072 1185 2102 autem
1222 2060 1465 2102 nominibus
1494 2059 1558 2101 uti
1588 2075 1664 2100 vo-

229 2134 387 2177 luimus
405 2137 461 2194 ⁵),
490 2149 539 2178 ut
571 2155 756 2180 consona
777 2139 944 2181 divinae
976 2138 1223 2195 scripturae,
1253 2138 1319 2179 illi
1348 2137 1524 2190 scilicet,
1557 2153 1664 2194 quae

231 2214 283 2255 ab
323 2215 488 2258 Joanne
529 2216 684 2273 scripta
724 2228 806 2270 est,
852 2217 1062 2260 vocabula
1097 2233 1365 2274 poneremus.
1441 2216 1515 2260 Ait
1552 2216 1663 2258 enim

346 2407 386 2466 ¹)
417 2409 544 2452 Rom.
574 2409 673 2462 VII,
702 2408 770 2455 22.

345 2481 388 2534 2)
429 2480 539 2523 Edd.
579 2482 757 2523 Merlini
797 2494 1019 2539 corrupte:
1059 2498 1138 2539 per
1176 2497 1477 2541 mononymas,
1514 2481 1560 2524 id
1599 2489 1658 2525 est

229 2551 307 2594 per
336 2537 517 2590 singulas
549 2539 878 2595 appellationes:
910 2540 1008 2581 ideo
1040 2557 1118 2596 per
1148 2541 1296 2581 eadem
1329 2552 1407 2582 etc.

343 2607 388 2664 ³)
418 2607 528 2650 Edd.
552 2609 749 2651 Merlini:
779 2609 964 2651 hominis
993 2612 1197 2663 membra,
1226 2623 1367 2669 partes
1397 2611 1657 2668 affectusque

226 2664 521 2716 nominantur,
552 2667 783 2723 eademqne
811 2684 899 2709 non
930 2668 1072 2709 solum
1103 2680 1181 2711 etc.

345 2736 388 2793 ⁴)
421 2735 559 2778 Codd.
598 2736 821 2780 Beccensis
861 2751 901 2780 ct
944 2738 1203 2782 Turonensis
1244 2751 1290 2782 ut
1330 2757 1406 2783 nos
1443 2739 1487 2782 in
1528 2751 1654 2781 textu.

225 2793 345 2834 Libri
382 2793 485 2834 editi
526 2796 583 2848 (v.
626 2811 659 2837 e.
701 2796 795 2837 edd.
837 2796 943 2852 M.):
988 2809 1190 2846 „vetatur
1229 2799 1381 2856 aliquis
1421 2814 1507 2840 esse
1553 2813 1659 2853 puer

225 2851 457 2893 secundum
487 2849 733 2903 interiorem
770 2852 1029 2894 hominem.“
1090 2855 1140 2897 Ρι.

348 2922 391 2979 ⁵)
423 2921 531 2964 Edd.
564 2922 760 2964 Merlini:
794 2924 1003 2965 volumus.
