<?xml version="1.0" encoding="UTF-8"?>
<!DOCTYPE html PUBLIC "-//W3C//DTD XHTML 1.0 Transitional//EN"
    "http://www.w3.org/TR/xhtml1/DTD/xhtml1-transitional.dtd">
<html xmlns="http://www.w3.org/1999/xhtml" xml:lang="en" lang="en">
 <head>
  <title>
</title>
<meta http-equiv="Content-Type" content="text/html;charset=utf-8" />
  <meta name='ocr-system' content='tesseract 3.04.00' />
  <meta name='ocr-capabilities' content='ocr_page ocr_carea ocr_par ocr_line ocrx_word'/>
</head>
<body>
  <div class='ocr_page' id='page_1' title='image "./operaomniaquaegr14orig/operaomniaquaegr14orig_0107.png"; bbox 0 0 1759 3134; ppageno 0'>
   <div class='ocr_carea' id='block_1_1' title="bbox 4 396 10 405">
    <p class='ocr_par' dir='ltr' id='par_1_1' title="bbox 4 396 10 405">
     <span class='ocr_line' id='line_1_1' title="bbox 4 396 10 405; baseline 0 0"><span class='ocrx_word' id='word_1_1' title='bbox 4 396 10 405; x_wconf 59' lang='lat' dir='ltr'>s</span> 
     </span>
    </p>
   </div>
   <div class='ocr_carea' id='block_1_2' title="bbox 652 133 1515 189">
    <p class='ocr_par' dir='ltr' id='par_1_2' title="bbox 652 133 1515 189">
     <span class='ocr_line' id='line_1_2' title="bbox 652 133 1515 189; baseline 0.006 -5"><span class='ocrx_word' id='word_1_2' title='bbox 652 133 852 186; x_wconf 68' lang='lat' dir='ltr'>HommA</span> <span class='ocrx_word' id='word_1_3' title='bbox 881 142 952 184; x_wconf 88' lang='lat' dir='ltr'>VI.</span> <span class='ocrx_word' id='word_1_4' title='bbox 1464 146 1515 189; x_wconf 84' lang='lat'>91</span> 
     </span>
    </p>
   </div>
   <div class='ocr_carea' id='block_1_3' title="bbox 95 255 1521 2308">
    <p class='ocr_par' dir='ltr' id='par_1_3' title="bbox 95 255 1521 2308">
     <span class='ocr_line' id='line_1_3' title="bbox 102 255 1517 311; baseline 0.001 -15"><span class='ocrx_word' id='word_1_5' title='bbox 102 272 201 297; x_wconf 86' lang='lat' dir='ltr'>vero</span> <span class='ocrx_word' id='word_1_6' title='bbox 245 272 331 298; x_wconf 85' lang='lat' dir='ltr'>eras</span> <span class='ocrx_word' id='word_1_7' title='bbox 369 257 481 296; x_wconf 84' lang='lat' dir='ltr'>nuda</span> <span class='ocrx_word' id='word_1_8' title='bbox 522 268 563 297; x_wconf 87' lang='lat' dir='ltr'>et</span> <span class='ocrx_word' id='word_1_9' title='bbox 594 256 884 297; x_wconf 87' lang='lat' dir='ltr'>dehonestata:</span> <span class='ocrx_word' id='word_1_10' title='bbox 926 265 966 294; x_wconf 89' lang='lat' dir='ltr'>et</span> <span class='ocrx_word' id='word_1_11' title='bbox 994 255 1165 295; x_wconf 85' lang='lat' dir='ltr'>transivi</span> <span class='ocrx_word' id='word_1_12' title='bbox 1194 271 1272 311; x_wconf 90' lang='lat' dir='ltr'>per</span> <span class='ocrx_word' id='word_1_13' title='bbox 1298 262 1382 297; x_wconf 86' lang='lat' dir='ltr'>te.“</span> <span class='ocrx_word' id='word_1_14' title='bbox 1441 258 1517 298; x_wconf 89' lang='lat' dir='ltr'>Se-</span> 
     </span>
     <span class='ocr_line' id='line_1_4' title="bbox 106 330 1518 386; baseline 0 -12"><span class='ocrx_word' id='word_1_15' title='bbox 106 334 239 374; x_wconf 87' lang='lat' dir='ltr'>cunda</span> <span class='ocrx_word' id='word_1_16' title='bbox 278 333 368 374; x_wconf 88' lang='lat' dir='ltr'>vice</span> <span class='ocrx_word' id='word_1_17' title='bbox 406 333 521 373; x_wconf 72' lang='lat' dir='ltr'>venit</span> <span class='ocrx_word' id='word_1_18' title='bbox 558 334 609 373; x_wconf 87' lang='lat' dir='ltr'>ad</span> <span class='ocrx_word' id='word_1_19' title='bbox 648 348 760 381; x_wconf 87' lang='lat' dir='ltr'>eam,</span> <span class='ocrx_word' id='word_1_20' title='bbox 800 330 906 371; x_wconf 86' lang='lat' dir='ltr'>vidit</span> <span class='ocrx_word' id='word_1_21' title='bbox 941 347 1033 372; x_wconf 89' lang='lat' dir='ltr'>eam</span> <span class='ocrx_word' id='word_1_22' title='bbox 1060 345 1327 386; x_wconf 76' lang='lat' dir='ltr'>peccantem,</span> <span class='ocrx_word' id='word_1_23' title='bbox 1364 333 1518 374; x_wconf 86' lang='lat' dir='ltr'>iterum</span> 
     </span>
     <span class='ocr_line' id='line_1_5' title="bbox 99 408 1516 466; baseline 0.001 -17"><span class='ocrx_word' id='word_1_24' title='bbox 99 422 278 465; x_wconf 85' lang='lat' dir='ltr'>propter</span> <span class='ocrx_word' id='word_1_25' title='bbox 314 422 487 466; x_wconf 81' lang='lat' dir='ltr'>peccata</span> <span class='ocrx_word' id='word_1_26' title='bbox 527 409 703 450; x_wconf 82' lang='lat' dir='ltr'><strong>discedit</strong></span> <span class='ocrx_word' id='word_1_27' title='bbox 729 408 789 463; x_wconf 88' lang='lat'>¹):</span> <span class='ocrx_word' id='word_1_28' title='bbox 833 420 874 448; x_wconf 88' lang='lat' dir='ltr'>et</span> <span class='ocrx_word' id='word_1_29' title='bbox 909 419 1051 448; x_wconf 82' lang='lat' dir='ltr'>tamen</span> <span class='ocrx_word' id='word_1_30' title='bbox 1086 425 1253 450; x_wconf 87' lang='lat' dir='ltr'>rursum</span> <span class='ocrx_word' id='word_1_31' title='bbox 1280 410 1516 461; x_wconf 84' lang='lat' dir='ltr'>revertitur,</span> 
     </span>
     <span class='ocr_line' id='line_1_6' title="bbox 99 485 1517 538; baseline 0.001 -12"><span class='ocrx_word' id='word_1_32' title='bbox 99 487 254 528; x_wconf 86' lang='lat' dir='ltr'>iterum</span> <span class='ocrx_word' id='word_1_33' title='bbox 282 487 421 527; x_wconf 82' lang='lat' dir='ltr'>visitat</span> <span class='ocrx_word' id='word_1_34' title='bbox 452 487 633 528; x_wconf 90' lang='lat' dir='ltr'>clemens</span> <span class='ocrx_word' id='word_1_35' title='bbox 664 497 706 525; x_wconf 90' lang='lat' dir='ltr'>et</span> <span class='ocrx_word' id='word_1_36' title='bbox 733 485 936 537; x_wconf 83' lang='lat' dir='ltr'>benignus</span> <span class='ocrx_word' id='word_1_37' title='bbox 966 485 1097 526; x_wconf 89' lang='lat' dir='ltr'>Deus.</span> <span class='ocrx_word' id='word_1_38' title='bbox 1155 486 1304 538; x_wconf 85' lang='lat' dir='ltr'>„Et²)</span> <span class='ocrx_word' id='word_1_39' title='bbox 1339 486 1434 527; x_wconf 78' lang='lat' dir='ltr'>veni</span> <span class='ocrx_word' id='word_1_40' title='bbox 1464 488 1517 528; x_wconf 87' lang='lat' dir='ltr'>ad</span> 
     </span>
     <span class='ocr_line' id='line_1_7' title="bbox 99 562 1518 617; baseline 0.001 -14"><span class='ocrx_word' id='word_1_41' title='bbox 99 575 155 613; x_wconf 87' lang='lat' dir='ltr'>te,</span> <span class='ocrx_word' id='word_1_42' title='bbox 187 575 228 603; x_wconf 89' lang='lat' dir='ltr'>et</span> <span class='ocrx_word' id='word_1_43' title='bbox 259 564 344 604; x_wconf 70' lang='lat' dir='ltr'>vidi</span> <span class='ocrx_word' id='word_1_44' title='bbox 374 576 430 613; x_wconf 90' lang='lat' dir='ltr'>te,</span> <span class='ocrx_word' id='word_1_45' title='bbox 463 574 504 603; x_wconf 86' lang='lat' dir='ltr'>et</span> <span class='ocrx_word' id='word_1_46' title='bbox 535 579 652 611; x_wconf 88' lang='lat' dir='ltr'>ecce,</span> <span class='ocrx_word' id='word_1_47' title='bbox 680 573 847 616; x_wconf 89' lang='lat' dir='ltr'>tempus</span> <span class='ocrx_word' id='word_1_48' title='bbox 877 574 1010 612; x_wconf 88' lang='lat' dir='ltr'>tuum,</span> <span class='ocrx_word' id='word_1_49' title='bbox 1042 574 1083 603; x_wconf 92' lang='lat' dir='ltr'>et</span> <span class='ocrx_word' id='word_1_50' title='bbox 1110 574 1277 617; x_wconf 87' lang='lat' dir='ltr'>tempus</span> <span class='ocrx_word' id='word_1_51' title='bbox 1309 562 1518 604; x_wconf 79' lang='lat' dir='ltr'>diverten—</span> 
     </span>
     <span class='ocr_line' id='line_1_8' title="bbox 98 639 1515 694; baseline 0 -14"><span class='ocrx_word' id='word_1_52' title='bbox 98 640 247 680; x_wconf 87' lang='lat' dir='ltr'>tium.“</span> <span class='ocrx_word' id='word_1_53' title='bbox 321 640 439 694; x_wconf 84' lang='lat' dir='ltr'><strong>Quid</strong></span> <span class='ocrx_word' id='word_1_54' title='bbox 482 651 542 680; x_wconf 89' lang='lat' dir='ltr'>est</span> <span class='ocrx_word' id='word_1_55' title='bbox 585 641 687 689; x_wconf 91' lang='lat' dir='ltr'>hoc,</span> <span class='ocrx_word' id='word_1_56' title='bbox 735 639 851 694; x_wconf 88' lang='lat' dir='ltr'>quod</span> <span class='ocrx_word' id='word_1_57' title='bbox 894 639 971 680; x_wconf 87' lang='lat' dir='ltr'>ait:</span> <span class='ocrx_word' id='word_1_58' title='bbox 1018 650 1221 694; x_wconf 91' lang='lat' dir='ltr'>„tempus</span> <span class='ocrx_word' id='word_1_59' title='bbox 1244 639 1288 693; x_wconf 82' lang='grc'>3)</span> <span class='ocrx_word' id='word_1_60' title='bbox 1332 640 1515 680; x_wconf 87' lang='lat' dir='ltr'>tuum?“</span> 
     </span>
     <span class='ocr_line' id='line_1_9' title="bbox 100 715 1520 772; baseline -0.001 -15"><span class='ocrx_word' id='word_1_61' title='bbox 100 717 288 772; x_wconf 79' lang='lat' dir='ltr'>Tempus</span> <span class='ocrx_word' id='word_1_62' title='bbox 317 717 519 769; x_wconf 81' lang='lat' dir='ltr'>significat</span> <span class='ocrx_word' id='word_1_63' title='bbox 548 715 903 766; x_wconf 85' lang='lat' dir='ltr'>adolescentium,</span> <span class='ocrx_word' id='word_1_64' title='bbox 934 716 979 756; x_wconf 87' lang='lat' dir='ltr'>in</span> <span class='ocrx_word' id='word_1_65' title='bbox 1010 733 1092 771; x_wconf 92' lang='lat' dir='ltr'>quo</span> <span class='ocrx_word' id='word_1_66' title='bbox 1123 715 1207 772; x_wconf 82' lang='lat' dir='ltr'>jam</span> <span class='ocrx_word' id='word_1_67' title='bbox 1235 732 1313 771; x_wconf 91' lang='lat' dir='ltr'>per</span> <span class='ocrx_word' id='word_1_68' title='bbox 1341 728 1520 761; x_wconf 85' lang='lat' dir='ltr'>aetatem</span> 
     </span>
     <span class='ocr_line' id='line_1_10' title="bbox 97 792 1520 849; baseline 0 -15"><span class='ocrx_word' id='word_1_69' title='bbox 97 806 273 849; x_wconf 88' lang='lat' dir='ltr'><strong>possunt</strong></span> <span class='ocrx_word' id='word_1_70' title='bbox 302 793 514 834; x_wconf 86' lang='lat' dir='ltr'>fornicari.</span> <span class='ocrx_word' id='word_1_71' title='bbox 573 794 628 834; x_wconf 87' lang='lat' dir='ltr'>Et</span> <span class='ocrx_word' id='word_1_72' title='bbox 655 809 843 833; x_wconf 86' lang='lat' dir='ltr'>rursum:</span> <span class='ocrx_word' id='word_1_73' title='bbox 876 805 956 842; x_wconf 91' lang='lat' dir='ltr'>„et</span> <span class='ocrx_word' id='word_1_74' title='bbox 981 792 1023 846; x_wconf 74' lang='lat'>⁴)</span> <span class='ocrx_word' id='word_1_75' title='bbox 1056 804 1244 848; x_wconf 89' lang='lat' dir='ltr'>tempus,</span> <span class='ocrx_word' id='word_1_76' title='bbox 1275 792 1425 848; x_wconf 88' lang='lat' dir='ltr'>inquit,</span> <span class='ocrx_word' id='word_1_77' title='bbox 1457 794 1520 834; x_wconf 91' lang='lat' dir='ltr'>di-</span> 
     </span>
     <span class='ocr_line' id='line_1_11' title="bbox 98 869 1520 926; baseline 0.001 -16"><span class='ocrx_word' id='word_1_78' title='bbox 98 871 392 911; x_wconf 76' lang='lat' dir='ltr'>vertentium.“</span> <span class='ocrx_word' id='word_1_79' title='bbox 441 869 528 923; x_wconf 82' lang='lat' dir='ltr'>Qui</span> <span class='ocrx_word' id='word_1_80' title='bbox 559 882 652 910; x_wconf 88' lang='lat' dir='ltr'>sunt</span> <span class='ocrx_word' id='word_1_81' title='bbox 681 870 750 910; x_wconf 81' lang='lat' dir='ltr'>isti</span> <span class='ocrx_word' id='word_1_82' title='bbox 783 869 1064 911; x_wconf 82' lang='lat' dir='ltr'>divertentes?</span> <span class='ocrx_word' id='word_1_83' title='bbox 1107 870 1225 910; x_wconf 88' lang='lat' dir='ltr'>Dum</span> <span class='ocrx_word' id='word_1_84' title='bbox 1254 887 1396 911; x_wconf 89' lang='lat' dir='ltr'>sumus</span> <span class='ocrx_word' id='word_1_85' title='bbox 1424 888 1520 926; x_wconf 86' lang='lat' dir='ltr'>par-</span> 
     </span>
     <span class='ocr_line' id='line_1_12' title="bbox 98 946 1520 1002; baseline 0.001 -16"><span class='ocrx_word' id='word_1_86' title='bbox 98 946 207 996; x_wconf 85' lang='lat' dir='ltr'>vuli,</span> <span class='ocrx_word' id='word_1_87' title='bbox 239 947 303 996; x_wconf 90' lang='lat' dir='ltr'>hi,</span> <span class='ocrx_word' id='word_1_88' title='bbox 335 946 407 1002; x_wconf 88' lang='lat' dir='ltr'>qui</span> <span class='ocrx_word' id='word_1_89' title='bbox 439 946 647 987; x_wconf 82' lang='lat' dir='ltr'>divertere</span> <span class='ocrx_word' id='word_1_90' title='bbox 675 947 827 987; x_wconf 91' lang='lat' dir='ltr'>nolunt</span> <span class='ocrx_word' id='word_1_91' title='bbox 858 948 911 987; x_wconf 90' lang='lat' dir='ltr'>ad</span> <span class='ocrx_word' id='word_1_92' title='bbox 941 963 1036 996; x_wconf 86' lang='lat' dir='ltr'>eos,</span> <span class='ocrx_word' id='word_1_93' title='bbox 1079 947 1152 1002; x_wconf 90' lang='lat' dir='ltr'>qui</span> <span class='ocrx_word' id='word_1_94' title='bbox 1181 946 1374 987; x_wconf 88' lang='lat' dir='ltr'>nituntur</span> <span class='ocrx_word' id='word_1_95' title='bbox 1403 963 1520 988; x_wconf 86' lang='lat' dir='ltr'>ever-</span> 
     </span>
     <span class='ocr_line' id='line_1_13' title="bbox 97 1023 1518 1080; baseline 0.002 -17"><span class='ocrx_word' id='word_1_96' title='bbox 97 1035 207 1074; x_wconf 89' lang='lat' dir='ltr'>tere,</span> <span class='ocrx_word' id='word_1_97' title='bbox 246 1035 292 1064; x_wconf 85' lang='lat' dir='ltr'>ut</span> <span class='ocrx_word' id='word_1_98' title='bbox 324 1035 418 1064; x_wconf 85' lang='lat' dir='ltr'>sunt</span> <span class='ocrx_word' id='word_1_99' title='bbox 449 1024 661 1064; x_wconf 85' lang='lat' dir='ltr'>christiani</span> <span class='ocrx_word' id='word_1_100' title='bbox 690 1023 883 1080; x_wconf 81' lang='lat' dir='ltr'>pessimi,</span> <span class='ocrx_word' id='word_1_101' title='bbox 923 1023 1144 1065; x_wconf 85' lang='lat' dir='ltr'>daemonia</span> <span class='ocrx_word' id='word_1_102' title='bbox 1172 1023 1412 1075; x_wconf 88' lang='lat' dir='ltr'>immunda,</span> <span class='ocrx_word' id='word_1_103' title='bbox 1448 1042 1518 1066; x_wconf 86' lang='lat' dir='ltr'>an-</span> 
     </span>
     <span class='ocr_line' id='line_1_14' title="bbox 97 1100 1519 1159; baseline 0.002 -19"><span class='ocrx_word' id='word_1_104' title='bbox 97 1100 180 1153; x_wconf 83' lang='lat' dir='ltr'>geli</span> <span class='ocrx_word' id='word_1_105' title='bbox 211 1100 394 1150; x_wconf 80' lang='lat' dir='ltr'>diaboli,</span> <span class='ocrx_word' id='word_1_106' title='bbox 431 1117 519 1140; x_wconf 90' lang='lat' dir='ltr'>non</span> <span class='ocrx_word' id='word_1_107' title='bbox 547 1102 702 1141; x_wconf 87' lang='lat' dir='ltr'>habent</span> <span class='ocrx_word' id='word_1_108' title='bbox 731 1101 889 1150; x_wconf 89' lang='lat' dir='ltr'>locum,</span> <span class='ocrx_word' id='word_1_109' title='bbox 921 1101 1140 1156; x_wconf 90' lang='lat' dir='ltr'>quomodo</span> <span class='ocrx_word' id='word_1_110' title='bbox 1170 1118 1258 1142; x_wconf 90' lang='lat' dir='ltr'>non</span> <span class='ocrx_word' id='word_1_111' title='bbox 1283 1103 1325 1159; x_wconf 87' lang='lat'>⁵)</span> <span class='ocrx_word' id='word_1_112' title='bbox 1355 1103 1519 1158; x_wconf 79' lang='lat' dir='ltr'><strong>possint</strong></span> 
     </span>
     <span class='ocr_line' id='line_1_15' title="bbox 100 1177 1521 1236; baseline 0.002 -19"><span class='ocrx_word' id='word_1_113' title='bbox 100 1177 319 1218; x_wconf 75' lang='lat' dir='ltr'>divertere.</span> <span class='ocrx_word' id='word_1_114' title='bbox 397 1177 506 1219; x_wconf 88' lang='lat' dir='ltr'>Cum</span> <span class='ocrx_word' id='word_1_115' title='bbox 546 1190 687 1218; x_wconf 87' lang='lat' dir='ltr'>autem</span> <span class='ocrx_word' id='word_1_116' title='bbox 724 1178 927 1218; x_wconf 87' lang='lat' dir='ltr'>fuerimus</span> <span class='ocrx_word' id='word_1_117' title='bbox 967 1189 1101 1226; x_wconf 85' lang='lat' dir='ltr'>aetate</span> <span class='ocrx_word' id='word_1_118' title='bbox 1133 1179 1314 1234; x_wconf 78' lang='lat' dir='ltr'>majore,</span> <span class='ocrx_word' id='word_1_119' title='bbox 1360 1190 1402 1218; x_wconf 87' lang='lat' dir='ltr'>et</span> <span class='ocrx_word' id='word_1_120' title='bbox 1437 1178 1521 1236; x_wconf 85' lang='lat' dir='ltr'>jam</span> 
     </span>
     <span class='ocr_line' id='line_1_16' title="bbox 97 1245 1521 1309; baseline 0.001 -15"><span class='ocrx_word' id='word_1_121' title='bbox 97 1270 274 1309; x_wconf 86' lang='lat' dir='ltr'>peccare</span> <span class='ocrx_word' id='word_1_122' title='bbox 301 1270 545 1309; x_wconf 86' lang='lat' dir='ltr'>possumus,</span> <span class='ocrx_word' id='word_1_123' title='bbox 577 1245 780 1309; x_wconf 67' lang='lat' dir='ltr'>quaerunt</span> <span class='ocrx_word' id='word_1_124' title='bbox 810 1254 971 1295; x_wconf 80' lang='lat' dir='ltr'>aditum</span> <span class='ocrx_word' id='word_1_125' title='bbox 1001 1256 1054 1295; x_wconf 88' lang='lat' dir='ltr'>ad</span> <span class='ocrx_word' id='word_1_126' title='bbox 1082 1271 1159 1295; x_wconf 91' lang='lat' dir='ltr'>nos</span> <span class='ocrx_word' id='word_1_127' title='bbox 1191 1255 1448 1306; x_wconf 78' lang='lat' dir='ltr'>divertendi,</span> <span class='ocrx_word' id='word_1_128' title='bbox 1479 1269 1521 1297; x_wconf 86' lang='lat' dir='ltr'>et</span> 
     </span>
     <span class='ocr_line' id='line_1_17' title="bbox 98 1330 1518 1387; baseline 0.002 -17"><span class='ocrx_word' id='word_1_129' title='bbox 98 1332 180 1371; x_wconf 89' lang='lat' dir='ltr'>hoc</span> <span class='ocrx_word' id='word_1_130' title='bbox 215 1343 302 1372; x_wconf 88' lang='lat' dir='ltr'>tam</span> <span class='ocrx_word' id='word_1_131' title='bbox 344 1330 480 1383; x_wconf 83' lang='lat' dir='ltr'>angeli</span> <span class='ocrx_word' id='word_1_132' title='bbox 517 1330 622 1380; x_wconf 76' lang='lat' dir='ltr'>Dei,</span> <span class='ocrx_word' id='word_1_133' title='bbox 667 1346 792 1385; x_wconf 85' lang='lat' dir='ltr'>quam</span> <span class='ocrx_word' id='word_1_134' title='bbox 830 1331 965 1383; x_wconf 84' lang='lat' dir='ltr'>angeli</span> <span class='ocrx_word' id='word_1_135' title='bbox 1000 1332 1187 1373; x_wconf 86' lang='lat' dir='ltr'>Satanae.</span> <span class='ocrx_word' id='word_1_136' title='bbox 1247 1332 1518 1387; x_wconf 87' lang='lat' dir='ltr'>Impossibile</span> 
     </span>
     <span class='ocr_line' id='line_1_18' title="bbox 99 1406 1517 1464; baseline 0.001 -16"><span class='ocrx_word' id='word_1_137' title='bbox 99 1419 241 1448; x_wconf 88' lang='lat' dir='ltr'>autem</span> <span class='ocrx_word' id='word_1_138' title='bbox 280 1419 360 1457; x_wconf 88' lang='lat' dir='ltr'>est,</span> <span class='ocrx_word' id='word_1_139' title='bbox 407 1419 454 1447; x_wconf 91' lang='lat' dir='ltr'>ut</span> <span class='ocrx_word' id='word_1_140' title='bbox 490 1406 657 1461; x_wconf 90' lang='lat' dir='ltr'>utrique</span> <span class='ocrx_word' id='word_1_141' title='bbox 697 1408 750 1446; x_wconf 93' lang='lat' dir='ltr'>ad</span> <span class='ocrx_word' id='word_1_142' title='bbox 788 1422 866 1448; x_wconf 89' lang='lat' dir='ltr'>nos</span> <span class='ocrx_word' id='word_1_143' title='bbox 905 1407 1123 1449; x_wconf 74' lang='lat' dir='ltr'>divertant.</span> <span class='ocrx_word' id='word_1_144' title='bbox 1197 1408 1245 1450; x_wconf 88' lang='lat' dir='ltr'>Si</span> <span class='ocrx_word' id='word_1_145' title='bbox 1281 1425 1517 1464; x_wconf 83' lang='lat' dir='ltr'>peccamus,</span> 
     </span>
     <span class='ocr_line' id='line_1_19' title="bbox 96 1483 1516 1539; baseline 0.001 -14"><span class='ocrx_word' id='word_1_146' title='bbox 96 1484 232 1537; x_wconf 83' lang='lat' dir='ltr'>angeli</span> <span class='ocrx_word' id='word_1_147' title='bbox 269 1483 429 1524; x_wconf 83' lang='lat' dir='ltr'>diaboli</span> <span class='ocrx_word' id='word_1_148' title='bbox 467 1483 682 1524; x_wconf 79' lang='lat' dir='ltr'>divertunt</span> <span class='ocrx_word' id='word_1_149' title='bbox 724 1484 777 1523; x_wconf 86' lang='lat' dir='ltr'>ad</span> <span class='ocrx_word' id='word_1_150' title='bbox 821 1499 920 1524; x_wconf 92' lang='lat' dir='ltr'>nos:</span> <span class='ocrx_word' id='word_1_151' title='bbox 970 1484 1005 1524; x_wconf 93' lang='lat' dir='ltr'>si</span> <span class='ocrx_word' id='word_1_152' title='bbox 1048 1496 1202 1525; x_wconf 90' lang='lat' dir='ltr'>stamus</span> <span class='ocrx_word' id='word_1_153' title='bbox 1249 1485 1332 1526; x_wconf 78' lang='lat' dir='ltr'>fixo</span> <span class='ocrx_word' id='word_1_154' title='bbox 1372 1488 1516 1539; x_wconf 84' lang='lat' dir='ltr'>gradu,</span> 
     </span>
     <span class='ocr_line' id='line_1_20' title="bbox 99 1559 1516 1618; baseline 0.002 -16"><span class='ocrx_word' id='word_1_155' title='bbox 99 1562 312 1602; x_wconf 85' lang='lat' dir='ltr'>divertunt</span> <span class='ocrx_word' id='word_1_156' title='bbox 349 1561 402 1600; x_wconf 89' lang='lat' dir='ltr'>ad</span> <span class='ocrx_word' id='word_1_157' title='bbox 440 1576 516 1600; x_wconf 90' lang='lat' dir='ltr'>nos</span> <span class='ocrx_word' id='word_1_158' title='bbox 553 1559 690 1612; x_wconf 82' lang='lat' dir='ltr'>angeli</span> <span class='ocrx_word' id='word_1_159' title='bbox 725 1559 822 1601; x_wconf 84' lang='lat' dir='ltr'>Dei.</span> <span class='ocrx_word' id='word_1_160' title='bbox 881 1561 1009 1602; x_wconf 87' lang='lat' dir='ltr'>Venit</span> <span class='ocrx_word' id='word_1_161' title='bbox 1046 1578 1144 1614; x_wconf 84' lang='lat' dir='ltr'>ergo</span> <span class='ocrx_word' id='word_1_162' title='bbox 1184 1574 1352 1618; x_wconf 88' lang='lat' dir='ltr'>tempus</span> <span class='ocrx_word' id='word_1_163' title='bbox 1381 1575 1516 1616; x_wconf 90' lang='lat' dir='ltr'>tuum,</span> 
     </span>
     <span class='ocr_line' id='line_1_21' title="bbox 99 1636 1518 1694; baseline 0.003 -15"><span class='ocrx_word' id='word_1_164' title='bbox 99 1650 140 1679; x_wconf 83' lang='lat' dir='ltr'>et</span> <span class='ocrx_word' id='word_1_165' title='bbox 175 1650 342 1694; x_wconf 85' lang='lat' dir='ltr'>tempus</span> <span class='ocrx_word' id='word_1_166' title='bbox 381 1637 692 1677; x_wconf 78' lang='lat' dir='ltr'>divertentium.</span> <span class='ocrx_word' id='word_1_167' title='bbox 755 1636 867 1690; x_wconf 82' lang='lat' dir='ltr'>Quia</span> <span class='ocrx_word' id='word_1_168' title='bbox 902 1649 1069 1693; x_wconf 85' lang='lat' dir='ltr'>tempus</span> <span class='ocrx_word' id='word_1_169' title='bbox 1109 1652 1280 1680; x_wconf 84' lang='lat' dir='ltr'>venerat</span> <span class='ocrx_word' id='word_1_170' title='bbox 1309 1640 1518 1683; x_wconf 80' lang='lat' dir='ltr'>diverten-</span> 
     </span>
     <span class='ocr_line' id='line_1_22' title="bbox 95 1714 1519 1772; baseline 0.004 -18"><span class='ocrx_word' id='word_1_171' title='bbox 95 1714 222 1764; x_wconf 77' lang='lat' dir='ltr'>tium,</span> <span class='ocrx_word' id='word_1_172' title='bbox 255 1726 296 1755; x_wconf 85' lang='lat' dir='ltr'>et</span> <span class='ocrx_word' id='word_1_173' title='bbox 324 1714 536 1755; x_wconf 86' lang='lat' dir='ltr'>Dominus</span> <span class='ocrx_word' id='word_1_174' title='bbox 565 1725 711 1772; x_wconf 87' lang='lat' dir='ltr'>noster</span> <span class='ocrx_word' id='word_1_175' title='bbox 739 1714 860 1754; x_wconf 89' lang='lat' dir='ltr'>Jesus</span> <span class='ocrx_word' id='word_1_176' title='bbox 891 1714 1080 1755; x_wconf 87' lang='lat' dir='ltr'>Christus</span> <span class='ocrx_word' id='word_1_177' title='bbox 1109 1716 1226 1755; x_wconf 80' lang='lat' dir='ltr'>Deus</span> <span class='ocrx_word' id='word_1_178' title='bbox 1255 1728 1400 1757; x_wconf 87' lang='lat' dir='ltr'>noster</span> <span class='ocrx_word' id='word_1_179' title='bbox 1428 1736 1519 1759; x_wconf 87' lang='lat' dir='ltr'>rur-</span> 
     </span>
     <span class='ocr_line' id='line_1_23' title="bbox 97 1790 1520 1846; baseline 0.002 -15"><span class='ocrx_word' id='word_1_180' title='bbox 97 1808 189 1831; x_wconf 91' lang='lat' dir='ltr'>sum</span> <span class='ocrx_word' id='word_1_181' title='bbox 219 1790 357 1831; x_wconf 81' lang='lat' dir='ltr'>visitat</span> <span class='ocrx_word' id='word_1_182' title='bbox 385 1790 581 1831; x_wconf 85' lang='lat' dir='ltr'>miseram</span> <span class='ocrx_word' id='word_1_183' title='bbox 610 1790 870 1838; x_wconf 81' lang='lat' dir='ltr'>Jerusalem,</span> <span class='ocrx_word' id='word_1_184' title='bbox 911 1790 957 1830; x_wconf 85' lang='lat' dir='ltr'>id</span> <span class='ocrx_word' id='word_1_185' title='bbox 997 1802 1077 1841; x_wconf 88' lang='lat' dir='ltr'>est,</span> <span class='ocrx_word' id='word_1_186' title='bbox 1116 1791 1398 1846; x_wconf 84' lang='lat' dir='ltr'>peccatricem</span> <span class='ocrx_word' id='word_1_187' title='bbox 1432 1794 1520 1835; x_wconf 85' lang='lat' dir='ltr'>ani-</span> 
     </span>
     <span class='ocr_line' id='line_1_24' title="bbox 98 1866 1519 1923; baseline 0.003 -15"><span class='ocrx_word' id='word_1_188' title='bbox 98 1884 210 1915; x_wconf 80' lang='lat' dir='ltr'>mam</span> <span class='ocrx_word' id='word_1_189' title='bbox 239 1879 436 1908; x_wconf 88' lang='lat' dir='ltr'>nostram.</span> <span class='ocrx_word' id='word_1_190' title='bbox 497 1866 726 1921; x_wconf 74' lang='lat' dir='ltr'>„Expandi</span> <span class='ocrx_word' id='word_1_191' title='bbox 747 1867 788 1922; x_wconf 76' lang='lat'>6)</span> <span class='ocrx_word' id='word_1_192' title='bbox 828 1867 911 1907; x_wconf 90' lang='lat' dir='ltr'>alas</span> <span class='ocrx_word' id='word_1_193' title='bbox 948 1883 1061 1908; x_wconf 86' lang='lat' dir='ltr'>meas</span> <span class='ocrx_word' id='word_1_194' title='bbox 1099 1884 1226 1923; x_wconf 89' lang='lat' dir='ltr'>super</span> <span class='ocrx_word' id='word_1_195' title='bbox 1263 1875 1348 1910; x_wconf 91' lang='lat' dir='ltr'>te.“</span> <span class='ocrx_word' id='word_1_196' title='bbox 1408 1870 1519 1912; x_wconf 91' lang='lat' dir='ltr'>Con-</span> 
     </span>
     <span class='ocr_line' id='line_1_25' title="bbox 99 1943 1516 1998; baseline 0.003 -13"><span class='ocrx_word' id='word_1_197' title='bbox 99 1944 234 1985; x_wconf 88' lang='lat' dir='ltr'>suevit</span> <span class='ocrx_word' id='word_1_198' title='bbox 270 1943 495 1998; x_wconf 89' lang='lat' dir='ltr'>Scriptura&#39;</span> <span class='ocrx_word' id='word_1_199' title='bbox 524 1959 680 1998; x_wconf 88' lang='lat' dir='ltr'>pennas</span> <span class='ocrx_word' id='word_1_200' title='bbox 723 1959 965 1998; x_wconf 84' lang='lat' dir='ltr'>nuncupare</span> <span class='ocrx_word' id='word_1_201' title='bbox 1011 1944 1190 1985; x_wconf 87' lang='lat' dir='ltr'>vestium</span> <span class='ocrx_word' id='word_1_202' title='bbox 1237 1946 1516 1989; x_wconf 86' lang='lat' dir='ltr'>summitates:</span> 
     </span>
     <span class='ocr_line' id='line_1_26' title="bbox 98 2020 1520 2080; baseline 0.003 -18"><span class='ocrx_word' id='word_1_203' title='bbox 98 2033 146 2062; x_wconf 85' lang='lat' dir='ltr'>ut</span> <span class='ocrx_word' id='word_1_204' title='bbox 173 2021 217 2061; x_wconf 89' lang='lat' dir='ltr'>in</span> <span class='ocrx_word' id='word_1_205' title='bbox 250 2021 365 2062; x_wconf 82' lang='lat' dir='ltr'>Ruth</span> <span class='ocrx_word' id='word_1_206' title='bbox 388 2020 451 2075; x_wconf 82' lang='grc'>7),</span> <span class='ocrx_word' id='word_1_207' title='bbox 482 2036 587 2076; x_wconf 85' lang='lat' dir='ltr'>quae</span> <span class='ocrx_word' id='word_1_208' title='bbox 618 2020 732 2060; x_wconf 73' lang='lat' dir='ltr'>venit</span> <span class='ocrx_word' id='word_1_209' title='bbox 758 2020 1027 2071; x_wconf 84' lang='lat' dir='ltr'>abscondite,</span> <span class='ocrx_word' id='word_1_210' title='bbox 1057 2033 1099 2061; x_wconf 90' lang='lat' dir='ltr'>et</span> <span class='ocrx_word' id='word_1_211' title='bbox 1128 2021 1398 2078; x_wconf 86' lang='lat' dir='ltr'>discooperto</span> <span class='ocrx_word' id='word_1_212' title='bbox 1430 2025 1520 2080; x_wconf 76' lang='lat' dir='ltr'>pal-</span> 
     </span>
     <span class='ocr_line' id='line_1_27' title="bbox 101 2097 1520 2155; baseline 0.003 -17"><span class='ocrx_word' id='word_1_213' title='bbox 101 2099 159 2139; x_wconf 89' lang='lat' dir='ltr'>lio</span> <span class='ocrx_word' id='word_1_214' title='bbox 191 2099 245 2138; x_wconf 90' lang='lat' dir='ltr'>ad</span> <span class='ocrx_word' id='word_1_215' title='bbox 271 2099 400 2153; x_wconf 88' lang='lat' dir='ltr'>pedes</span> <span class='ocrx_word' id='word_1_216' title='bbox 430 2098 564 2148; x_wconf 91' lang='lat' dir='ltr'>Booz,</span> <span class='ocrx_word' id='word_1_217' title='bbox 596 2098 695 2153; x_wconf 63' lang='lat' dir='ltr'>ets)</span> <span class='ocrx_word' id='word_1_218' title='bbox 726 2097 928 2138; x_wconf 68' lang='lat' dir='ltr'>dormivit</span> <span class='ocrx_word' id='word_1_219' title='bbox 956 2100 1033 2139; x_wconf 88' lang='lat' dir='ltr'>sub</span> <span class='ocrx_word' id='word_1_220' title='bbox 1063 2098 1189 2140; x_wconf 77' lang='lat' dir='ltr'>axilla</span> <span class='ocrx_word' id='word_1_221' title='bbox 1208 2099 1250 2155; x_wconf 85' lang='lat'>9)</span> <span class='ocrx_word' id='word_1_222' title='bbox 1280 2100 1520 2143; x_wconf 81' lang='lat' dir='ltr'>vestimenti</span> 
     </span>
     <span class='ocr_line' id='line_1_28' title="bbox 103 2174 1520 2233; baseline 0.001 -17"><span class='ocrx_word' id='word_1_223' title='bbox 103 2175 202 2233; x_wconf 82' lang='lat' dir='ltr'>ejus.</span> <span class='ocrx_word' id='word_1_224' title='bbox 245 2176 363 2216; x_wconf 85' lang='lat' dir='ltr'>Deus</span> <span class='ocrx_word' id='word_1_225' title='bbox 390 2191 487 2227; x_wconf 83' lang='lat' dir='ltr'>ergo</span> <span class='ocrx_word' id='word_1_226' title='bbox 513 2174 628 2231; x_wconf 84' lang='lat' dir='ltr'>quasi</span> <span class='ocrx_word' id='word_1_227' title='bbox 651 2186 765 2215; x_wconf 88' lang='lat' dir='ltr'>veste</span> <span class='ocrx_word' id='word_1_228' title='bbox 790 2174 980 2230; x_wconf 90' lang='lat' dir='ltr'>loquitur</span> <span class='ocrx_word' id='word_1_229' title='bbox 1001 2175 1194 2217; x_wconf 87' lang='lat' dir='ltr'>indutus:</span> <span class='ocrx_word' id='word_1_230' title='bbox 1226 2177 1434 2233; x_wconf 84' lang='lat' dir='ltr'>„expandi</span> <span class='ocrx_word' id='word_1_231' title='bbox 1454 2178 1520 2232; x_wconf 90' lang='lat'>¹⁰)</span> 
     </span>
     <span class='ocr_line' id='line_1_29' title="bbox 102 2251 1521 2308; baseline 0.003 -16"><span class='ocrx_word' id='word_1_232' title='bbox 102 2253 184 2293; x_wconf 88' lang='lat' dir='ltr'>alas</span> <span class='ocrx_word' id='word_1_233' title='bbox 214 2268 325 2293; x_wconf 85' lang='lat' dir='ltr'>meas</span> <span class='ocrx_word' id='word_1_234' title='bbox 355 2270 482 2308; x_wconf 87' lang='lat' dir='ltr'>super</span> <span class='ocrx_word' id='word_1_235' title='bbox 505 2264 561 2302; x_wconf 90' lang='lat' dir='ltr'>te,</span> <span class='ocrx_word' id='word_1_236' title='bbox 594 2264 635 2292; x_wconf 88' lang='lat' dir='ltr'>et</span> <span class='ocrx_word' id='word_1_237' title='bbox 660 2251 810 2307; x_wconf 88' lang='lat' dir='ltr'>operui</span> <span class='ocrx_word' id='word_1_238' title='bbox 835 2252 1129 2294; x_wconf 82' lang='lat' dir='ltr'>confusionem</span> <span class='ocrx_word' id='word_1_239' title='bbox 1154 2260 1310 2295; x_wconf 86' lang='lat' dir='ltr'>tuam.“</span> <span class='ocrx_word' id='word_1_240' title='bbox 1352 2256 1521 2307; x_wconf 85' lang='lat' dir='ltr'>Beatus,</span> 
     </span>
    </p>
   </div>
   <div class='ocr_carea' id='block_1_4' title="bbox 104 2329 1520 2389">
    <p class='ocr_par' dir='ltr' id='par_1_4' title="bbox 104 2329 1520 2389">
     <span class='ocr_line' id='line_1_30' title="bbox 104 2329 1520 2389; baseline 0.004 -20"><span class='ocrx_word' id='word_1_241' title='bbox 104 2329 218 2386; x_wconf 81' lang='lat' dir='ltr'>cujus</span> <span class='ocrx_word' id='word_1_242' title='bbox 247 2330 322 2371; x_wconf 86' lang='lat' dir='ltr'>alis</span> <span class='ocrx_word' id='word_1_243' title='bbox 353 2330 434 2371; x_wconf 91' lang='lat' dir='ltr'>suis</span> <span class='ocrx_word' id='word_1_244' title='bbox 465 2331 582 2370; x_wconf 91' lang='lat' dir='ltr'>Deus</span> <span class='ocrx_word' id='word_1_245' title='bbox 612 2329 797 2385; x_wconf 84' lang='lat' dir='ltr'>protegit</span> <span class='ocrx_word' id='word_1_246' title='bbox 828 2329 1142 2371; x_wconf 83' lang='lat' dir='ltr'>confusionem:</span> <span class='ocrx_word' id='word_1_247' title='bbox 1183 2331 1218 2373; x_wconf 90' lang='lat' dir='ltr'>si</span> <span class='ocrx_word' id='word_1_248' title='bbox 1256 2343 1396 2374; x_wconf 86' lang='lat' dir='ltr'>tamen</span> <span class='ocrx_word' id='word_1_249' title='bbox 1425 2349 1520 2389; x_wconf 90' lang='lat' dir='ltr'>per-</span> 
     </span>
    </p>
   </div>
   <div class='ocr_carea' id='block_1_5' title="bbox 162 2445 287 2450">
    <p class='ocr_par' dir='ltr' id='par_1_5' title="bbox 162 2445 287 2450">
     <span class='ocr_line' id='line_1_31' title="bbox 162 2445 287 2450; baseline 0 0"><span class='ocrx_word' id='word_1_250' title='bbox 162 2445 287 2450; x_wconf 95' lang='lat' dir='ltr'> </span> 
     </span>
    </p>
   </div>
   <div class='ocr_carea' id='block_1_6' title="bbox 219 2510 1394 2846">
    <p class='ocr_par' dir='ltr' id='par_1_6' title="bbox 219 2510 1394 2636">
     <span class='ocr_line' id='line_1_32' title="bbox 221 2510 1394 2567; baseline 0.002 -16"><span class='ocrx_word' id='word_1_251' title='bbox 221 2511 262 2566; x_wconf 84' lang='lat'>¹)</span> <span class='ocrx_word' id='word_1_252' title='bbox 293 2511 402 2552; x_wconf 85' lang='lat' dir='ltr'>Edd.</span> <span class='ocrx_word' id='word_1_253' title='bbox 432 2512 630 2553; x_wconf 80' lang='lat' dir='ltr'>Merlini:</span> <span class='ocrx_word' id='word_1_254' title='bbox 662 2510 892 2560; x_wconf 84' lang='lat' dir='ltr'>descendit,</span> <span class='ocrx_word' id='word_1_255' title='bbox 956 2511 997 2567; x_wconf 83' lang='lat'>²)</span> <span class='ocrx_word' id='word_1_256' title='bbox 1027 2512 1179 2553; x_wconf 86' lang='lat' dir='ltr'>Ezech.</span> <span class='ocrx_word' id='word_1_257' title='bbox 1210 2513 1325 2563; x_wconf 83' lang='lat' dir='ltr'>XVI,</span> <span class='ocrx_word' id='word_1_258' title='bbox 1355 2513 1394 2555; x_wconf 78' lang='grc'>8.</span> 
     </span>
     <span class='ocr_line' id='line_1_33' title="bbox 219 2581 1218 2636; baseline 0.001 -15"><span class='ocrx_word' id='word_1_259' title='bbox 219 2582 262 2636; x_wconf 85' lang='grc'>3)</span> <span class='ocrx_word' id='word_1_260' title='bbox 291 2581 441 2622; x_wconf 87' lang='lat' dir='ltr'>Ezech.</span> <span class='ocrx_word' id='word_1_261' title='bbox 473 2583 588 2632; x_wconf 86' lang='lat' dir='ltr'>XVI,</span> <span class='ocrx_word' id='word_1_262' title='bbox 617 2582 656 2626; x_wconf 80' lang='grc'>8.</span> <span class='ocrx_word' id='word_1_263' title='bbox 777 2582 819 2635; x_wconf 72' lang='lat'>⁴)</span> <span class='ocrx_word' id='word_1_264' title='bbox 849 2581 1001 2621; x_wconf 84' lang='lat' dir='ltr'>Ezech.</span> <span class='ocrx_word' id='word_1_265' title='bbox 1032 2582 1149 2631; x_wconf 88' lang='lat' dir='ltr'>XVI,</span> <span class='ocrx_word' id='word_1_266' title='bbox 1179 2581 1218 2624; x_wconf 77' lang='lat' dir='ltr'>S.</span> 
     </span>
    </p>

    <p class='ocr_par' dir='ltr' id='par_1_7' title="bbox 223 2650 1036 2707">
     <span class='ocr_line' id='line_1_34' title="bbox 223 2650 1036 2707; baseline 0.001 -16"><span class='ocrx_word' id='word_1_267' title='bbox 223 2651 264 2706; x_wconf 72' lang='lat'>⁵)</span> <span class='ocrx_word' id='word_1_268' title='bbox 295 2652 403 2691; x_wconf 86' lang='lat' dir='ltr'>Edd.</span> <span class='ocrx_word' id='word_1_269' title='bbox 434 2651 628 2692; x_wconf 81' lang='lat' dir='ltr'>Merlini:</span> <span class='ocrx_word' id='word_1_270' title='bbox 658 2668 735 2693; x_wconf 90' lang='lat' dir='ltr'>nos</span> <span class='ocrx_word' id='word_1_271' title='bbox 765 2650 928 2707; x_wconf 88' lang='lat' dir='ltr'>possint</span> <span class='ocrx_word' id='word_1_272' title='bbox 959 2662 1036 2692; x_wconf 89' lang='lat' dir='ltr'>ete.</span> 
     </span>
    </p>

    <p class='ocr_par' dir='ltr' id='par_1_8' title="bbox 223 2721 1216 2777">
     <span class='ocr_line' id='line_1_35' title="bbox 223 2721 1216 2777; baseline 0.001 -16"><span class='ocrx_word' id='word_1_273' title='bbox 223 2723 264 2777; x_wconf 73' lang='lat'>5)</span> <span class='ocrx_word' id='word_1_274' title='bbox 298 2721 448 2761; x_wconf 82' lang='lat' dir='ltr'>Ezech.</span> <span class='ocrx_word' id='word_1_275' title='bbox 480 2722 596 2771; x_wconf 82' lang='lat' dir='ltr'>XVI,</span> <span class='ocrx_word' id='word_1_276' title='bbox 624 2721 663 2764; x_wconf 80' lang='lat'>8.</span> <span class='ocrx_word' id='word_1_277' title='bbox 783 2721 826 2777; x_wconf 90' lang='grc'>7)</span> <span class='ocrx_word' id='word_1_278' title='bbox 859 2721 945 2765; x_wconf 87' lang='lat' dir='ltr'>Cfr.</span> <span class='ocrx_word' id='word_1_279' title='bbox 974 2721 1099 2762; x_wconf 79' lang='lat' dir='ltr'>Ruth.</span> <span class='ocrx_word' id='word_1_280' title='bbox 1138 2722 1216 2762; x_wconf 80' lang='grc' dir='ltr'>ΠΪ.</span> 
     </span>
    </p>

    <p class='ocr_par' dir='ltr' id='par_1_9' title="bbox 222 2790 917 2846">
     <span class='ocr_line' id='line_1_36' title="bbox 222 2790 917 2846; baseline -0.001 -15"><span class='ocrx_word' id='word_1_281' title='bbox 222 2792 271 2846; x_wconf 72' lang='grc'>’3)</span> <span class='ocrx_word' id='word_1_282' title='bbox 295 2791 430 2832; x_wconf 88' lang='lat' dir='ltr'>Deest</span> <span class='ocrx_word' id='word_1_283' title='bbox 459 2797 571 2841; x_wconf 85' lang='lat' dir='ltr'>„et“</span> <span class='ocrx_word' id='word_1_284' title='bbox 602 2790 646 2831; x_wconf 88' lang='lat' dir='ltr'>in</span> <span class='ocrx_word' id='word_1_285' title='bbox 676 2792 740 2831; x_wconf 91' lang='lat' dir='ltr'>ed.</span> <span class='ocrx_word' id='word_1_286' title='bbox 770 2790 917 2832; x_wconf 82' lang='lat' dir='ltr'>Ruaei.</span> 
     </span>
    </p>
   </div>
   <div class='ocr_carea' id='block_1_7' title="bbox 225 2858 1409 2916">
    <p class='ocr_par' dir='ltr' id='par_1_10' title="bbox 225 2858 1409 2916">
     <span class='ocr_line' id='line_1_37' title="bbox 225 2858 1409 2916; baseline -0.002 -15"><span class='ocrx_word' id='word_1_287' title='bbox 225 2861 266 2916; x_wconf 78' lang='lat'>9)</span> <span class='ocrx_word' id='word_1_288' title='bbox 297 2860 406 2902; x_wconf 89' lang='lat' dir='ltr'>Edd.</span> <span class='ocrx_word' id='word_1_289' title='bbox 436 2860 629 2903; x_wconf 71' lang='lat' dir='ltr'>Merlinit</span> <span class='ocrx_word' id='word_1_290' title='bbox 662 2861 824 2902; x_wconf 86' lang='lat' dir='ltr'>ascella.</span> <span class='ocrx_word' id='word_1_291' title='bbox 948 2862 1015 2916; x_wconf 88' lang='lat'>¹⁰)</span> <span class='ocrx_word' id='word_1_292' title='bbox 1046 2861 1196 2903; x_wconf 88' lang='lat' dir='ltr'>Ezech.</span> <span class='ocrx_word' id='word_1_293' title='bbox 1227 2860 1342 2908; x_wconf 86' lang='lat' dir='ltr'>XVI,</span> <span class='ocrx_word' id='word_1_294' title='bbox 1371 2858 1409 2900; x_wconf 77' lang='grc'>8.</span> 
     </span>
    </p>
   </div>
  </div>
 </body>
</html>
