1738 3134
349 135 568 177 OfflGEms
598 146 646 177 m
672 133 966 175 Ezncnumzm
996 132 1196 174 HommA
1225 135 1256 174 I.
1482 136 1509 179 7

85 246 247 303 peccati
288 246 488 287 derelicta
526 244 654 286 suerit
691 260 713 284 a
742 244 862 293 Deo,
905 255 946 284 et
984 245 1269 300 captivitatem
1300 246 1503 287 sustinens

87 325 387 379 comprehensa
417 323 469 363 sit
498 339 520 363 a
548 320 966 371 Nabuchodonosor,
996 333 1120 377 atque
1151 321 1282 378 ejecta
1313 322 1364 362 de
1395 333 1504 362 terra

84 413 223 440 sancta
261 400 304 440 in
340 399 618 458 Babyloniam
657 412 788 453 usque
831 398 1036 453 perducta
1073 398 1149 439 sit:
1198 399 1321 455 pauci
1364 410 1505 439 tamen

84 475 202 534 justi,
234 476 306 531 qui
337 488 452 517 erant
480 476 523 516 in
552 475 740 531 populo,
780 490 867 514 non
899 476 953 514 ob
986 475 1154 530 culpam
1182 491 1297 516 suam
1327 476 1504 517 sustinu-

86 566 204 594 erunt
235 553 540 608 captivitatem,
570 552 644 591 sed
676 551 730 590 ob
760 551 825 600 id,
855 568 908 592 ne
938 564 1206 608 peccatores,
1238 552 1309 608 qui
1338 554 1504 593 fuerant

82 630 180 688 jugo
210 628 458 684 captivitatis
490 627 694 685 oppressi,
726 626 899 667 omnino
924 627 1157 669 subsidium
1182 645 1269 669 non
1289 630 1502 696 haberent.

83 707 307 758 Fingamus
353 705 509 762 quippe
548 704 843 761 peccatoribus
887 704 931 744 in
974 705 1254 763 Babyloniam
1300 707 1502 756 abductis,

81 783 210 840 justos
248 782 290 821 in
331 782 510 837 antiquis
550 781 702 822 finibus
741 782 966 822 resedisse:
1018 782 1167 833 fiebat,
1206 795 1254 823 ut
1290 800 1503 838 nunquam

80 870 321 914 peccatores
367 858 604 898 remedium
656 870 1022 915 consequerentur,
1110 860 1334 916 Disposuit
1377 860 1503 913 igitur

81 937 264 976 clemens
295 946 336 975 et
363 934 580 987 benignus,
612 947 653 975 et
683 934 904 976 hominum
935 946 1098 976 amator
1120 937 1237 976 Deus
1266 935 1376 976 inter
1405 953 1502 991 sup-

78 1013 220 1068 plicia,
251 1011 401 1068 quibus
430 1023 673 1068 peccatores
701 1012 837 1067 punit,
869 1012 996 1053 etiam
1028 1013 1273 1053 visitationis
1304 1029 1400 1053 suae
1423 1013 1502 1053 mi-

80 1105 194 1130 seere
224 1090 446 1145 pietatem,
490 1105 568 1130 nec
605 1088 884 1131 immoderata
921 1106 1061 1146 poena
1089 1090 1265 1131 miseros
1294 1106 1501 1146 premere.

80 1168 258 1222 Semper
293 1167 387 1207 talis
435 1178 496 1207 est
535 1167 653 1207 Deus
698 1178 863 1217 noster,
912 1168 1121 1208 excruciat
1162 1179 1385 1217 nocentes,
1428 1167 1503 1207 sed

80 1243 196 1299 quasi
231 1243 325 1298 pius
367 1255 488 1298 pater
525 1243 747 1283 tormentis
788 1244 1054 1285 clementiam
1083 1245 1227 1285 sociat.
1287 1243 1334 1285 Si
1363 1254 1503 1284 autem

82 1320 142 1360 vis
174 1336 410 1372 agnoscere,
441 1336 537 1360 vera
568 1336 668 1370 esse,
699 1337 803 1375 quae
835 1321 1027 1371 dicimus,
1056 1321 1152 1361 vide
1177 1321 1279 1376 quid
1305 1319 1504 1361 acciderit

81 1397 123 1437 in
153 1399 344 1454 Aegypto
377 1412 400 1436 a
428 1397 551 1436 fame.
612 1395 658 1437 Si
689 1397 891 1438 voluisset
919 1398 1155 1437 interficere
1184 1409 1347 1437 tantum
1370 1398 1503 1454 Aegy—

80 1473 206 1529 ptios,
238 1484 280 1513 et
308 1472 458 1528 punire
490 1472 695 1513 cruciatos
728 1473 771 1513 in
799 1474 1034 1529 septennali
1063 1475 1195 1524 fame,
1226 1474 1394 1515 fecisset
1421 1473 1503 1513 uti-

79 1566 159 1606 que
200 1550 316 1605 quod
356 1550 565 1590 voluerat:
608 1561 649 1590 et
694 1566 833 1606 neque
870 1551 1031 1606 Joseph
1071 1551 1116 1591 in
1155 1552 1394 1608 Aegyptum
1431 1551 1502 1590 de-

76 1626 314 1676 scendisset,
343 1643 419 1668 nee
441 1628 603 1668 Pharao
624 1627 794 1668 vidisset
822 1628 1036 1668 somnium
1063 1629 1114 1668 de
1140 1627 1217 1677 his,
1247 1643 1352 1682 quae
1367 1627 1503 1683 Aegy-

81 1717 157 1760 pto
190 1706 356 1744 fuerant
385 1716 596 1753 eventura,
625 1720 703 1744 nee
733 1705 819 1756 regi
850 1704 996 1744 fuisset
1026 1716 1239 1744 ostensum
1264 1720 1285 1743 a
1309 1702 1502 1757 principe

80 1781 351 1831 vinariorum,
383 1797 470 1820 esse
500 1781 723 1836 quendam,
755 1780 825 1836 qui
855 1780 988 1836 possit
1016 1780 1103 1832 regi
1133 1779 1345 1820 somnium
1374 1779 1503 1819 inter-

80 1858 249 1913 pretari.
308 1859 431 1898 Nunc
461 1873 576 1907 vero,
607 1869 654 1897 ut
690 1856 836 1907 cernis,
866 1858 984 1897 Deus
1014 1857 1195 1908 flagellat
1227 1856 1342 1912 quasi
1369 1868 1503 1912 pater,

78 1935 214 1990 parcit
243 1946 380 1974 autem
410 1951 498 1974 non
527 1935 666 1974 solum
698 1935 847 1984 Israel,
878 1950 1025 1974 verum
1057 1945 1098 1974 et
1126 1934 1367 1991 Aegyptiis,
1407 1951 1502 1974 cum

78 2011 203 2052 alieni
233 2011 315 2052 sint
343 2013 394 2052 ab
427 2027 499 2060 eo,
537 2023 716 2068 propter
755 2011 976 2068 propriam
1014 2011 1391 2053 mansuetudinem.
1449 2011 1506 2051 Et

78 2088 348 2128 manifestum
380 2101 453 2139 est,
485 2089 582 2145 quia
611 2089 716 2130 boni
740 2089 824 2129 Dei
857 2106 963 2145 opus
992 2106 1118 2145 super
1148 2105 1219 2129 eos
1252 2099 1505 2138 exerceatur,

81 2165 182 2205 dum
210 2166 371 2221 Joseph
402 2166 618 2207 descendit
646 2167 688 2207 in
716 2168 968 2224 Aegyptum,
1000 2168 1102 2207 dum
1131 2167 1294 2207 Pharao
1328 2164 1502 2206 somniis

83 2244 333 2283 admonetur
355 2243 410 2300 ¹),
442 2245 542 2284 dum
560 2244 756 2300 princeps
782 2244 867 2284 vini
897 2244 1171 2300 interpretem
1199 2243 1370 2292 indicat,
1401 2244 1503 2283 dum

83 2319 285 2375 interpres
317 2320 482 2361 disserit
511 2321 598 2362 visa
619 2322 685 2377 ²),
723 2334 846 2377 atque
876 2322 935 2362 ita
962 2321 1165 2362 ubertatis
1192 2333 1388 2376 tempore
1417 2321 1504 2360 fru-

85 2397 202 2448 gibus
241 2397 497 2450 congregatis
534 2398 783 2454 posterioris
821 2398 942 2439 samis
986 2399 1163 2454 penuria
1204 2397 1396 2438 vincitur.
1468 2398 1505 2437 E

87 2473 238 2528 quibus
278 2474 474 2515 omnibus
511 2475 785 2530 perspicuum
825 2487 906 2524 est,
943 2492 1028 2515 non
1067 2492 1154 2516 esse
1185 2476 1505 2515 immoderatam

88 2551 207 2600 iram,
238 2566 342 2606 quae
372 2552 423 2591 ab
453 2553 671 2593 haereticis
701 2553 743 2593 in
775 2564 960 2594 creatore
991 2552 1322 2608 reprehenditur.
1380 2553 1507 2593 Pote-

86 2644 224 2668 ramus
254 2627 426 2684 quidem
454 2630 606 2670 multas
634 2630 826 2671 historias
856 2642 1042 2671 retexere
1073 2631 1125 2672 ad
1150 2631 1249 2672 haec
1276 2630 1506 2687 probanda,

207 2778 248 2836 ¹)
278 2781 387 2820 Edd.
419 2781 614 2821 Morlini:
645 2783 854 2826 admonet.

206 2850 250 2905 2)
280 2850 357 2890 Ed.
390 2851 439 2891 R.
472 2851 580 2891 sola:
614 2867 718 2893 vasa.
