1759 3134
253 145 334 190 160
654 148 872 190 Omssssms
903 160 947 189 1N
977 146 1270 190 EZECfflELEM

250 259 321 315 qui
350 275 461 299 nunc
490 258 731 300 humiliatus
760 260 927 300 sceleris
958 259 1020 299 sui
1046 275 1202 314 poenas
1231 259 1321 309 luit,
1354 259 1450 315 quia
1471 260 1512 301 in
1528 261 1669 304 Deum

252 348 441 376 nostrum
471 337 615 376 Jesum
635 337 844 378 Christum
875 354 1018 377 manus
1052 353 1171 377 ausus
1204 348 1263 376 est
1292 337 1472 378 mittere.
1526 339 1608 388 „Et
1628 341 1667 395 ¹)

252 413 409 452 extollo
443 413 601 464 lignum
630 414 830 454 humile.“
889 415 954 454 'I‘u
987 430 1073 453 cras
1109 414 1263 465 lignum
1295 414 1475 464 humile,
1507 415 1665 467 lignum

250 489 483 545 dejectum,
530 490 686 543 lignum
733 503 864 531 terrae
912 491 1106 541 haercns3
1150 507 1294 531 verum
1339 492 1581 532 sublimavit
1624 505 1664 533 te

248 567 376 608 Deus.
450 567 541 617 „Et
560 567 602 624 ²)
643 568 824 609 arefacio
867 568 1024 619 lignum
1067 566 1247 607 viride.“
1316 568 1492 621 Lignum
1531 569 1664 609 viride

248 643 573 685 circumcisionis
605 657 666 686 est
694 644 893 700 populus,
926 645 997 699 qui
1029 645 1240 700 quondam
1271 645 1484 700 pullulans
1517 657 1557 685 et
1587 646 1664 685 sso—

246 737 338 761 rens
377 721 477 770 suit,
526 738 670 762 verum
716 721 844 762 nimia
887 738 997 761 nunc
1043 721 1226 762 siccitate
1274 724 1500 764 contabuit.
1574 722 1661 763 Ubi

246 798 403 853 quippe
448 815 559 838 nunc
605 799 767 840 vividus
811 815 948 839 sermo
995 800 1107 854 apud
1156 799 1258 841 eos?
1329 800 1414 840 Ubi
1462 800 1660 840 virtutum

246 875 426 916 chorus?
492 875 582 925 „Et
603 878 646 932 ¹³)
685 876 935 916 revirescere
974 876 1082 916 facio
1124 876 1282 928 lignum
1323 877 1529 918 aridum.“
1595 877 1663 917 Tu

244 952 359 992 fuisti
402 952 560 1005 lignum
596 954 783 1003 aridum,
821 964 862 994 et
901 952 1001 993 fecit
1042 965 1081 993 te
1123 953 1375 995 revirescere
1408 954 1560 995 Christi
1591 954 1662 994 ad-

243 1041 401 1071 ventus.
459 1030 576 1082 „Ego
593 1033 635 1087 ⁴)
662 1031 872 1071 Dominus
904 1030 1069 1071 locutus
1105 1047 1210 1080 sum,
1242 1043 1281 1071 et
1312 1032 1503 1072 faciam.“
1553 1030 1660 1084 Qui-

243 1108 320 1147 bus
362 1107 484 1147 dictis
520 1119 567 1147 ut
606 1119 646 1147 et
686 1124 763 1148 nos
801 1106 1126 1156 revirescamus,
1164 1119 1212 1147 ut
1252 1109 1410 1149 fructus
1450 1108 1660 1148 valeamus

244 1184 417 1232 afferre,
458 1194 505 1222 ut
542 1183 775 1234 germinans
814 1182 973 1233 lignum
1013 1194 1053 1222 ct
1092 1199 1179 1222 non
1217 1183 1373 1223 siccum
1413 1184 1658 1233 efficiamur,

242 1270 289 1298 ut
317 1274 530 1313 nunquam
561 1261 613 1299 ad
642 1259 802 1299 radices
832 1269 993 1297 nostras
1032 1270 1215 1312 ponatur
1251 1260 1430 1309 securis,
1471 1275 1574 1315 quae
1615 1259 1658 1299 in

243 1335 458 1387 evangelio
489 1335 768 1391 praedicatur,
798 1334 994 1375 attentius
1020 1336 1166 1376 Jesum
1186 1336 1397 1378 Christum
1421 1336 1657 1377 Dominum

241 1424 432 1452 nostrum
472 1430 566 1453 cum
603 1424 721 1467 patre
760 1428 835 1452 suo
874 1427 1118 1467 precemur:
1160 1414 1226 1454 cui
1258 1425 1319 1456 est
1347 1413 1480 1467 gloria
1511 1425 1551 1454 et
1579 1412 1658 1454 im-

241 1489 407 1546 perium
436 1489 478 1530 in
508 1490 672 1531 saecula
703 1488 981 1530 saeculorum.
1041 1491 1199 1532 Amen!

579 1850 1071 1899 HOMILIA
1142 1852 1313 1901 XIII.

235 1973 301 2012 De
333 1988 397 2021 eo,
429 1973 543 2027 quod
575 1972 748 2013 dicitur:
789 1973 887 2023 „fili
911 1973 953 2029 ⁵)
984 1974 1188 2024 hominis,
1219 1975 1312 2016 leva
1340 1975 1557 2030 planctum
1586 1992 1654 2015 su·

234 2066 312 2104 per
339 2064 478 2100 regem
509 2049 634 2106 Tyri,
669 2061 709 2090 et
752 2066 864 2106 pone
907 2050 1059 2091 faciem
1088 2063 1203 2091 tuam
1234 2064 1376 2092 contra
1406 2051 1651 2093 Sidonem.“

347 2174 383 2216 1.
427 2173 690 2229 praecipitur
717 2174 840 2215 nobis
869 2177 920 2216 ab
953 2176 1161 2232 episcopis
1185 2177 1391 2218 discutere
1411 2194 1649 2219 sermonem

234 2251 435 2307 principis
454 2250 569 2308 Tyri,
598 2262 645 2291 ut
675 2252 816 2292 laudes
848 2251 933 2310 ejus
965 2254 1190 2309 culpasque
1222 2254 1428 2295 dicamus:
1455 2271 1534 2295 nec
1563 2271 1651 2295 non

234 2329 391 2387 jussum
423 2340 505 2378 est,
542 2339 589 2367 ut
620 2329 670 2368 de
700 2328 917 2369 Pharaone
947 2346 1042 2382 rege
1075 2332 1254 2389 Aegypti
1283 2332 1423 2388 aliqua
1451 2343 1650 2373 retracte-

232 2424 337 2447 mus.
394 2404 612 2457 Plangitur
650 2405 789 2460 itaque
828 2406 1022 2463 princeps
1054 2408 1175 2466 Tyri:
1215 2425 1292 2450 nec
1323 2410 1557 2465 putandum
1588 2421 1649 2451 est

231 2483 340 2522 hunc
377 2481 593 2522 hominem
639 2497 736 2522 esse.
797 2483 846 2524 In
885 2484 1028 2525 medio
1060 2485 1218 2542 quippe
1249 2487 1477 2529 Cherubim
1505 2487 1645 2527 nullus

228 2559 449 2600 hominum
486 2570 547 2600 est
586 2570 766 2610 creatus,
803 2572 844 2601 et
882 2560 925 2602 in
965 2561 1157 2617 paradiso
1187 2563 1293 2614 Dei,
1332 2564 1366 2604 si
1396 2563 1644 2620 simpliciter

347 2725 386 2779 ¹)
414 2726 566 2767 Ezech.
598 2727 737 2777 XVII,
767 2727 834 2769 24.
952 2730 996 2783 ²)
1026 2730 1177 2770 Ezech.
1208 2730 1346 2780 XVII,
1374 2730 1441 2772 24.

331 2796 385 2848 13)
414 2794 565 2836 Ezech.
593 2797 732 2847 XVII,
761 2798 826 2840 24.
947 2799 989 2855 ⁴²)
1020 2799 1170 2841 Ezech.
1199 2800 1339 2851 XVII,
1368 2799 1435 2843 24.

343 2865 384 2920 ⁵)
418 2864 504 2908 Cfr.
533 2865 684 2910 Ezech.
715 2867 917 2920 XXVIII,
956 2868 1019 2915 12.
1053 2869 1151 2911 coll.
1180 2868 1247 2915 21.
