1759 3134
632 144 830 186 Honmm
860 145 915 184 II.
1406 138 1487 182 265

76 270 123 299 tu
160 259 284 311 igitur
320 273 343 298 a
381 258 586 298 salvatore
624 268 808 305 sanatus,
853 254 960 294 tolle
1005 256 1220 307 grabatum
1263 267 1404 304 tuum,
1450 267 1491 294 et

77 336 183 376 vade
213 335 256 375 in
286 335 461 375 domum
490 346 627 383 tuam,
659 344 730 383 ut,
771 348 865 372 cum
896 332 948 371 ad
976 343 1017 372 te
1049 333 1165 373 velut
1194 350 1389 390 sponsam
1420 352 1488 376 ve-

79 412 188 452 nerit
223 428 421 467 sponsus,
475 422 515 451 et
551 410 595 450 in
631 424 684 449 eo
720 420 861 449 tecum
899 407 1028 448 fuerit
1066 410 1310 461 reclinatus,
1356 413 1488 454 dicas:

81 504 215 538 „ecce
241 488 280 544 ¹)
310 504 484 542 sponsus
515 485 723 528 fratruelis
751 502 869 525 meus
901 485 1096 541 equidem
1127 489 1326 542 pulcher,
1368 491 1493 531 accli-

79 565 193 605 natio
232 575 374 604 nostra
412 566 649 604 umbrosa.“
705 562 816 602 Ecce
856 562 1070 616 speciosus
1108 565 1318 605 fratruelis
1360 584 1492 618 meus,

79 640 169 695 ipse
200 651 241 680 et
269 641 484 695 speciosus
516 654 577 682 est
607 652 648 680 et
674 640 909 680 umbrosus.
970 639 1088 689 „Per
1108 641 1150 696 2)
1190 641 1303 683 diem
1336 644 1493 700 quippe

80 718 146 758 sol
174 734 261 757 non
289 730 384 758 uret
412 729 476 767 te,
505 733 642 772 neque
674 718 772 757 luna
801 732 878 772 per
906 722 1121 757 noctem.“

193 795 232 837 5.
291 795 476 844 „Trabes
500 794 541 848 3)
573 795 797 834 domorum
828 804 1063 834 nostrarum
1096 795 1269 845 cedri,“
1304 796 1496 837 multitu-

81 870 188 912 dinis
218 872 345 912 verba
373 882 478 911 sunt.
537 871 744 911 Videntur
781 882 921 912 autem
959 871 1064 911 mihi
1103 872 1182 912 viri
1211 873 1312 913 haec
1344 874 1498 924 dicere,

83 948 155 1003 qui
187 965 282 988 cum
310 964 464 1003 sponso
496 960 604 998 sunt,
637 949 688 988 de
720 949 870 1004 quibus
900 949 1090 1004 superius
1120 965 1258 990 sermo
1284 952 1497 1005 praefatus

84 1036 156 1065 est.
214 1025 380 1064 Domus
402 1025 444 1079 ⁴)
476 1025 655 1066 cedrinis
683 1025 870 1066 trabibus
898 1026 1079 1067 intextae
1108 1038 1226 1076 sunt,
1262 1040 1303 1068 et
1334 1045 1499 1085 cypres-

81 1101 134 1142 sis
167 1101 438 1154 contignatae.
499 1102 545 1143 Si
577 1102 748 1158 quidem
777 1119 856 1158 pro
887 1102 993 1143 stibe
1025 1104 1242 1144 adscendit
1271 1121 1500 1162 cypressus,

86 1189 127 1217 et
153 1194 232 1233 pro
267 1178 411 1218 coniza
441 1180 657 1220 adscendit
695 1191 866 1237 myrtus.
924 1179 1159 1235 Requirens
1195 1181 1343 1233 igitur,
1385 1182 1500 1241 cujus

84 1265 256 1294 naturae
295 1254 372 1295 ista
409 1267 504 1296 sunt
541 1256 671 1308 ligna,
713 1268 753 1296 et
792 1256 964 1296 cedrum
994 1255 1324 1312 imputribilem,
1365 1271 1404 1300 et
1436 1276 1504 1317 cy-

87 1347 275 1386 pressum
320 1331 464 1372 odoris
505 1332 657 1387 optimi
695 1334 1035 1388 deprehendens,
1080 1334 1225 1375 labora
1271 1348 1312 1377 et
1355 1349 1401 1377 tu
1446 1337 1502 1379 ita

87 1408 327 1460 contignare
370 1409 545 1448 domum
584 1421 722 1459 tuam,
759 1421 806 1449 ut
845 1410 897 1449 de
934 1421 975 1449 te
1020 1426 1188 1466 quoque
1226 1413 1361 1468 possit
1396 1415 1531 1455 dici2=

85 1485 308 1539 ‚‚trabes⁵)
340 1485 545 1526 domuum
573 1498 810 1527 nostrarum
841 1485 968 1536 cedri,
1001 1498 1042 1527 et
1072 1489 1403 1542 contignationes
1430 1509 1507 1533 no-

87 1573 195 1603 strae
227 1562 449 1619 cypressif‘

199 1638 238 1682 6.
297 1640 402 1680 Post
429 1640 531 1681 haec
562 1657 738 1696 sponsus
768 1640 978 1696 loquitur:
1019 1658 1132 1694 „ego
1156 1644 1197 1699 6)
1234 1646 1314 1686 flos
1356 1648 1506 1703 campi,

93 1728 134 1757 et
171 1715 312 1756 lilium
350 1717 649 1758 convallium.“
706 1717 890 1772 Propter
928 1733 1018 1768 me,
1057 1719 1128 1774 qui
1165 1720 1209 1761 in
1239 1722 1349 1763 valle
1381 1740 1507 1775 eram,

91 1792 309 1833 descendit
337 1792 380 1832 in
411 1794 579 1844 vallem,
612 1806 651 1834 et
682 1794 726 1835 in
754 1796 908 1835 vallem
938 1794 1121 1846 veniens,
1154 1797 1203 1837 fit
1234 1798 1394 1841 lilium:
1426 1818 1507 1857 pro

91 1869 205 1922 ligno
238 1869 368 1927 vitae,
409 1872 525 1926 quod
560 1872 796 1927 plantatum
837 1884 898 1913 est
935 1872 979 1912 in
1009 1874 1202 1928 paradiso
1233 1876 1340 1927 Dei,
1377 1878 1510 1921 totius

93 1946 244 2002 campi,
275 1946 321 1986 id
354 1959 427 1997 est,
453 1947 585 1988 totius
615 1948 763 1988 mundi
795 1960 836 1989 et
864 1949 1080 1991 universae
1109 1963 1245 1993 terrae
1274 1955 1352 1996 flos
1375 1957 1510 1998 factus

94 2036 168 2064 est.
220 2023 339 2077 Quid
370 2022 480 2063 enim
510 2023 570 2064 sic
599 2036 741 2079 potest
772 2041 858 2065 esse
889 2026 968 2067 flos
996 2029 1157 2080 mundi,
1186 2042 1234 2071 ut
1255 2034 1511 2075 vocabulum

95 2100 276 2143 Christi?
317 2100 590 2152 Unguentum
614 2102 796 2143 effusum
820 2120 976 2145 nomen
1001 2105 1101 2164 ejus.
1147 2108 1285 2149 Aliter
1308 2109 1353 2151 id
1373 2110 1513 2167 ipsum

93 2177 269 2218 dicitur:
314 2193 427 2229 „ego
460 2178 499 2232 ⁷)
537 2177 616 2218 flos
657 2179 815 2235 campi,
855 2193 896 2221 et
933 2182 1071 2223 lilium
1111 2185 1427 2227 convallium:“
1472 2202 1513 2231 et

95 2257 197 2297 haec
234 2254 406 2310 quidem
449 2254 501 2294 de
539 2266 672 2295 semet
708 2255 815 2311 ipso.
883 2258 1052 2299 Deinde
1093 2277 1289 2316 sponsam
1327 2265 1512 2317 laudans,

98 2331 177 2372 ait:
217 2342 299 2381 „ut
322 2330 365 2386 ⁸)
405 2330 543 2371 lilium
580 2332 624 2372 in
663 2333 806 2373 medio
837 2334 1073 2390 spinarum,
1114 2337 1172 2379 sic
1202 2341 1394 2395 proxima
1424 2360 1517 2384 mea

221 2489 260 2545 ¹)
293 2489 378 2530 Cfr.
412 2489 569 2531 Cantic.
601 2493 634 2542 Ῐ,
665 2492 730 2536 16.
764 2495 863 2535 coll.
894 2512 986 2550 pag.
1018 2496 1113 2540 264.
1145 2510 1232 2540 not.
1250 2498 1290 2543 8.

219 2560 262 2615 ²)
293 2559 446 2600 Psalm.
477 2560 631 2610 CXXI,
661 2561 700 2604 6.
817 2563 861 2620 3)
893 2566 1052 2608 Cantie.
1085 2570 1118 2619 I,
1151 2569 1215 2611 17.

220 2629 261 2684 ⁴)
292 2630 392 2670 B'Iss.
431 2641 478 2669 ut
517 2630 560 2670 in
598 2644 742 2673 nostro
781 2646 910 2684 textu.
970 2637 1087 2678 Libri
1129 2639 1230 2680 editi
1266 2642 1324 2697 (v.
1359 2660 1392 2688 c,
1424 2646 1516 2685 edd,

103 2686 209 2751 QI.):
242 2686 443 2782 ”Romffs
476 2687 661 2728 cedrinas
691 2689 878 2732 trabibus
908 2692 1084 2736 intextas
1117 2707 1157 2736 et
1189 2699 1389 2754 cypressis
1423 2718 1522 2742 con-

104 2754 287 2796 tlgnatas.
419 2774 426 2782 .

222 2813 264 2868 ⁵)
299 2812 456 2853 Cantic.
490 2814 522 2862 I,
555 2813 618 2856 17.
740 2815 784 2869 ὃ)
816 2818 972 2860 Cantic.
1005 2822 1061 2871 II,
1092 2822 1129 2865 1.

222 2882 265 2938 7)
297 2882 454 2924 Cantic.
488 2883 542 2931 II,
576 2884 611 2927 1.
732 2887 774 2940 3)
809 2886 966 2930 Cantic.
998 2891 1052 2939 II,
1082 2890 1118 2933 2.
