1759 3134
209 162 267 207 86
617 163 838 206 Ommzms
871 176 916 204 m
947 162 1241 205 EzEcmELEM

217 286 340 330 atque
370 274 520 325 solida,
549 291 629 318 nec
659 277 805 318 defluit
835 292 988 325 sermo,
1018 275 1287 316 manifestum
1317 286 1390 323 est,
1421 275 1518 329 quia
1547 276 1642 316 alli-

216 363 306 404 gata
329 364 423 397 sunt
452 354 583 395 ubera
610 365 693 395 tua.
754 354 862 396 Cum
893 370 993 394 vero
1028 369 1088 401 ea,
1121 367 1225 407 quae
1256 351 1477 400 dicuntur,
1508 352 1641 392 disso-

216 429 305 470 luta
333 441 429 470 sunt
460 441 500 471 et
533 431 742 481 defluunt,
774 447 860 471 nou
889 443 986 470 suut
1016 431 1145 470 ubera
1177 428 1355 481 alligata.

329 506 366 549 5.
413 507 559 563 „Aqua
590 509 629 564 ¹)
666 524 750 549 non
783 524 825 548 es
856 507 943 547 lota
974 507 1016 548 in
1046 508 1266 547 salutem.“
1324 505 1551 545 Videamus
1583 521 1643 555 ea,

218 599 322 638 quae
352 596 448 626 sunt
478 583 519 625 in
550 585 807 634 Jerusalem,
842 601 893 625 ne
927 586 1037 625 sorte
1070 597 1110 624 et
1142 585 1182 624 in
1214 583 1336 624 nobis
1366 581 1641 637 reperiantur.

216 661 346 702 Verbi
384 662 513 714 gratia
555 662 715 702 dictum
756 662 830 703 sit:
874 674 933 703 cst
975 663 1179 718 quaedam
1210 660 1364 701 mulier
1392 676 1502 699 nuuc
1534 659 1644 709 lota;

218 753 365 779 verum
406 739 640 794 quaeritur,
681 756 729 779 an
772 751 812 780 et
852 739 891 779 in
925 740 1124 789 salutem,
1165 751 1211 779 ut
1246 750 1285 778 et
1317 754 1392 777 uos
1423 736 1644 777 timeamus

216 827 393 870 propter
422 816 519 865 hoc,
549 817 665 871 quod
696 816 772 857 ait:
806 817 877 866 „in
903 818 944 868 ²)
978 817 1199 857 salutem.“
1260 817 1356 855 Non
1381 816 1424 870 3)
1455 815 1646 855 lavantur

220 907 366 933 omnes
404 892 447 933 in
485 894 676 934 salutem.
747 892 835 947 Qui
871 893 1110 949 accepimus
1152 892 1324 945 gratiam
1362 891 1562 947 baptismi
1601 891 1644 932 in

216 969 390 1010 nomine
422 969 599 1020 Christi,
635 971 714 1010 loti
744 988 907 1012 sumus:
941 972 1015 1012 sed
1044 971 1210 1020 nescio,
1251 969 1342 1025 quis
1374 970 1487 1010 lotus
1517 969 1570 1010 sit
1602 969 1643 1009 in

217 1047 408 1089 salutem.
470 1047 622 1092 Simon
654 1048 766 1088 lotus
799 1059 882 1098 est,
915 1060 955 1089 et
984 1047 1193 1103 baptisma
1226 1059 1474 1087 consecutus
1505 1063 1646 1102 perse-

219 1125 390 1165 verabat
427 1123 472 1164 in
499 1124 692 1180 Philippi
722 1124 944 1165 societate:
984 1142 1131 1166 verum
1171 1125 1268 1180 quia
1296 1142 1382 1165 non
1417 1136 1504 1165 erat
1534 1125 1647 1165 lotus

218 1200 261 1240 in
292 1202 484 1250 salutem,
517 1202 819 1241 condemnatus
851 1213 911 1242 est
942 1203 993 1242 ab
1028 1217 1102 1250 eo,
1135 1204 1206 1256 qui
1235 1201 1277 1241 in
1308 1201 1472 1256 Spiritu
1502 1213 1644 1241 sancto

219 1276 324 1317 dixit
355 1278 408 1317 ad
439 1294 555 1318 eum:
588 1277 793 1333 „pecunia
820 1277 862 1333 ⁴)
892 1289 963 1319 tua
992 1290 1134 1319 tecum
1164 1277 1217 1318 sit
1246 1278 1289 1318 in
1318 1277 1647 1333 ΡνειῚΙίίίοΠεΪΠ.ιι

217 1353 401 1406 Ingentis
435 1366 496 1395 est
528 1354 788 1396 difficultatis
819 1371 940 1404 eum,
982 1356 1053 1411 qui
1084 1355 1269 1402 lavatur,
1307 1354 1437 1396 lavari
1466 1354 1508 1395 in
1539 1355 1649 1395 salu-

216 1442 316 1472 tem.
376 1432 619 1482 Attendite,
651 1432 942 1473 catechumeni
970 1432 1132 1482 audite,
1174 1444 1215 1473 et
1246 1449 1293 1472 ex
1322 1432 1405 1482 his,
1449 1448 1553 1488 quae
1585 1431 1648 1471 di-

220 1521 391 1559 cuntur,
430 1521 676 1565 praeparate
709 1522 872 1551 vosmet
902 1510 1038 1566 ipsos,
1080 1511 1182 1550 dum
1214 1509 1502 1551 catechumeni
1535 1509 1646 1558 estis,

220 1586 321 1626 dum
361 1588 543 1627 necdum
580 1587 677 1628 estis
707 1588 930 1643 baptizati,
972 1599 1012 1628 et
1043 1587 1217 1628 veniatis
1247 1588 1299 1627 ad
1330 1587 1564 1636 lavacrum,
1606 1598 1646 1626 et

222 1663 418 1703 lavemini
463 1664 507 1704 in
546 1666 746 1714 salutem,
791 1681 868 1705 nec
912 1663 970 1705 sic
1010 1664 1208 1704 lavemini
1243 1676 1291 1704 ut
1330 1663 1525 1719 quidam,
1572 1663 1645 1718 qui

222 1740 303 1781 loti
331 1752 448 1791 sunt,
487 1742 562 1781 sed
599 1757 684 1781 non
716 1741 757 1782 in
789 1742 989 1782 salutem:
1031 1752 1080 1780 ut
1111 1740 1184 1796 qui
1213 1740 1367 1796 accipit
1397 1756 1568 1796 aquam,
1608 1751 1648 1780 et

219 1834 308 1859 non
346 1818 500 1874 accipit
538 1818 745 1874 Spiritum
783 1830 983 1859 sanctum.
1047 1817 1136 1871 Qui
1174 1818 1336 1858 lavatur
1373 1817 1415 1857 in
1456 1817 1649 1867 salutem,

224 1907 264 1936 et
303 1912 453 1952 aquam
489 1896 643 1951 accipit
682 1908 723 1936 et
765 1896 973 1951 Spiritum
1012 1906 1213 1936 sanctum.
1291 1894 1404 1948 Quia
1439 1910 1527 1935 non
1567 1893 1649 1934 suit

222 1973 373 2014 Simon
411 1974 523 2014 lotus
562 1973 606 2013 in
644 1973 843 2023 salutem,
881 1972 1043 2028 accepit
1072 1988 1244 2028 aquam,
1287 1983 1328 2012 et
1368 1987 1458 2011 non
1486 1970 1651 2026 accepit

222 2050 430 2105 Spiritum
459 2061 661 2099 sanctum,
693 2061 857 2106 putans,
889 2049 987 2106 quia
1015 2048 1150 2105 possit
1180 2049 1341 2089 donum
1370 2047 1542 2103 spiritus
1572 2063 1647 2103 pe-

226 2127 346 2168 cunia
385 2127 642 2183 comparari,
683 2127 726 2167 in
765 2143 846 2182 qua
881 2142 968 2167 non
1009 2138 1070 2167 est
1109 2127 1222 2167 lotus
1251 2126 1295 2166 in
1327 2125 1516 2166 salutem.
1578 2125 1646 2164 Ad

187 2245 192 2248 ,
230 2220 400 2247 omnem
441 2204 623 2246 animam
658 2202 960 2260 peccatricem,
1001 2219 1108 2258 quae
1140 2204 1308 2244 videtur
1338 2203 1532 2252 credere,
1570 2201 1647 2243 ista

343 2393 381 2449 ¹)
415 2393 501 2434 Cs13.
531 2388 682 2434 Ezecli.
714 2396 830 2444 XVI,
861 2395 899 2436 4-
1017 2395 1060 2450 ²)
1094 2395 1179 2437 Csr.
1207 2394 1358 2435 Ezech.
1390 2394 1506 2444 XVI,
1537 2393 1575 2435 4.

339 2463 382 2518 ³)
427 2464 478 2504 R.
523 2463 566 2503 in
610 2465 743 2505 notis:
793 2465 972 2506 Catenae
1012 2465 1112 2506 Mss.
1168 2467 1261 2507 Καὶ
1307 2466 1356 2508 ἓν
1394 2462 1525 2507 {Mau
1566 2462 1647 2506 οὐκ

225 2530 436 2587 ἓλούθης,
485 2532 566 2577 ἕιὶν
606 2532 733 2577 ὕδατι
777 2534 858 2578 οὐκ
897 2531 1085 2589 ἕλούθης
1127 2538 1188 2584 εἷς
1227 2538 1468 2589 σωτηρίαν.
1543 2535 1648 2576 Τῶν

222 2607 565 2660 βαπτιζομένων
595 2607 639 2647 οἱ
667 2606 754 2660 μὲν
786 2610 845 2653 εἰς
875 2610 1101 2660 σωτηρίαν
1127 2610 1436 2661 βαπτίζονται·
1480 2606 1566 2648 εἶσὶ
1595 2603 1650 2646 δέ

224 2689 339 2721 τινες
378 2678 524 2729 ψυχαὶ
561 2673 922 2728 ἀπονιπτόμεναι
957 2680 1031 2718 καὶ
1064 2681 1125 2726 εἰς
1153 2674 1436 2734 κατάκρισιν.
1502 2676 1645 2717 Τοῦτο

228 2748 467 2799 συμβαίνει
497 2748 558 2800 τῷ
589 2745 774 2800 ἀναξίῳ.
824 2742 949 2802 ’Ἔχει
980 2748 1030 2790 δὲ
1061 2751 1135 2790 καὶ
1171 2745 1419 2804 ἀναγωγὴν
1450 2741 1644 2800 ὑψηλήν,

226 2818 318 2856 Καὶ
350 2812 509 2870 θεώρει
541 2819 673 2858 τοῦτο
701 2819 740 2859 εἰ
769 2815 1011 2860 &tf-raom&

339 2884 381 2939 ⁴)
412 2886 504 2926 Act.
537 2886 655 2934 vm,
686 2885 751 2928 20.
