1759 3134
648 127 901 171 PROLOGUS.
1406 126 1488 173 305

73 241 255 293 furtum,
292 256 398 298 quae
436 241 474 283 ei
512 241 614 293 sciat
649 238 944 281 liberalitatem
984 237 1180 294 placere?
1222 249 1293 280 aut
1332 255 1487 282 concu-

74 316 209 373 piscet
256 317 410 369 aliena,
456 335 561 375 quae
613 333 756 359 omnes
794 332 885 357 suas
913 317 952 371 ¹)
993 317 1352 373 concupiscentias
1392 333 1486 369 erga

75 410 263 436 amorem
299 394 378 436 viri
415 395 530 437 illius
572 395 721 437 habeat
761 392 1013 450 occupatas?
1069 394 1141 436 Sic
1180 410 1278 447 crgo
1309 395 1353 436 in
1384 394 1488 436 cari-

74 472 169 514 tatis
207 472 491 529 perfectione,
531 484 573 514 et
610 487 735 514 omne
771 472 1016 513 mandatum
1054 471 1276 512 restaurari
1318 471 1486 521 dicitur,

75 559 116 589 et
155 547 256 601 legis
296 547 426 590 virtus
462 550 850 607 prophetarumque
888 550 1086 605 pendere.
1155 547 1340 603 Propter
1375 547 1489 588 istud

74 624 254 666 caritatis
292 626 361 666 vel
400 626 554 668 amoris
590 628 775 675 bonum,
825 625 956 666 sancti
1005 640 1084 666 nec
1134 624 1178 665 in
1215 622 1489 665 tribulatione

74 702 376 756 angustiantur,
423 720 501 745 nec
531 703 710 761 aporiati
740 702 1055 759 exaporiantur,
1094 718 1172 743 nec
1202 700 1355 759 dejecti
1394 717 1492 758 per-

73 791 194 832 eunt,
224 781 300 822 sed
339 782 456 838 quod
488 781 591 838 in²)
619 780 830 838 praesenti
861 792 921 821 est
949 790 1295 821 momentaneum
1326 790 1367 820 et
1397 778 1490 819 leve

73 857 356 899 tribulationis
388 874 557 910 eorum,
587 874 712 915 supra
739 857 918 899 modum
951 869 1170 899 aeternum
1198 856 1356 910 gloriae
1386 872 1494 912 pon-

73 935 150 976 dus
190 946 389 991 operatur
423 935 522 977 illis.
591 936 690 977 Non
732 935 845 976 enim
884 935 1101 987 omnibus,
1140 934 1215 975 sed
1250 934 1410 984 Paulo,
1452 945 1494 974 et

73 1010 160 1064 his,
191 1012 263 1069 qui
293 1013 333 1054 ei
362 1012 518 1054 similes
550 1024 669 1064 sunt,
698 1029 892 1069 praesens
924 1014 1026 1055 haec
1059 1024 1100 1054 et
1126 1012 1169 1070 ³)
1201 1024 1497 1054 momentanea

73 1106 120 1132 ac
159 1091 264 1132 levis
296 1090 451 1133 dicitur
478 1090 722 1141 tribulatio,
761 1090 858 1148 quia
895 1092 1129 1148 perfectam
1169 1090 1382 1133 caritatem
1413 1090 1500 1132 Dei

75 1168 120 1209 in
158 1168 326 1211 Christo
357 1170 462 1211 Jesu
502 1185 580 1226 per
610 1169 819 1226 Spiritum
858 1181 1048 1210 sanctum
1089 1169 1245 1210 habent
1284 1168 1329 1210 in
1369 1170 1497 1210 corde

75 1262 152 1287 suo
184 1247 394 1290 diffusam.
457 1247 528 1290 Sic
559 1246 740 1303 denique
774 1258 815 1288 et
842 1247 976 1288 Jacob
994 1245 1040 1303 4)
1070 1246 1349 1303 patriarcham
1379 1263 1500 1288 amor

77 1324 237 1366 Rachel
267 1342 345 1382 per
373 1336 537 1382 septem
566 1341 696 1366 annos
729 1324 952 1366 continuos
982 1324 1026 1366 in
1057 1324 1272 1365 laboribus
1310 1324 1499 1381 positum

76 1402 216 1443 diurni
242 1403 283 1459 ⁵)
322 1414 456 1444 aestus
497 1414 538 1443 et
566 1401 763 1443 nocturni
791 1400 959 1454 frigoris
987 1401 1201 1443 ustionem
1231 1402 1383 1444 sentire
1412 1419 1500 1444 non

77 1479 187 1523 sivit.
246 1479 319 1522 Sic
349 1479 489 1536 ipsum
517 1479 722 1531 Paulum,
759 1477 803 1518 in
836 1495 979 1520 amore
1008 1479 1131 1538 hujus
1160 1480 1400 1533 incensum,
1431 1498 1500 1522 au·

77 1557 167 1600 dito
209 1557 438 1600 dicentem:
484 1558 665 1609 „caritas
690 1558 732 1614 ὃ)
775 1555 917 1597 omnia
954 1557 1135 1613 patitur,
1174 1557 1315 1599 onmia
1355 1558 1501 1609 credit,

79 1636 222 1678 omnia
266 1648 427 1694 sperat,
475 1635 618 1677 omnia
660 1635 837 1676 tolerat:
891 1633 1036 1676 caritas
1080 1652 1297 1692 nunquam
1342 1637 1502 1678 cadit.“

79 1713 198 1755 Nihil
238 1729 335 1768 ergo
380 1725 462 1764 est,
508 1714 625 1770 quod
666 1728 754 1753 non
791 1711 968 1763 toleret,
1016 1712 1087 1769 qui
1125 1714 1314 1770 perfecte
1354 1714 1503 1768 diligit.

79 1791 210 1833 Plura
256 1802 397 1833 autem
446 1792 613 1849 quando
663 1806 752 1831 non
789 1789 1042 1842 toleramus,
1093 1803 1254 1832 certum
1294 1792 1412 1849 quod
1450 1793 1505 1833 ob

81 1869 186 1922 hoc,
228 1869 326 1926 quia
364 1868 601 1920 caritatem,
644 1884 748 1925 quae
779 1868 922 1909 omnia
949 1869 1128 1920 tolerat,
1165 1886 1253 1911 non
1292 1869 1505 1913 habemus.

82 1946 138 1988 Et
166 1946 200 1989 si
226 1963 315 1989 non
342 1947 517 1989 ferimus
547 1945 688 2003 aliqua
716 1945 939 2002 patienter,
968 1946 1129 1988 idcirco
1162 1959 1245 1999 est,
1276 1948 1374 2005 quia
1405 1949 1508 1991 cari-

82 2037 142 2067 tas
179 2024 302 2066 nobis
332 2025 474 2077 deest,
513 2040 619 2081 quae
659 2023 801 2065 omnia
834 2025 1004 2081 patitur.
1064 2025 1116 2065 In
1145 2025 1373 2067 luctamine
1405 2044 1510 2084 quo-

85 2119 166 2160 que
197 2119 273 2155 eo,
310 2104 427 2160 quod
467 2114 527 2144 est
565 2101 688 2144 nobis
727 2103 923 2145 adversus
962 2102 1204 2155 diabolum,
1244 2120 1328 2160 quo
1355 2105 1396 2161 ⁷)
1427 2106 1511 2146 frc-

87 2192 264 2238 quenter
294 2181 494 2233 cadimus,
523 2197 612 2222 non
642 2179 817 2222 dubium
850 2192 924 2233 est,
956 2181 1058 2238 quin
1088 2182 1144 2223 ob
1174 2180 1256 2223 hoc
1278 2182 1364 2235 fiat,
1395 2183 1512 2239 quod

88 2275 175 2301 non
207 2271 269 2302 est
298 2258 341 2301 in
371 2258 495 2301 nobis
525 2258 673 2301 caritas
703 2259 790 2312 illa,
824 2276 928 2317 quae
958 2276 1173 2318 nunquam
1207 2261 1330 2306 cadit.
1389 2261 1512 2303 Hunc

210 2470 249 2525 ¹)
278 2467 413 2512 Deest
442 2477 606 2522 „suas“
636 2470 681 2513 in
710 2470 808 2513 edd.
838 2472 899 2513 M.

206 2542 250 2598 ²)
281 2541 390 2584 Edd.
424 2542 622 2584 Merlini:
661 2543 704 2583 in
744 2541 955 2599 praesenti
995 2553 1036 2583 et
1065 2555 1432 2586 momentaneum:v
1473 2552 1513 2586 et

92 2599 185 2640 leve
216 2599 501 2640 tribulationis
532 2611 614 2641 est:
645 2616 771 2656 supra
798 2600 975 2641 modum
1007 2611 1085 2643 etc.

210 2669 254 2726 3)
287 2670 420 2711 Deest
450 2676 562 2721 „et“
592 2669 636 2710 in
667 2670 762 2710 edd.
794 2670 854 2713 M.

210 2740 253 2797 4)
286 2740 372 2782 Cfr.
405 2740 511 2781 Gen.
541 2739 698 2781 XXIX,

215 2812 258 2867 ⁵)
287 2810 396 2852 Edd.
427 2810 623 2852 Merlini:
656 2809 854 2851 diuturni.

213 2882 256 2939 6)
288 2883 308 2923 Ι
332 2882 429 2924 Cor.
459 2880 581 2931 XIII,
613 2880 650 2922 7.
680 2879 719 2922 8.
841 2881 885 2938 ⁷)
917 2880 994 2924 Ed.
1027 2883 1077 2927 R,
1108 2884 1219 2931 sola:
1254 2885 1383 2941 quod,

99 2960 320 3004 Ome-mus
334 2959 516 3001 OPERA.
562 2957 683 3000 Tom.
700 2956 815 3001 XIV.
1163 2961 1220 3006 20
