1738 3134
639 159 839 201 HommA
874 160 905 199 I.
1433 161 1490 204 29

70 284 110 312 et
149 283 294 327 postca
332 272 462 321 redit,
510 273 633 312 habet
672 270 892 311 rationem.
968 272 1033 311 Ab
1076 273 1287 328 Aquilone
1328 273 1488 328 quippe

69 350 338 390 exardescunt
367 350 475 389 mala
505 365 632 404 super
661 347 889 388 habitantes
918 359 1085 391 terram.
1136 349 1293 405 Aquilo
1326 349 1490 389 violen-

67 425 248 465 tissimus
279 438 438 475 ventus,
471 441 596 481 quem
626 424 709 465 alio
741 425 912 466 nomine
935 425 1142 465 Dextrum
1172 443 1383 475 vocamus,
1415 426 1488 481 qui

66 501 107 541 in
140 514 319 557 quatuor
351 502 585 542 cardinibus
618 501 740 550 coeli,
771 503 823 541 de
851 502 1000 558 quibus
1022 501 1133 542 venti
1159 502 1314 557 spirare.
1343 503 1491 543 dicun-

68 590 158 626 tur,
199 579 391 632 frigidior
432 591 490 619 est
530 590 652 634 atque
694 579 995 620 vehementior.
1055 580 1142 618 Nec
1174 594 1261 618 non
1294 591 1331 618 et
1363 578 1490 628 illud,

70 657 184 710 quod
218 658 268 697 de
301 656 447 697 ordine
481 667 712 696 castrorum
744 657 855 712 apud
888 656 1015 696 Israel
1047 655 1088 694 in
1118 656 1314 695 Numeris
1342 656 1491 696 scribi-

66 744 149 781 tur,
181 733 300 791 hujus
330 733 389 773 rei
427 732 590 773 obtinet
620 733 806 785 figuram.
864 732 1101 774 Novissima
1135 732 1245 773 enim
1276 744 1404 773 castra
1435 734 1488 772 ad

67 810 324 865 Aquilonem
362 823 580 866 ponuntur
607 811 716 851 Dan.
775 809 917 850 Prima
958 822 1086 850 castra
1119 811 1229 850 Juda
1266 810 1318 849 ad
1351 810 1491 849 orien-

68 897 173 936 tem,
214 887 364 927 deinde
405 904 516 943 pone
559 905 652 928 eum
698 888 872 937 Ruben‚
917 899 1064 942 postea
1102 888 1331 927 seeundum
1374 903 1491 926 mare

64 964 242 1014 Effrem,
274 964 314 1005 in
347 977 556 1015 extreme,
587 977 634 1005 ut
664 964 864 1013 diximus,
896 965 947 1004 ad
978 965 1236 1019 Aquilonem
1265 965 1374 1005 Dan.
1433 965 1489 1004 Et

68 1040 173 1090 olla,
215 1057 319 1097 quae
357 1059 554 1083 succensa
590 1042 861 1092 describitur,
900 1058 920 1082 a
951 1042 1057 1082 facie
1088 1042 1311 1097 Aquilonis
1341 1057 1485 1081 accen-

68 1116 194 1158 ditur.
262 1119 419 1175 Aquilo
462 1120 618 1175 quippe
660 1119 891 1171 figuraliter
927 1119 1082 1160 dicitur
1126 1119 1330 1159 contraria
1367 1118 1490 1158 forti-

65 1195 194 1243 tudo,
239 1194 281 1235 id
324 1208 382 1236 est
420 1197 628 1246 Zabulus,
680 1196 751 1252 qui
801 1208 862 1236 est
901 1212 997 1236 vere
1044 1196 1286 1236 durissimus
1327 1207 1487 1235 ventus.

65 1271 192 1311 Venit
219 1272 257 1326 ¹)
298 1273 410 1312 enim
449 1275 500 1313 ab
539 1273 751 1328 Aquilone
793 1272 961 1328 spiritus
1000 1274 1215 1323 auferens,
1267 1284 1307 1312 et
1353 1273 1489 1311 nubes

65 1365 211 1400 magna
242 1349 283 1388 in
316 1365 381 1390 eo.
425 1349 536 1390 Vitia
566 1351 617 1389 ab
650 1366 700 1389 eo
733 1365 819 1389 esse
845 1350 1124 1404 exposuimus,
1177 1349 1320 1403 ‚,Et²)
1346 1349 1488 1402 splen·

66 1425 146 1464 dor
175 1425 215 1465 in
244 1426 418 1466 circuitu
452 1426 552 1483 ejus,
585 1437 625 1465 et
654 1425 758 1477 ignis
783 1426 986 1477 fulgens.“
1034 1426 1181 1466 Potuit
1212 1425 1350 1465 dicere
1381 1424 1489 1475 ignis

65 1517 260 1552 exurens,
300 1519 445 1543 verum
476 1503 609 1559 piguit
639 1502 900 1558 Scripturam
929 1502 1140 1543 tristitiam
1170 1501 1410 1550 nominare,
1446 1512 1487 1540 et

64 1594 170 1633 opus
202 1578 288 1635 ejus
319 1580 576 1630 adscribere,
615 1579 797 1635 ideoque
829 1596 908 1636 pro
941 1579 1110 1636 poenali
1142 1579 1181 1619 vi
1213 1579 1486 1634 splendorem

63 1667 226 1697 tantum
257 1656 466 1713 apposuit.

179 1733 244 1775 15.
290 1733 382 1783 „Et
406 1735 448 1788 3)
487 1733 527 1773 in
567 1734 710 1773 medio
751 1733 835 1790 ejus
876 1733 988 1788 quasi
1031 1732 1264 1772 similitudo
1304 1743 1488 1788 quatuor

65 1809 328 1849 animalium:
360 1809 436 1850 ista
466 1809 570 1849 visio
605 1826 764 1852 eorum.
824 1809 1070 1852 Similitudo
1102 1809 1284 1850 bominis
1315 1809 1354 1848 in
1388 1809 1485 1849 illis.

64 1886 119 1926 Et
158 1897 340 1941 quatuor
377 1886 504 1926 facies
543 1887 638 1936 uni,
680 1900 720 1927 et
750 1900 931 1942 quatuor
959 1903 1119 1942 pennae
1151 1886 1246 1935 uni,
1287 1898 1326 1926 ct
1367 1901 1484 1925 crura

63 1979 210 2002 eorum
239 1975 364 2012 recta,
398 1975 438 2003 et
467 1964 639 2019 pennati
667 1966 796 2019 pedes
829 1970 1019 2004 eorum.“
1062 1964 1191 2003 Vides
1223 1963 1360 2018 qualia
1391 1963 1487 2012 sint,

61 2055 167 2095 quae
195 2051 391 2093 regantur
419 2041 577 2094 afDeo,
606 2053 654 2082 ut
684 2042 764 2082 ibi:
798 2041 908 2098 „qui
936 2042 1055 2081 sedes
1084 2057 1211 2096 super
1242 2040 1486 2089 Cherubim,

61 2123 258 2172 appare.“
282 2117 323 2173 4)
399 2119 626 2160 Cherubim
672 2119 972 2174 interpretatur
1008 2118 1232 2174 plenitudo
1272 2117 1484 2166 scientiae,

63 2205 105 2233 et
136 2194 373 2250 quicunque
403 2195 575 2236 scientia
603 2197 753 2252 plenus
779 2208 852 2246 est,
885 2196 1067 2236 efficitur
1082 2195 1325 2244 Cherubim,
1357 2212 1482 2250 quem

63 2271 170 2322 regit
186 2272 316 2313 Deus.
363 2272 479 2326 Quid
508 2273 587 2313 sibi
614 2286 753 2314 autem
779 2274 928 2314 volunt
953 2285 1133 2330 quatuor
1162 2271 1317 2313 facies?
1362 2272 1482 2326 Quae

63 2346 259 2389 salvanda
289 2361 396 2398 sunt,
427 2366 534 2401 genu
562 2351 737 2391 flectunt
767 2351 956 2391 Domino
978 2352 1091 2400 Jesu,
1124 2361 1165 2390 et
1194 2351 1245 2389 ab
1268 2349 1481 2404 Apostolo

62 2421 288 2478 tripliciter
317 2426 609 2468 nominantur:
642 2440 725 2478 „ut
746 2429 787 2484 ⁵)
819 2427 861 2467 in
890 2426 1062 2468 nomine
1088 2427 1188 2467 Jesu
1221 2442 1346 2466 omne
1376 2442 1483 2477 genu

67 2608 146 2648 τοῦ
177 2609 289 2649 θεοῦ
321 2611 383 2656 εἷς
411 2606 492 2662 τὴν
521 2607 860 2653 κατάπαυσιν.“
909 2612 1002 2652 Καὶ
1032 2607 1124 2666 μετ’
1161 2608 1302 2664 ὀλίγα.
1352 2612 1481 2660 „130-

67 2681 166 2731 ρέας
195 2681 417 2733 τροπικῶς
445 2681 619 2734 λέγεται
650 2678 676 2734 ἡ
706 2679 990 2737 ἀντικειμένη
1016 2678 1257 2736 ‹hircanus-f*
1302 2678 1478 2718 Ruaeus.

184 2748 222 2803 ¹)
255 2748 341 2789 Cfr.
373 2749 522 2789 Ezech.
553 2751 587 2798 I,
617 2749 656 2790 4.
776 2752 818 2806 ²)
848 2751 999 2791 Ezech.
1032 2752 1065 2799 Ι,
1097 2750 1134 2791 ll.

179 2817 222 2872 3)
252 2818 403 2860 Ezech.
438 2820 471 2869 J,
500 2820 539 2862 5.
571 2819 611 2862 6.
641 2820 678 2863 7.
800 2821 843 2875 ⁴)
871 2821 979 2861 Edd.
1010 2818 1205 2861 Merlini:
1238 2828 1421 2873 apparet.

180 2888 223 2942 ⁵)
254 2888 437 2945 Philipp.
471 2892 526 2941 Il,
558 2890 622 2934 10.
