1759 3134
259 126 345 176 240
516 128 735 171 Omonms
765 139 810 170 m
842 126 1080 168 Cmricnm
1113 125 1416 169 CAN'mconum

261 243 413 285 festina
442 242 679 296 intelligere
707 241 838 294 illud,
886 253 927 282 et
959 257 1054 283 cum
1085 257 1238 298 sponsa
1276 241 1418 283 dicere
1458 255 1529 290 ea,
1581 255 1685 296 quae

261 338 413 378 sponsa
444 320 572 373 dicit,
602 331 649 362 ut
679 321 840 371 audias,
876 336 979 377 quae
1007 319 1166 361 audivit
1193 330 1234 359 et
1258 335 1422 375 sponsa.
1468 318 1515 359 Si
1546 329 1684 359 autem

259 415 345 440 non
374 397 565 455 potueris
595 399 734 440 dicere
775 415 871 440 cum
911 414 1086 455 sponsa,
1137 413 1241 454 quae
1285 397 1411 448 dixit,
1455 407 1504 438 ut
1544 394 1685 439 audias

260 492 328 527 ea,
375 492 480 533 quae
513 476 625 519 dicta
654 488 749 518 sunt
780 493 981 534 sponsae,
1027 475 1179 517 festina
1208 475 1277 516 vel
1309 491 1406 517 cum
1445 473 1588 531 sponsi
1618 489 1687 515 so-

261 554 425 596 dalibus
454 554 560 596 fieri.
606 555 743 596 Porro
777 555 810 596 si
843 566 883 596 et
913 554 998 596 illis
1029 553 1207 595 inferior
1240 569 1302 603 es,
1335 563 1423 594 esto
1458 568 1554 593 eum
1585 552 1687 592 ado-

259 631 518 683 lescentulis,
552 648 657 689 quae
687 632 729 674 in
760 648 937 689 sponsae
968 631 1131 673 deliciis
1163 642 1492 672 commoramur.
1544 628 1684 684 Hae')

258 709 417 767 quippe
463 710 505 751 in
538 710 620 751 hoe
651 710 783 761 libro,
823 710 965 752 sabula
995 710 1176 767 pariter,
1219 720 1260 749 et
1290 706 1562 764 epithalamio
1591 716 1687 747 sunt

257 803 484 843 personae:
539 788 644 844 ex2)
675 804 759 844 quo
803 801 843 830 et
873 789 1047 842 gentiles
1077 787 1157 829 sibi
1189 785 1509 842 epithalamium
1540 785 1685 826 vindi-

261 877 426 916 carunt,
464 877 505 906 et
534 864 652 907 istius
683 867 845 919 generis
879 884 1047 908 carmen
1078 876 1308 908 assumtum
1339 876 1410 906 est.
1471 863 1688 920 Epithala-

259 942 394 985 mium
431 943 466 985 si
505 943 678 1000 quidem
717 945 926 986 canticum
967 945 1239 986 canticorum.
1301 943 1494 984 Primum
1532 958 1685 999 sponsa

259 1033 375 1072 orat,
426 1032 468 1062 et
506 1021 648 1063 statim
678 1021 720 1062 in
750 1023 901 1064 mediis
932 1022 1126 1078 precibus
1159 1022 1340 1064 auditur.
1398 1022 1527 1063 Videt
1563 1036 1687 1077 prae·

258 1110 421 1140 sentem
450 1115 674 1154 sponsum,
721 1098 837 1140 videt
866 1100 1202 1141 adolescentulas
1242 1116 1317 1141 suo
1364 1098 1582 1140 comitatui
1615 1113 1685 1138 co-

258 1176 422 1232 pulatas
440 1175 496 1232 ³).
555 1177 724 1218 Deinde
754 1177 985 1232 respondet
1016 1176 1054 1217 ei
1083 1193 1281 1232 sponsus:
1329 1188 1370 1217 et
1405 1187 1505 1232 post
1543 1174 1687 1231 sponsi

259 1254 453 1310 eloquia,
485 1254 587 1294 dum
617 1253 691 1296 ille
721 1271 801 1310 pro
834 1253 921 1312 ejus
949 1253 1109 1310 patitur
1139 1254 1292 1304 salute,
1330 1254 1590 1310 respondent
1619 1268 1686 1293 so-

259 1332 396 1383 dales,
443 1333 580 1373 donec
609 1349 787 1389 sponsus
818 1331 871 1373 sit
899 1332 941 1373 in
973 1331 1189 1382 recubitu,
1237 1344 1278 1373 et
1308 1348 1331 1372 a
1360 1331 1555 1388 passione
1586 1347 1685 1373 con-

260 1420 423 1463 surgat,
453 1426 497 1451 se
529 1411 736 1466 quaedam
764 1427 943 1466 sponsae
974 1423 1219 1452 ornamenta
1249 1413 1446 1453 facturos.

369 1487 408 1533 2.
458 1488 619 1529 Verum
658 1487 743 1546 jam
773 1488 862 1544 ipsa
892 1489 1020 1529 verba
1049 1490 1249 1544 ponenda
1287 1501 1405 1540 sunt,
1450 1488 1493 1530 in
1533 1488 1684 1545 quibus

256 1566 373 1623 prius
422 1582 503 1606 vox
553 1582 731 1622 sponsae
780 1566 1043 1623 deprecantis
1092 1567 1271 1608 auditur.
1348 1567 1615 1619 „Osculetur
1639 1567 1684 1623 ⁴)

257 1661 326 1686 me
358 1645 506 1686 osculo
526 1645 568 1701 ⁵)
603 1643 687 1685 oris
718 1644 833 1689 sui,“
894 1644 1093 1699 Quorum
1114 1644 1192 1686 iste
1225 1656 1286 1687 est
1301 1646 1342 1702 ⁶)
1374 1661 1536 1688 sensus:
1576 1661 1683 1701 quo—

255 1738 388 1779 usque
418 1738 597 1778 sponsus
628 1738 746 1764 meus
769 1721 900 1763 mittit
926 1723 1070 1763 oscula
1089 1738 1167 1779 per
1181 1723 1357 1773 Mosen,
1387 1721 1519 1763 mittit
1540 1723 1684 1764 oscula

254 1817 332 1856 per
371 1801 633 1857 prophetas?
689 1802 788 1842 Jam
826 1799 957 1857 ipsius
1001 1800 1127 1857 cupio
1170 1817 1244 1842 ora
1284 1800 1550 1854 contingere,
1591 1800 1683 1856 ipse

255 1878 415 1929 veniat,
445 1878 537 1935 ipse
569 1880 808 1921 descendat.
870 1878 976 1921 Orat
1006 1878 1134 1931 igitur
1163 1878 1310 1935 sponsi
1339 1891 1516 1935 patrem,
1551 1890 1592 1920 et
1620 1879 1683 1920 di-

258 1956 314 1998 cit
342 1958 395 1997 ad
426 1973 543 1999 eum:
577 1957 890 2014 ‚,osculetur⁷)
930 1972 1000 1998 me
1031 1957 1178 1998 osculo
1212 1957 1295 1998 oris
1326 1957 1441 2001 sui.“
1499 1957 1555 1997 Et
1586 1955 1683 2013 quia

256 2034 352 2077 talis
384 2046 444 2078 est
459 2036 527 2092 Β),
565 2047 612 2077 ut
643 2036 908 2093 compleatur
950 2051 1077 2092 super
1108 2051 1200 2076 eam
1229 2035 1530 2092 propheticum
1559 2034 1681 2085 illud,

375 2232 415 2290 ¹)
449 2234 554 2276 Cod.
586 2233 828 2275 Beccensis:
877 2233 1030 2283 „Haec
1062 2232 1221 2290 quippe
1251 2233 1496 2275 fabulantur
1524 2233 1683 2289 pariter

258 2302 299 2332 et
330 2291 643 2347 epithalamium
675 2307 797 2331 suum
828 2301 1068 2346 personant.
1113 2292 1175 2332 Ex
1206 2291 1288 2332 hoc
1315 2302 1457 2344 gentes
1489 2291 1568 2331 sibi
1593 2290 1682 2346 epi-

255 2348 501 2389 thalamium
533 2347 828 2399 vendicarunt,
871 2358 911 2388 et
942 2347 1058 2388 istius
1089 2347 1252 2401 generis
1281 2360 1588 2391 sacramentum
1620 2363 1680 2388 as-

255 2417 441 2447 sumtum
471 2417 543 2447 est.
558 2411 583 2430 ‘⁸
611 2405 661 2446 Γι.

371 2476 418 2533 2)
449 2476 557 2517 Edd.
588 2475 783 2517 Merlini:
818 2493 864 2517 ex
897 2492 946 2517 eo
981 2493 1064 2533 quo
1098 2488 1175 2518 etc.

371 2547 415 2605 ³)
446 2547 556 2589 Edd.
587 2546 786 2587 '‘Merlini:
819 2548 1049 2603 deputata&

372 2617 414 2675 ⁴)
449 2615 607 2658 Cantic.
639 2618 672 2666 I,
703 2616 742 2659 2.
777 2641 828 2649 -·
859 2617 909 2658 In
940 2619 1035 2660 edd.
1067 2619 1128 2661 M.
1160 2617 1309 2660 abhinc
1341 2618 1513 2660 demum
1542 2615 1678 2658 homi-

257 2674 313 2716 lia
344 2675 376 2716 I.
407 2673 578 2715 initium
607 2689 730 2715 suum
760 2673 884 2729 capit.

374 2746 415 2802 ⁵)
447 2745 555 2785 Edd.
586 2744 762 2786 Merlini
793 2756 1032 2787 constanter
1061 2777 1084 2798 ‚,
1099 2745 1265 2788 osculis.
1282 2751 1306 2771 “

372 2817 417 2874 6)
447 2816 557 2857 Edd.
589 2815 784 2857 Merlini:
819 2832 959 2857 sensus
991 2828 1064 2857 est.
1186 2817 1228 2874 ⁷)
1260 2816 1420 2866 Cantic,
1449 2816 1482 2867 I,
1511 2815 1551 2860 2.

373 2889 415 2944 Β)
449 2886 726 2948 Desideratur
755 2893 890 2938 „est“
920 2887 964 2928 in
995 2887 1090 2927 edd.
1122 2888 1183 2930 M.
