1759 3134
714 122 854 162 Llssmz
883 120 939 161 ΙΙ.
1452 112 1535 159 399

119 250 204 274 esse
236 234 458 285 sententia,
499 250 578 291 qua
608 234 685 274 ait:
717 233 860 284 „scito
898 244 939 273 te
969 231 1164 286 ipsum,“
1198 229 1263 270 vel
1293 243 1537 280 „cognosce

118 322 158 350 te
204 311 392 367 ipsum.“
463 310 596 365 Quod
639 322 779 352 tamen
819 310 1046 359 Salomon,
1094 323 1219 364 quem
1266 305 1537 363 praecessisse

121 404 264 429 omnes
303 388 379 429 hos
419 399 635 445 tempore,
685 399 726 429 et
765 385 987 443 sapientia,
1036 401 1082 426 ac
1112 401 1254 426 rerum
1293 382 1466 425 scientia
1495 383 1537 423 in

118 464 377 520 praefatione
408 477 550 508 nostra
588 465 830 516 docuimus,
875 464 927 505 ad
967 463 1147 505 animam
1185 461 1358 518 quasi¹)
1387 459 1538 502 mulie-

118 558 208 583 rem
236 543 312 583 sub
345 543 672 585 comminatione
703 543 881 600 quadam
912 541 1089 597 loquens
1122 538 1243 580 dicit:
1272 538 1352 580 nisi
1384 554 1538 591 cogno-

118 620 223 660 veris
252 630 382 661 temet
411 620 566 677 ipsam,
598 638 622 662 o
656 620 833 677 pulchra
861 618 971 660 inter
998 617 1219 668 mulieres,
1251 627 1291 657 et
1321 615 1537 669 agnoveris

114 696 438 753 pulchritudinis
467 711 564 740 tuae
595 714 734 740 causas
763 697 862 739 inde
894 695 1170 746 descendere,
1206 694 1323 750 quod
1354 693 1407 734 ad
1434 692 1538 734 ima—

117 773 255 827 ginem
284 774 370 816 Dei
398 776 508 818 facta
538 793 602 828 es,
639 793 717 833 per
747 775 862 832 quod
900 774 1008 816 inest
1046 773 1125 814 tibi
1154 771 1389 830 plurimum
1416 783 1536 813 natu·

113 852 210 894 ralis
241 853 427 905 decoris,
459 865 502 895 et
532 852 800 907 cognoveris,
833 869 956 909 quam
985 852 1162 909 pulchra
1193 867 1280 892 eras
1311 866 1359 892 ex
1388 849 1533 891 initio:

115 931 303 987 quamvis
335 943 376 973 et
403 947 515 972 nunc
544 931 629 991 jam
657 931 889 988 praecellas
920 942 1076 972 ceteras
1105 929 1326 979 mulieres,
1372 940 1413 969 et
1441 927 1537 984 pul-

114 1007 211 1049 chra
242 1007 353 1050 inter
382 1025 447 1050 eas
477 1009 566 1051 sola
595 1009 757 1061 dicaris,
788 1022 929 1051 tamen
948 1006 1029 1049 nisi
1049 1006 1298 1061 cognoveris
1327 1017 1368 1047 te
1387 1005 1536 1062 ipsam,

113 1102 218 1142 quae
248 1085 323 1141 sis3
354 1113 407 1120 —
446 1103 534 1128 non
565 1086 676 1128 enim
708 1103 754 1128 ex
787 1085 1103 1144 comparatione
1140 1084 1392 1126 inferiorum
1430 1084 1533 1125 volo

111 1164 268 1204 bonam
307 1163 441 1205 videri
479 1164 840 1221 pulchritudinem
879 1176 1018 1215 tuam,
1061 1163 1136 1204 sed
1173 1173 1221 1203 ut
1258 1161 1336 1203 tibi
1373 1160 1455 1217 ipsi
1495 1171 1536 1202 et

113 1241 257 1282 decori
296 1253 370 1283 tuo
414 1243 568 1284 collata
606 1255 730 1300 atque
762 1253 987 1299 exaequata
1015 1241 1286 1297 respondeaS.
1317 1265 1368 1272 —
1402 1238 1535 1294 Quod

112 1318 189 1359 nisi
220 1320 383 1371 feceris,
413 1319 540 1378 jubeo
572 1333 613 1363 te
647 1321 783 1373 exire,
817 1333 858 1362 et
888 1320 929 1361 in
959 1318 1119 1360 ultimis
1151 1334 1321 1371 gregum
1353 1316 1533 1369 vestigiis

113 1397 342 1450 collocari,
374 1410 414 1440 et
442 1398 527 1457 jam
555 1415 642 1440 non
673 1415 792 1449 oves,
823 1414 960 1454 neque
989 1413 1134 1450 agnOS,
1165 1396 1240 1437 sed
1269 1395 1431 1436 hoedos
1462 1410 1535 1450 pa-

110 1490 238 1526 scere,
269 1475 368 1516 illos
399 1475 574 1527 scilicet,
606 1476 678 1533 qui
707 1492 786 1532 pro
817 1475 1023 1532 pravitate
1055 1485 1096 1515 et
1124 1472 1294 1515 lascivia
1320 1489 1342 1514 a
1364 1472 1538 1514 sinistris

109 1554 255 1594 staturi
269 1553 312 1610 ²)
341 1565 437 1595 sunt
467 1555 597 1608 regis,
637 1554 680 1595 in
710 1553 869 1611 judicio
900 1551 1189 1609 praesidentis.
1247 1551 1303 1592 Et
1335 1567 1430 1592 cum
1459 1549 1537 1591 tibi

110 1629 374 1672 introductae
406 1632 449 1672 in
483 1630 726 1672 cubiculum
756 1630 919 1683 regium
945 1629 1217 1680 ostenderim,
1249 1645 1354 1685 quae
1375 1645 1537 1669 summa

110 1719 205 1748 sunt
234 1709 368 1759 hona,
405 1709 439 1750 si
468 1724 556 1748 non
587 1706 833 1760 cognoveris
863 1719 996 1749 temet
1023 1707 1179 1763 ipsam,
1210 1707 1428 1748 ostendam
1458 1705 1538 1746 tibi

112 1785 263 1836 etiam,
314 1802 419 1843 quae
460 1798 559 1828 sunt
592 1785 743 1827 ultima
780 1785 914 1836 mala,
959 1797 1006 1826 ut
1037 1801 1085 1826 ex
1113 1796 1297 1841 utroque
1327 1783 1538 1840 proficias,

109 1874 194 1903 tam
226 1863 438 1905 malorum
468 1876 606 1915 metu,
646 1879 771 1920 quam
806 1864 1021 1904 bonorum
1062 1861 1286 1903 desiderio.
1347 1861 1394 1903 Si
1424 1861 1538 1902 enim

108 1940 305 1982 nescieris
343 1952 473 1984 temet
509 1942 666 1999 ipsam,
707 1953 749 1982 et
787 1941 830 1982 in
867 1939 1103 1994 ignorantia
1142 1939 1204 1980 tui
1245 1938 1420 1989 vixeris,
1459 1954 1536 1979 nec

108 2018 305 2060 scientiae
344 2020 530 2061 studium
569 2018 762 2073 gesseris,
807 2018 894 2059 sine
935 2017 1064 2058 dubio
1104 2034 1180 2058 nec
1218 2016 1538 2057 tabernaculum

108 2097 332 2153 proprium
361 2097 546 2149 habebis,
577 2098 652 2139 sed
684 2108 724 2138 et
755 2113 833 2153 per
855 2107 1070 2153 pastorum
1093 2094 1363 2136 tabernacula
1381 2093 1538 2135 discur-

109 2190 187 2224 res,
219 2185 260 2215 et
287 2191 398 2216 nunc
427 2175 470 2217 in
500 2174 614 2217 illius
646 2173 925 2216 tabernaculis
954 2172 1134 2230 pastoris
1174 2189 1321 2230 pasces
1358 2172 1534 2221 hoedos,

110 2250 346 2307 inquietum
375 2253 531 2295 animal
561 2270 609 2295 ac
639 2269 800 2306 vagum,
833 2263 874 2292 et
903 2251 1084 2308 peccatis
1115 2251 1373 2308 deputatum.
1419 2250 1536 2291 Haec

111 2341 250 2370 autem
280 2329 527 2388 patieris3),
572 2332 707 2372 donec
738 2331 863 2371 rebus
892 2329 993 2386 ipsis
1021 2340 1062 2370 et
1093 2328 1387 2386 experimentis
1413 2327 1539 2368 intel-

110 2405 233 2459 ligas,
275 2420 476 2464 quantum
506 2409 607 2450 mali
636 2408 701 2459 sit,
733 2408 914 2449 animam
942 2407 1104 2448 nescire
1133 2423 1176 2448 se
1206 2407 1362 2464 ipsam,
1399 2421 1535 2461 neque

109 2484 470 2538 pulchritudinem
499 2503 637 2537 suam,
668 2502 746 2542 per
775 2501 900 2542 quam
928 2484 1207 2543 praecellit⁴)
1241 2496 1421 2534 ceteras,
1450 2498 1535 2523 non

110 2559 307 2613 virgines,
352 2563 426 2604 sed
454 2562 675 2615 mulieres,
720 2561 812 2603 illas
850 2561 1035 2614 scilicet,
1081 2579 1186 2618 quae
1219 2559 1535 2617 corruptionem

230 2734 269 2791 1)
300 2735 410 2778 Edd.
440 2737 502 2779 M.
532 2737 684 2794 „quasi
713 2738 764 2779 ad
794 2737 1030 2781 mulierem.
1045 2745 1070 2764 “

228 2806 271 2862 2)
301 2805 410 2848 Edd.
443 2808 504 2849 M.
538 2808 764 2859 „statuti.“
884 2804 928 2864 3)
958 2807 1067 2850 Edd.
1098 2808 1159 2850 M.
1194 2805 1382 2862 „patiens
1414 2803 1535 2845 eris.“

228 2874 271 2931 ¹¹)
302 2875 413 2920 Edd.
444 2878 504 2920 M.
538 2879 855 2935 „praecellat.“
