1759 3134
267 127 346 172 176
670 127 886 169 Omeems
917 139 961 168 m
992 128 1284 170 Ezsscnffiuzm

267 241 470 296 quaedam
512 239 636 279 clavis
676 240 871 282 scientiae
911 243 960 281 ad
1005 258 1074 290 ea,
1117 257 1221 296 quae
1252 252 1345 281 sunt
1377 240 1534 289 clausa,
1573 256 1681 281 rese-

267 318 414 358 randa:
450 327 490 356 et
519 328 613 357 sunt
642 318 816 373 plurimi
846 336 980 374 neque
1014 318 1092 373 ipsi
1123 318 1414 370 ingredientes,
1443 332 1578 372 neque
1609 334 1679 357 eos

266 393 576 449 permittentes,
616 394 689 450 qui
727 395 887 448 ingredi
920 396 1076 436 volunt.
1139 396 1193 435 Et
1226 395 1381 435 in*ali0
1414 396 1511 435 loco
1543 410 1682 434 sensus

267 471 580 526 Scripturarum
611 470 718 512 liber
749 473 902 513 dicitur
934 491 1020 514 esse
1051 473 1248 524 signatus:
1280 485 1349 522 „et
1377 472 1419 527 ¹)
1450 483 1570 512 erunt
1598 486 1683 510 ser-

267 564 413 588 mones
453 548 551 588 libri
591 548 707 590 istius
747 551 861 605 quasi
901 567 1113 591 sermones
1153 549 1248 590 libri
1285 550 1453 602 signati:
1493 564 1619 604 quem
1648 546 1683 587 si

267 625 458 666 dederint
488 624 649 666 homini
671 627 712 682 ²)
747 626 902 667 litteras
931 626 1156 676 nescienti,
1189 626 1374 666 dicentes
1406 625 1465 666 ei:
1497 625 1608 677 lege:
1641 635 1682 664 et

267 703 395 743 dicet:
435 702 576 742 nescio
620 702 797 744 litteras:
844 716 885 745 et
924 706 1081 745 dabunt
1121 721 1216 744 eum
1247 702 1408 743 homini
1436 702 1583 743 scienti
1614 701 1682 741 lit-

265 792 383 829 teras,
414 780 599 820 dicentes
631 779 689 819 ei:
724 780 831 832 lege:
865 793 906 822 et
938 782 1066 822 dicet:
1110 798 1196 820 non
1225 797 1399 836 possum
1429 780 1590 832 legere,
1627 778 1679 818 si-

263 868 407 909 gnatus
445 868 505 897 est
548 856 708 897 enim.“
781 858 1044 900 Manifestius
1082 870 1222 899 autem
1257 859 1519 898 voluntatem
1558 855 1679 913 hujus

264 933 466 989 exempli,
504 934 780 991 Apocalypsis
812 936 985 977 ,Ioannis
1018 935 1227 984 continet,
1265 951 1523 975 memorans:
1565 932 1678 983 „cir-

263 1011 393 1052 cuivit
416 1011 458 1066 3)
487 1012 655 1062 angelus
686 1013 844 1053 dicens:
886 1014 976 1069 quis
1009 1013 1155 1066 dignus
1185 1013 1346 1068 aperire
1376 1011 1606 1064 signacula,
1639 1021 1679 1049 et

262 1088 426 1128 solvere
459 1103 527 1136 ea,
561 1100 601 1128 et
631 1089 767 1141 legere
799 1106 904 1145 quae
934 1090 1088 1145 scripta
1117 1089 1239 1131 sunt}>
1294 1090 1351 1130 Et
1378 1105 1503 1131 nemo
1535 1088 1679 1128 inven-

261 1177 326 1205 tus
366 1176 426 1204 est
462 1164 504 1203 in
545 1166 686 1214 coelo,
726 1182 863 1221 neque
901 1166 945 1206 in
983 1178 1114 1216 terra,
1153 1182 1291 1221 neque
1321 1167 1397 1206 sub
1431 1178 1560 1213 terra,
1605 1162 1677 1218 qui

259 1241 393 1297 possit
432 1242 595 1296 aperire
630 1241 863 1293 signacula,
904 1253 945 1283 et
983 1244 1121 1295 legere
1162 1259 1267 1298 quae
1303 1243 1458 1298 scripta
1488 1252 1604 1281 erant
1633 1240 1676 1280 in

259 1319 370 1359 libro
396 1318 450 1373 4).
520 1318 606 1360 Sed
636 1333 722 1369 ego
764 1319 932 1368 flebam,
973 1330 1014 1359 et
1054 1320 1168 1360 venit
1204 1318 1376 1374 quidam
1414 1318 1467 1358 ad
1504 1332 1594 1366 me,
1635 1327 1678 1356 et

260 1395 364 1436 dixit
391 1394 517 1435 mihi:
552 1394 644 1435 noli
672 1395 786 1436 flere.
845 1395 970 1445 Ecce,
1001 1395 1102 1436 vicit
1132 1397 1200 1437 leo
1234 1398 1285 1436 de
1315 1397 1428 1437 tribu
1460 1395 1584 1444 Juda‚
1613 1409 1677 1434 ra-

260 1471 328 1512 dix
359 1482 399 1511 et
429 1487 555 1523 genus
584 1471 747 1521 David,
786 1472 947 1527 aperire
979 1472 1154 1523 librum,
1194 1485 1235 1514 et
1271 1474 1437 1514 solvere
1467 1471 1677 1524 signacula

260 1549 388 1608 ejus.“
433 1549 488 1589 Et
516 1548 693 1604 aperuit,
725 1548 797 1604 qui
829 1561 916 1589 erat
945 1551 997 1590 de
1026 1550 1139 1590 tribu
1160 1551 1282 1601 Juda,
1313 1563 1355 1591 et
1381 1548 1676 1598 manifestavit,

259 1642 364 1682 quae
396 1637 512 1666 erant
540 1625 705 1680 scripta.
751 1624 967 1679 Quamdiu
995 1644 1083 1668 non
1106 1628 1220 1668 venit
1233 1628 1351 1668 Deus
1374 1644 1506 1678 meus,
1538 1627 1676 1667 clausa

259 1714 347 1743 erat
376 1703 463 1752 lex,
504 1702 667 1742 clausus
696 1718 836 1742 sermo
864 1704 1160 1759 propheticus,
1199 1705 1334 1745 velata
1363 1705 1490 1745 lectio
1522 1703 1674 1744 veteris

258 1779 515 1830 testamenti,
555 1790 596 1819 et
634 1795 801 1835 „usque
826 1779 867 1835 ⁵)
909 1781 962 1820 ad
997 1781 1103 1822 hanc
1141 1781 1274 1832 diem,
1316 1782 1483 1838 quando
1524 1780 1675 1832 legitur

257 1859 419 1907 Moses,
463 1857 750 1897 velamentum
793 1857 837 1897 in
876 1858 1004 1898 corde
1043 1859 1307 1900 Judaeorum
1343 1871 1404 1900 est
1437 1857 1673 1915 positum.“

257 2003 457 2062 εἰρήσεις
495 2007 572 2046 καὶ
611 2005 661 2048 ἓν
700 2008 750 2065 τῇ
782 2002 1073 2061 ἀποκαλύψει
1100 2003 1337 2060 Ἰωάννου,
1378 2009 1456 2048 καὶ
1485 2003 1535 2047 τὰ
1568 2006 1674 2060 περὶ

257 2076 395 2119 αὐτοῦ
426 2079 745 2131 γεγραμμένα·
781 2078 859 2118 καὶ
887 2078 982 2124 πῶς
1010 2071 1189 2131 η’νοιξεν
1219 2073 1241 2118 ὁ
1273 2076 1324 2118 ἐκ
1355 2073 1498 2132 φύλης
1521 2070 1674 2117 Ιούὸα

255 2149 386 2190 τοῦτο
419 2148 495 2187 καὶ
522 2142 678 2202 μόνος.
737 2149 913 2202 ῙΡΙέχρις
943 2147 995 2189 οὗ
1026 2144 1116 2203 γὰρ
1144 2138 1284 2199 ἦλθεν
1315 2143 1337 2189 6
1368 2142 1520 2202 κύριος
1542 2142 1673 2200 ἡμῶν

252 2215 423 2271 Ἰησοῦς
453 2215 475 2259 6
509 2215 718 2274 Χριστὸς,
751 2217 996 2260 ἐκέκλειστο
1033 2214 1053 2258 ὁ
1087 2212 1248 2272 νόιιος,
1283 2214 1305 2260 6
1336 2212 1470 2272 λόγος
1500 2212 1522 2257 ὁ
1553 2233 1672 2273 προ-

258 2283 455 2345 φητικός.
529 2290 623 2329 Καὶ
665 2284 882 2343 κάλυμμα
922 2278 977 2340 ἦν
1018 2286 1095 2328 ἐπὶ
1135 2283 1330 2342 τούτοις,
1371 2284 1392 2330 ὁ
1433 2290 1561 2334 λίθος
1599 2288 1674 2340 τῆς

257 2354 530 2412 πωρώσεως,
575 2352 628 2399 ὃν
665 2355 854 2414 ἀφεῖλεν
894 2354 915 2400 ὁ
955 2355 1112 2411 Ἰακὼβ
1144 2357 1192 2400 ἐκ
1221 2358 1300 2399 τοῦ
1332 2358 1536 2414 φρέατος.
1592 2355 1672 2399 Ἐν

255 2430 440 2476 πολλοῖς
476 2425 567 2484 ’γὰρ
606 2424 763 2475 τόποις
801 2424 881 2470 τὸν
911 2429 1023 2470 νοῦν
1052 2430 1156 2486 περὶ
1183 2429 1259 2482 τῆς
1286 2424 1430 2483 πύλης
1456 2424 1615 2481 ταύτης
1644 2424 1670 2479 ἦ

256 2496 413 2556 γραφὴ
443 2495 636 2557 ᾐνίξατο.

375 2568 414 2625 ¹)
448 2568 534 2608 cfr.
563 2566 686 2608 sesai.
714 2566 874 2615 XXIX,
907 2566 972 2608 11.
1006 2566 1068 2610 12.

372 2639 416 2695 2)
445 2638 554 2680 Edd.
581 2636 717 2679 ‘Ruaei
745 2636 852 2677 sola:
883 2636 1087 2678 homines.

373 2707 415 2764 ³)
448 2707 533 2748 Cfr.
564 2707 743 2762 Apoeal.
773 2707 824 2757 V,
854 2705 977 2749 2—5.
1011 2707 1109 2748 coll.
1143 2708 1236 2748 edd.
1267 2709 1317 2750 N.
1351 2708 1400 2748 T.

371 2776 414 2833 ⁴²)
443 2776 552 2818 Edd.
585 2777 780 2818 Merlini:
811 2777 935 2817 libro.
996 2778 1081 2820 Sed
1109 2779 1248 2819 fiebat.
1306 2778 1361 2818 Et
1390 2777 1502 2818 venit
1534 2788 1609 2816 etc.

375 2848 416 2902 ⁵)
446 2846 531 2889 Cfr.
563 2848 605 2888 ῘΙ
625 2847 722 2893 Cor.
754 2848 832 2897 III,
867 2847 926 2890 15.
