1759 3134
253 107 337 151 284
855 102 1093 143 Mom‘rum.

254 218 342 276 pati
373 218 463 274 quis
493 233 580 258 non
610 229 765 274 potest,
796 217 867 272 qui
900 233 995 257 cum
1026 214 1082 254 ita
1116 212 1282 253 definiri
1310 214 1361 253 ab
1389 212 1571 264 Origene
1601 231 1674 255 no—

254 297 334 337 vit:
366 294 623 351 „inspectiva
654 294 819 344 dicitur,
851 310 930 349 qua
959 291 1213 348 supergressi
1235 290 1414 331 visibilia
1446 292 1496 331 de
1525 291 1674 332 divinis

255 373 416 429 aliquid
457 384 498 413 et
538 373 790 414 coelestibus
832 369 1192 423 contemplamur,
1241 383 1369 423 eaque
1409 368 1498 409 sola
1537 380 1676 408 mente

256 450 534 492 intuemur?“
593 450 708 490 Ilaec
739 449 865 502 igitur
896 447 1068 489 omnino
1104 445 1296 498 Origenis
1326 457 1443 495 sunt,
1475 457 1514 486 et
1546 461 1593 485 ex
1625 461 1675 484 co

255 528 389 569 hausit
419 527 715 586 Hieronymus.

366 606 453 647 Sed
498 618 714 646 auctorem
756 620 841 644 esse
874 603 1075 652 latinum,
1116 601 1253 657 inquit
1282 601 1500 650 Erasmus,
1545 599 1678 655 liquet

253 701 302 725 ex
338 682 686 739 interpretatione
723 681 901 730 amoris,
947 680 1147 729 caritatis,
1195 678 1434 719 dilectionis
1479 689 1519 718 et
1560 676 1676 731 cupi-

260 761 403 801 dinis.-
441 759 621 801 B'Iinime
655 776 768 810 vero,
800 758 936 815 inquit
965 759 1078 799 idem
1109 756 1279 809 Anglus.
1338 757 1436 796 Non
1467 754 1579 795 enim
1608 755 1678 794 ha-

254 855 348 879 rum
390 850 571 894 quatuor
611 854 762 878 vocum
802 836 1196 892 interpretationem
1235 834 1360 875 tradit
1399 846 1564 883 auctor,
1605 833 1677 873 sed

257 933 304 957 ea
334 927 498 957 tantum
530 914 702 956 adhibet
731 914 936 969 interpres
967 915 1018 954 ad
1051 913 1321 969 exprimenda
1353 912 1437 952 duo
1458 911 1678 960 vocabula,

255 1010 358 1050 quae
390 1005 538 1034 auctor
566 992 678 1033 inter
707 1009 750 1033 se
783 993 967 1040 confert,
1012 992 1157 1048 ἔρωτα
1196 990 1357 1031 scilicet
1397 1001 1437 1030 et
1479 985 1675 1045 ἀγάπην.

243 1067 420 1128 ’Ἔρωτα
460 1082 600 1110 autem
636 1081 707 1109 aut
744 1084 933 1108 amorem
973 1079 1044 1107 aut
1084 1067 1346 1122 cupidinem3
1386 1063 1575 1123 ἀγάπην
1604 1077 1675 1106 aut

252 1147 528 1188 dilectionem
579 1157 650 1185 aut
697 1144 910 1184 caritatem
962 1144 1171 1185 transfert.
1254 1143 1458 1195 Origenes
1504 1143 1676 1199 quidem

253 1224 496 1280 Scripturae
536 1223 631 1263 loca
670 1238 749 1278 pro
787 1238 906 1262 more
945 1237 1021 1262 suo
1067 1233 1349 1273 congesserat,
1398 1232 1446 1261 ut
1493 1217 1678 1277 ἀγάπην

253 1303 367 1343 idem
398 1301 641 1342 ostenderet
669 1299 944 1354 scriptoribus
974 1298 1098 1339 sacris
1128 1298 1385 1350 significare,
1416 1299 1533 1354 quod
1564 1299 1676 1354 apud

253 1380 359 1420 alios
392 1379 513 1434 ἔρως.
571 1378 640 1418 Ad
678 1377 780 1417 haec
819 1387 962 1416 autem
1001 1377 1095 1416 loca
1133 1376 1380 1431 explicanda
1409 1392 1575 1416 necesse
1606 1377 1677 1416 ha-

250 1457 344 1497 buit
372 1456 579 1511 interpres
611 1454 771 1495 caritati
800 1453 1076 1494 dilectionem
1105 1454 1275 1503 addere,
1307 1453 1402 1509 quia
1431 1470 1555 1509 saepe
1585 1470 1678 1494 ver-

250 1537 352 1575 bum
387 1533 583 1589 τῖγαπᾷν
621 1531 840 1586 usurpavit
878 1543 1045 1581 auctor,
1086 1531 1207 1586 quale
1251 1531 1293 1570 in
1333 1531 1469 1571 latinis
1514 1532 1675 1572 caritati

251 1628 338 1652 non
367 1609 610 1666 respondet.
671 1609 788 1649 Haec
820 1625 868 1649 ex
897 1608 990 1664 ipso
1024 1609 1122 1648 loco
1153 1608 1250 1648 satis
1280 1608 1518 1648 luculenter
1547 1626 1676 1665 appa—

250 1701 360 1729 rent:
393 1687 596 1739 „videtur
625 1697 766 1726 autem
795 1685 921 1736 mihi,
954 1686 1069 1741 quod
1102 1685 1243 1726 divina
1270 1684 1673 1740 scriptura,‘volens

253 1783 416 1815 cavere,
455 1781 508 1806 ne
548 1765 688 1820 lapsus
727 1763 879 1820 aliquis
921 1763 1154 1816 legentibus
1194 1763 1271 1802 sub
1312 1763 1466 1803 amoris
1498 1764 1672 1805 nomine

249 1855 509 1892 nasceretur,
547 1859 627 1897 pro
666 1841 971 1881 infirmioribus
1010 1840 1245 1896 quibusque
1285 1856 1403 1890 eum,
1450 1841 1521 1897 qui
1563 1844 1676 1898 apud

253 1921 459 1976 sapientes
491 1919 648 1960 saeculi
681 1918 837 1975 cupido
871 1935 945 1959 seu
974 1934 1094 1958 amor
1123 1917 1300 1967 dicitur,
1336 1918 1572 1959 honestiori
1600 1936 1675 1960 vo-

251 1998 402 2039 cabulo
435 1997 651 2037 caritatem
671 1997 739 2036 vel
771 1996 1048 2037 dilectionem
1075 1995 1324 2036 nominasse.
1369 1995 1500 2035 Verbi
1530 1996 1673 2048 gratia,

249 2088 297 2116 ut
328 2092 423 2115 cum
456 2074 559 2114 dixit
590 2075 641 2114 de
672 2075 843 2114 Isaac:“
874 2086 985 2124 „„et
1016 2073 1180 2129 accepit
1207 2073 1459 2122 Rebeccam,
1491 2085 1532 2114 et
1564 2075 1673 2116 facta

251 2164 311 2193 est
341 2152 379 2192 ei
407 2167 535 2201 uxor,
577 2163 617 2191 et
655 2150 800 2191 dilexit
843 2157 1031 2192 eam:““
1069 2149 1305 2207 „dyccnch
1342 2150 1517 2204 diligere
1556 2165 1671 2194 recte

249 2228 449 2279 vertitur,
486 2239 526 2268 et
566 2225 722 2284 ἀγάπη
753 2227 980 2283 antiquitus
1017 2244 1105 2268 non
1133 2227 1272 2268 minus
1306 2228 1500 2278 dilectio,
1544 2247 1669 2285 quam

251 2305 397 2346 caritas
441 2305 710 2347 reddebatur.
799 2305 1013 2346 Glossaria
1056 2317 1219 2355 vetera,
1275 2305 1449 2346 dilectio
1496 2306 1670 2364 ἀγάπη.

248 2380 422 2439 Ἀγάπη
461 2381 648 2424 dilectio.
716 2382 1003 2424 Tertullianus
1044 2385 1096 2424 de
1141 2384 1281 2439 agapis
1320 2395 1511 2425 veterum
1552 2385 1671 2427 Chri—

250 2461 538 2501 stianorum:“
592 2475 794 2508 „„coena
844 2472 986 2503 nostra
1034 2462 1085 2503 de
1135 2461 1309 2502 nomine
1352 2462 1560 2503 rationem
1605 2464 1669 2504 sui

252 2537 454 2579 ostendit:
489 2536 533 2577 id
564 2548 751 2586 vocatur,
783 2540 897 2593 quod
928 2540 1101 2580 dilectio
1133 2541 1245 2595 apud
1277 2539 1537 2580 Graecos.““
1582 2541 1666 2590 „Ut

251 2627 391 2655 autem
433 2613 594 2655 caritati
635 2614 928 2667 dilectionem,
968 2617 1025 2658 ita
1066 2630 1107 2658 et
1148 2617 1284 2658 amori
1322 2618 1565 2673 cupidinem
1593 2620 1667 2659 ad-

251 2691 393 2748 junxit.
464 2691 728 2733 Glossarium
764 2704 903 2743 vetus,
943 2695 1074 2751 ἔρως,
1113 2712 1253 2745 amor,
1295 2695 1465 2752 cupido,
1536 2694 1667 2749 Quod

253 2781 347 2811 ante
378 2786 474 2810 eum
503 2769 660 2811 fecerat
688 2771 969 2829 Hieronymus
998 2773 1175 2815 homilia
1204 2773 1358 2830 prima:
1390 2772 1667 2830 „„spirituali
