1759 3134
259 147 342 195 178
613 149 745 190 Ome.
778 162 822 191 m
854 148 1022 189 Ezncu.
1058 147 1181 189 Hom.
1200 147 1315 189 XIV.

259 262 434 304 viticum
459 260 499 316 ¹)
540 260 665 313 legit,
699 261 839 302 ablato
883 277 930 302 ex
969 260 1096 301 corde
1136 276 1212 301 suo
1249 259 1478 310 velamine,
1516 260 1674 315 poterit

257 354 481 393 agnoscere
510 337 755 396 mysterium
783 339 1062 379 sacerdotum.
1107 338 1173 378 lbi
1204 337 1362 393 quippe
1383 338 1434 377 de
1463 337 1673 380 sacrificiis

260 429 303 458 et
334 416 454 465 cibis,
494 432 599 472 quos
636 416 718 456 soli
756 417 993 457 sacerdotes
1026 416 1275 465 comedunt,
1314 416 1508 455 refertur.
1568 415 1676 456 Sunt

260 494 431 550 quidam
461 493 545 535 cibi
573 494 872 543 sacerdotales,
913 510 1017 549 quos
1054 510 1139 533 non
1179 491 1365 533 comedit
1401 493 1595 533 sacerdos
1630 492 1672 532 in

260 573 392 613 domo
421 587 507 620 sua,
534 587 622 612 non
653 588 747 612 cum
778 571 890 621 filiis,
922 571 1021 612 licet
1044 569 1323 610 sacerdotales
1345 568 1438 620 sint,
1469 586 1555 610 non
1579 586 1675 610 cum

261 665 408 700 uxore,
450 648 548 689 licet
586 648 770 700 legitime
803 647 840 688 ei
870 648 1082 703 nupserit,
1122 646 1195 686 sed
1226 645 1267 685 in
1299 645 1397 686 loco
1429 658 1571 687 sancto
1606 663 1675 687 co-

259 726 394 767 medit
422 741 518 774 eos,
559 736 599 764 et
631 725 817 766 comedit
846 725 905 765 ibi
937 741 1070 766 escam
1103 724 1143 764 in
1174 722 1325 764 sanctis
1348 722 1391 777 2)
1422 735 1675 764 sanctorum.

260 803 494 858 Quomodo
525 803 718 842 sacerdos
748 818 833 842 non
866 802 1051 843 comedit
1082 817 1217 841 escam
1250 799 1291 840 in
1322 801 1452 840 domo
1483 816 1575 850 sua,
1605 811 1676 840 aut

258 880 303 920 in
333 880 417 920 alio
448 896 660 935 quoquam
691 880 814 928 loco,
841 879 914 919 sed
945 878 987 918 in
1017 877 1166 918 sanctis
1194 888 1458 927 sanctorum,
1495 877 1553 918 sic
1584 877 1675 918 Sal-

259 969 380 998 vator
406 973 525 997 meus
554 956 669 998 solus
701 955 886 997 comedit
914 971 1080 1011 panem,
1112 956 1232 995 nullo
1261 955 1427 995 valente
1451 955 1675 994 comedere

259 1050 354 1075 cum
386 1049 448 1074 e0.
508 1033 583 1074 Est
613 1045 751 1074 autem
782 1032 952 1089 quidam
982 1033 1126 1082 locus,
1165 1032 1207 1072 in
1239 1049 1322 1088 quo
1356 1032 1603 1080 comedens,
1635 1042 1676 1071 et

256 1127 325 1151 me
354 1126 496 1151 secum
526 1110 695 1150 attrahit
723 1111 775 1149 ad
803 1110 1069 1149 vescendum.
1128 1109 1267 1158 „Ecce
1288 1110 1330 1165 3)
1363 1108 1494 1159 enim,
1526 1107 1675 1163 inquit,

257 1189 310 1228 ad
340 1187 492 1227 ostium
525 1197 604 1235 sto,
635 1197 676 1225 et
705 1185 852 1240 pulso:
890 1184 924 1224 si
953 1184 1045 1239 quis
1074 1185 1178 1225 mihi
1207 1185 1440 1240 aperuerit,
1469 1184 1676 1236 ingrediar

256 1265 311 1305 ad
342 1279 458 1312 eum,
500 1273 540 1302 et
571 1262 758 1301 coenabo
791 1277 886 1301 cum
917 1277 992 1310 eo,
1033 1272 1074 1301 et
1110 1260 1199 1316 ipse
1229 1267 1439 1302 mecum.“
1495 1261 1559 1302 Ex
1590 1276 1673 1316 quo

255 1351 443 1397 apparet,
475 1350 517 1380 et
538 1338 669 1380 alium
698 1353 822 1393 posse
854 1354 1030 1378 coenare
1062 1355 1157 1379 cum
1190 1355 1255 1379 eo,
1303 1338 1440 1380 Porro
1472 1338 1675 1394 quaedam

258 1434 350 1459 esca
373 1428 447 1465 est,
477 1432 557 1471 qua
580 1415 695 1455 solus
719 1416 1017 1456 tantummodo
1034 1416 1230 1456 vescitur.
1273 1415 1496 1456 Excellens
1517 1414 1674 1470 quippe

255 1497 306 1536 ab
333 1494 528 1535 universa
557 1491 801 1532 conditione
829 1504 976 1533 natura
1006 1492 1115 1549 ejus,
1154 1504 1196 1532 et
1232 1494 1282 1533 ab
1314 1492 1510 1533 omnibus
1541 1507 1676 1543 segre-

255 1583 369 1624 gata,
404 1570 506 1611 facit
545 1584 642 1609 eum
682 1568 974 1624 quotidianum
1002 1584 1156 1624 panem
1187 1569 1240 1609 de
1269 1569 1397 1624 patris
1426 1580 1573 1609 natura
1605 1584 1675 1609 co·

254 1649 438 1688 medere.
497 1645 792 1700 Unusquisque
821 1658 1013 1686 nostrum
1041 1645 1149 1701 petit
1176 1662 1331 1701 panem
1363 1646 1671 1701 quotidianum,

254 1735 297 1765 et
324 1735 472 1779 petens
502 1721 796 1777 quotidianum
823 1739 1000 1778 panem,
1029 1739 1116 1764 non
1147 1724 1349 1772 eundem,
1377 1738 1456 1762 nec
1487 1721 1672 1778 ejusdem

253 1815 472 1842 mensurae
502 1815 599 1839 eum
629 1799 796 1855 accipit,
825 1817 973 1842 verum
1002 1816 1169 1857 semper
1192 1800 1235 1841 in
1262 1799 1521 1840 orationibus
1541 1799 1672 1855 puris,

257 1889 296 1918 et
324 1877 491 1918 munda=
511 1876 786 1927 conscientia,
826 1878 868 1918 in
897 1877 1016 1920 factis
1045 1877 1250 1935 justitiae,
1280 1876 1572 1932 quotidianum
1603 1893 1674 1917 co-

253 1953 463 1995 medimus
505 1969 670 2009 panem.
742 1953 788 1996 Si
834 1954 924 2010 quis
967 1971 1067 1995 vero
1106 1953 1244 1994 minus
1286 1969 1417 2008 purus
1461 1964 1542 2003 est,
1586 1953 1670 1994 alio

253 2031 386 2072 modo
417 2029 710 2085 quotidianum
744 2030 931 2071 comedit
958 2045 1122 2086 panem.
1171 2029 1384 2070 Dominus
1415 2040 1568 2079 autem,
1599 2029 1671 2085 qui

257 2107 448 2148 omnium
472 2105 598 2163 judex
629 2118 708 2156 est,
749 2107 820 2148 det
855 2106 979 2148 nobis
1017 2121 1170 2161 panem
1199 2105 1432 2154 viventem,
1467 2118 1515 2146 ut
1546 2106 1672 2147 cibati

257 2198 332 2233 eo,
364 2195 405 2223 et
435 2183 698 2224 corroborati
726 2183 934 2239 possimus
964 2183 1008 2223 in
1037 2182 1206 2223 coelum
1235 2183 1316 2223 iter
1343 2184 1504 2233 facere,
1541 2183 1668 2235 glori-

252 2260 423 2301 ficantes
453 2260 597 2300 Deum
636 2259 992 2315 omnipotentem,
1030 2275 1108 2316 per
1150 2259 1361 2301 Christum
1395 2260 1562 2301 Jesum:
1604 2260 1671 2302 cui

257 2349 318 2378 est
347 2336 480 2390 gloria
511 2348 552 2377 et
580 2336 806 2393 imperium
835 2336 877 2378 in
907 2337 1070 2379 saecula
1099 2336 1377 2378 saeculorum.
1435 2336 1586 2378 Amen!

374 2505 410 2560 ¹)
441 2504 527 2545 Csr.
556 2504 689 2545 Levit.
720 2505 813 2544 Vll.

369 2575 411 2629 2)
441 2574 552 2614 Edd.
582 2574 642 2613 M.
676 2584 715 2612 et
742 2574 791 2612 R.
825 2585 997 2623 „sancta
1026 2581 1306 2616 sa11ct0rum.“

368 2645 412 2700 ³)
444 2642 620 2700 Apocal.
647 2642 726 2693 III,
754 2641 820 2687 20.

784 2804 948 2810 mw--ffl-
955 2804 1109 2811 *m*
