1759 3134
443 744 495 805 Ο
539 745 597 806 R
639 748 666 807 Ι
711 748 768 808 G
810 748 861 808 E
907 749 967 810 N
1009 750 1035 811 Ι
1078 749 1122 810 S

117 892 206 942 IN
269 893 752 946 CANTICUM
811 897 1446 950 CANTICORUM.

302 1197 847 1261 HoMIL1A¹>
903 1198 1258 1247 PRIMA.

345 1329 658 1384 Interprete
705 1327 832 1368 divo
877 1328 1224 1386 Hieronymo.

100 1470 136 1514 1.
186 1441 446 1532 Quomodo
471 1471 513 1528 2)
555 1469 778 1511 didicimus
816 1486 893 1527 per
930 1470 1105 1522 Mosen,
1154 1471 1359 1527 quaedam
1402 1486 1488 1513 esse

70 1564 158 1589 non
172 1548 214 1605 3)
245 1548 385 1589 solum
413 1560 566 1600 sancta,
596 1548 671 1590 sed
705 1560 745 1589 et
774 1559 913 1589 sancta
943 1560 1205 1601 sanctorum3
1239 1560 1279 1589 et
1302 1548 1381 1590 alia
1404 1564 1490 1589 non

70 1639 234 1668 tantum
264 1628 455 1678 sabbata,
485 1627 560 1668 sed
592 1638 633 1666 et
661 1627 830 1668 sabbata
859 1627 1151 1668 sabbatorum:
1183 1625 1242 1667 sic
1271 1642 1382 1667 nunc
1413 1627 1491 1667 do-

72 1723 236 1757 cemur,
282 1705 491 1746 scribente
530 1704 786 1754 Salomone,
834 1720 920 1745 csse
971 1703 1178 1761 quaedam
1225 1719 1314 1745 non
1351 1704 1491 1745 solum

72 1783 251 1834 cantica,
296 1784 370 1824 sed
419 1794 460 1823 et
501 1782 660 1824 cantica
699 1781 970 1824 canticorum.
1036 1781 1192 1823 Beatus
1231 1782 1403 1839 quidem
1441 1781 1488 1833 is,

72 1861 144 1918 qui
172 1860 405 1914 ingreditur
434 1872 594 1911 sancta,
641 1861 715 1902 sed
743 1860 930 1911 beatior,
976 1860 1048 1917 qui
1091 1860 1325 1914 ingreditur
1352 1872 1492 1902 sancta

69 1951 320 1982 sanctorum.
378 1938 554 1990 Beatus,
601 1937 674 1995 qui
711 1938 881 1979 sabbata
917 1937 1164 1989 sabbatizat,
1208 1939 1282 1980 sed
1311 1938 1490 1990 beatior,

69 2017 143 2074 qui
171 2016 398 2060 sabbatizat
425 2017 698 2058 sabbatorum
728 2017 909 2058 sabbata.
962 2015 1116 2058 Beatus
1149 2016 1342 2058 similiter
1372 2027 1412 2057 et
1442 2015 1490 2067 is,

70 2095 142 2152 qui
169 2095 369 2150 intelligit
396 2095 575 2148 cantica,
618 2106 660 2136 et
685 2094 800 2137 'canit
833 2111 900 2137 ca:
948 2111 1075 2138 nemo
1110 2094 1292 2152 quippe,
1336 2094 1416 2136 nisi
1446 2093 1489 2135 in

187 2279 229 2333 ¹)
261 2279 450 2322 Collatae
499 2291 594 2321 sunt
638 2279 715 2320 hae
765 2278 965 2321 homiliae
1016 2296 1112 2321 cum
1157 2290 1338 2336 quatuor
1375 2278 1492 2330 Mss.,

68 2352 152 2377 uno
184 2337 388 2378 Abbatiae
419 2338 460 2378 S.
487 2337 606 2378 Petri
636 2338 687 2378 de
719 2337 956 2378 Selincm·te
993 2336 1151 2378 ordinis
1176 2338 1492 2379 Praemonstra-

67 2392 215 2443 tensis,
245 2394 379 2434 altero
412 2393 613 2435 ecclesiae
646 2394 893 2435 cathedralis
916 2394 1226 2445 Laudunensis,
1256 2393 1383 2435 tertio
1405 2409 1491 2433 ma—

68 2449 168 2507 joris
209 2449 474 2501 monasterii,
520 2461 666 2507 quarto
711 2451 891 2506 denique
931 2451 1058 2494 Mser.
1097 2450 1343 2492 monasterii
1383 2450 1491 2490 Bec-

71 2505 214 2548 censis.
260 2507 439 2548 Ruaeus.
484 2531 534 2537 —
574 2508 683 2548 Edd.
713 2508 889 2549 BIerlini
919 2508 1019 2549 haec
1050 2509 1205 2548 habent
1244 2507 1286 2548 in
1326 2508 1489 2548 fronte:

69 2563 310 2657 ‚epraefatio
345 2563 537 2616 Origenis
580 2563 623 2603 in
655 2564 994 2621 explanationem
1035 2564 1295 2621 epithalamii
1328 2563 1489 2605 Cantici

84 2620 354 2661 Amicorum.
367 2626 390 2644 ‘⁴

184 2692 226 2746 ²)
258 2689 576 2731 Edd.}Ierli11i:
609 2689 676 2731 De
709 2690 869 2732 cantico
899 2692 1160 2734 canticorum
1180 2690 1366 2733 dicturus
1385 2706 1492 2747 quo-

67 2747 200 2788 modo
234 2747 459 2788 didicimus
494 2758 571 2787 etc.

183 2817 226 2873 ³)
257 2816 365 2858 Edd.
389 2816 588 2858 Merlini:
622 2833 726 2873 quae
757 2834 844 2859 non
874 2836 960 2860 non
990 2819 1129 2861 solum
1159 2830 1310 2870 sancta,
1342 2818 1417 2859 sed
1449 2827 1489 2857 et

68 2884 207 2914 sancta
237 2886 477 2915 sanctorum
508 2885 622 2915 sunt:
661 2886 699 2915 et
731 2875 833 2926 alia,
866 2892 971 2932 quae
1004 2893 1092 2918 non
1121 2888 1284 2918 tantum
1317 2887 1395 2916 etc.
