1759 3134
227 123 309 167 126
629 121 850 165 Omessms
878 133 924 164 m
954 120 1248 162 Ezsscmssuzm

342 236 379 278 4.
425 235 479 276 Et
509 234 612 274 haec
642 234 814 290 quidem
844 232 1078 274 necessario
1112 231 1394 287 disputamus,
1424 242 1471 270 ut
1500 231 1650 286 procul

232 331 254 355 a
283 313 483 369 superbia
513 312 780 352 recedamus:
813 308 1125 353 sodomiticum
1157 308 1314 365 quippe
1346 319 1566 364 peccatum
1597 320 1656 349 cst

236 389 408 446 superbi
448 388 658 445 iniquitas.
717 390 831 430 Haec
863 386 1349 431 Sodomorum-sororis
1386 397 1480 425 tuae
1512 401 1657 440 super-

229 469 298 508 bia
328 467 366 523 ¹)
406 467 519 507 unde
557 479 769 516 nascatur,
809 480 850 509 ct
891 482 990 522 quas
1033 466 1182 505 habeat
1221 463 1402 513 radices,
1447 461 1655 518 adjungit:

231 546 302 595 „in
327 546 371 600 ²)
402 543 615 584 saturitate
647 559 819 598 panum,
851 555 891 583 et
923 543 963 583 in
996 541 1250 582 abundantia
1281 542 1549 581 affluebant.“
1610 538 1656 580 Si

234 621 316 662 soli
347 622 510 666 litterae
543 621 752 670 attendas,
794 621 928 661 multa
965 619 1218 660 abundantia
1247 618 1474 674 antiquitus
1505 617 1547 657 in
1579 617 1658 658 So-

233 699 370 740 domis
403 698 495 739 fuit.
554 698 655 738 Erat
695 697 850 753 quippe
891 708 1002 738 terra
1045 713 1193 737 eorum
1231 707 1279 736 ut
1315 696 1529 751 paradisus
1558 693 1657 742 Dei,

231 790 273 818 et
302 788 349 817 ut
381 789 490 817 terra
506 774 700 832 Aegypti.
737 774 799 836 'Si
831 786 971 815 autem
1001 791 1023 815 a
1057 774 1210 814 carnali
1240 774 1461 814 intellectu
1491 772 1544 811 ad
1573 770 1657 825 spi-

235 854 432 895 ritualem
464 852 779 902 conscenderis,
820 863 866 891 ut
896 852 1059 901 videas,
1100 852 1319 907 quomodo
1353 848 1551 905 superbia
1581 848 1660 888 So-

229 934 458 974 domorum
500 931 542 970 in
580 930 793 971 saturitate
833 945 990 985 panum
1031 940 1071 969 ct
1110 929 1153 969 in
1196 927 1447 969 abundantia
1479 924 1657 974 fluxerit,

229 1010 455 1050 utilitatem
481 1007 619 1064 capies
651 1019 692 1047 et
721 1008 773 1047 ad
805 1008 914 1048 vitae
949 1007 1152 1057 officium,
1185 1018 1226 1047 et
1256 1007 1308 1047 ad
1339 1005 1418 1046 alia
1450 1004 1657 1061 quaedam

229 1086 389 1144 majora
425 1084 657 1142 majoribus
699 1084 958 1137 corrigenda.
1032 1085 1327 1140 Proponamus
1372 1083 1558 1138 primum
1596 1080 1656 1129 id,

231 1165 348 1220 quod
385 1174 480 1203 ante
519 1162 677 1202 multos
713 1162 802 1202 dies
844 1162 1002 1202 lectmn
1042 1173 1122 1210 est,
1170 1161 1346 1201 divitem
1371 1160 1413 1214 3)
1460 1158 1656 1198 vestitum

228 1243 352 1298 bysso
396 1251 437 1279 et
475 1254 662 1294 purpura
703 1238 893 1293 quotidie
935 1238 1098 1279 deliciis
1141 1234 1386 1292 luxuriaque
1418 1236 1657 1284 laetantem,

232 1331 274 1360 et
300 1319 506 1359 Lazarum
544 1315 767 1355 vulnerum
793 1312 836 1371 ⁴)
876 1317 972 1356 tabe
1012 1327 1052 1355 et
1092 1303 1302 1355 vermium
1339 1314 1526 1369 paedore
1558 1328 1657 1352 con-

231 1397 413 1444 sectum,
457 1404 727 1449 quaerentem
767 1393 966 1434 solatium
1006 1392 1127 1433 famis
1155 1407 1251 1432 suae
1281 1389 1432 1441 micas,
1468 1406 1573 1446 quae
1605 1390 1657 1430 de

227 1487 368 1513 mensa
402 1470 487 1528 ejus
519 1470 782 1515 decidebant.
843 1471 1100 1526 Opportune
1139 1480 1280 1509 autem
1317 1484 1428 1508 nunc
1470 1467 1512 1508 in
1545 1467 1655 1507 hunc

227 1550 374 1589 locum
405 1546 645 1602 exemplum
676 1547 788 1588 istud
817 1547 987 1598 incidit,
1026 1559 1074 1587 ut
1102 1546 1375 1602 perspicuum
1417 1545 1509 1593 fiat,
1551 1559 1655 1599 quae

228 1624 424 1680 iniquitas
456 1623 596 1663 divitis
627 1625 767 1665 suerit.
826 1625 1038 1680 Locuples
1071 1635 1178 1673 erat,
1210 1623 1448 1663 abundabat
1479 1621 1653 1661 deliciis.

226 1704 325 1744 Non
365 1700 477 1741 enim
513 1700 722 1740 accusavit
752 1717 849 1741 eum
880 1700 1117 1756 Scriptura,
1161 1700 1279 1756 quasi
1309 1699 1474 1739 divitias
1503 1699 1547 1738 in
1576 1698 1656 1738 ini—

229 1779 385 1836 quitate
414 1777 674 1834 possederit:
706 1794 791 1818 non
825 1795 922 1819 eum
953 1777 1195 1818 criminatus
1229 1788 1291 1818 est
1314 1792 1453 1817 sermo
1475 1774 1653 1825 divinus,

230 1854 346 1912 quod
376 1854 669 1896 meretricibus
701 1855 839 1896 dedit:
871 1872 956 1896 non
987 1855 1256 1905 homicidam,
1291 1865 1361 1895 aut
1380 1854 1496 1895 aliud
1519 1853 1654 1909 quod-

231 1949 394 1989 cunque
425 1931 634 1973 scelerum
664 1931 902 1974 facientem.
962 1934 1049 1975 Sed
1078 1931 1111 1973 si
1143 1932 1381 1973 consideres
1411 1933 1507 1982 hoc,
1538 1931 1653 1987 quod

230 2012 272 2051 in
302 2009 512 2066 praesenti
541 2010 745 2066 scriptum
776 2022 856 2060 est,
883 2009 930 2050 ‘et
959 2010 1090 2059 illud,
1124 2011 1239 2066 quod
1268 2010 1312 2050 in
1343 2008 1558 2061 evangelio
1592 2007 1656 2048 di-

232 2088 358 2136 citur,
407 2085 590 2136 videbis,
637 2086 733 2142 quia
771 2099 812 2128 et
850 2087 964 2127 illius
1007 2086 1237 2127 maximum
1278 2098 1501 2142 peccatum
1544 2085 1655 2125 inter

230 2164 423 2205 universa
451 2175 625 2219 peccata
651 2164 849 2219 superbia
877 2163 1026 2204 fuerit:
1067 2164 1110 2203 in
1148 2164 1361 2204 saturitate
1391 2177 1573 2218 panum,
1614 2172 1656 2201 et

232 2243 276 2283 in
314 2240 567 2282 abundantia
605 2242 779 2282 affluens
818 2257 904 2282 non
942 2240 1088 2281 hahuit
1131 2239 1410 2281 miserationis
1451 2238 1652 2279 affectum

233 2321 286 2361 ad
318 2335 427 2369 eum,
459 2317 532 2374 qui
561 2330 655 2359 ante
684 2316 828 2374 portas
858 2333 950 2360 suas
982 2318 1198 2359 confectus
1227 2317 1441 2359 ulceribus
1470 2315 1652 2374 jacebat:

233 2397 308 2438 sed
344 2396 385 2436 in
426 2406 585 2436 tantam
621 2396 861 2452 superbiam
904 2396 1035 2436 elatus
1077 2407 1139 2436 est
1169 2392 1402 2450 despiciens
1430 2403 1654 2450 pauper-ta*

233 2486 341 2524 tem,
379 2485 426 2514 ut
464 2469 551 2513 nod
591 2485 854 2529 computaret
883 2489 1020 2529 neque
1053 2473 1287 2515 inferorum
1315 2469 1543 2527 supplicia,
1582 2485 1655 2510 ne-

351 2655 390 2711 ¹)
421 2655 529 2696 Edd.
570 2654 765 2696 Merlini:
803 2655 1018 2711 superbia:
1059 2656 1171 2696 unde
1210 2664 1402 2727 nascatur
1438 2650 1650 2711 superbia:

231 2726 272 2754 et
302 2728 402 2769 quas
431 2712 556 2752 habet
583 2711 742 2752 radices
772 2723 849 2752 etc.

347 2783 390 2836 ²)
422 2783 574 2824 Ezech.
604 2782 720 2831 XVI,
752 2782 818 2825 49.
939 2782 981 2838 3)
1014 2782 1100 2824 Csr.
1131 2781 1233 2822 Luc.
1262 2780 1378 2830 XVI,
1409 2778 1474 2823 19.
1505 2793 1618 2832 seqq.

351 2853 393 2909 4)
422 2853 531 2896 Edd.
561 2851 754 2896 Merlini:
790 2852 1055 2895 vulneratum
1083 2853 1181 2894 tabe
1211 2863 1288 2894 etc.
