1759 3134
239 131 294 175 46
642 131 863 171 Omcssms
894 142 939 171 m
967 129 1259 172 Ezncmssmm

237 245 429 301 phetam:
461 243 534 285 sed
566 242 682 299 quasi
713 259 870 292 omnes,
902 242 974 298 qni
999 241 1203 281 velamina
1236 252 1471 291 contexant,
1503 253 1544 282 et
1575 257 1662 281 cer-

240 323 387 363 vicalia
427 332 628 362 consuant
665 322 741 361 sub
783 320 899 360 omni
939 320 1081 360 cubito
1124 335 1293 367 manus,
1332 319 1531 359 mulieres
1564 319 1658 368 sint,

240 412 280 440 et
309 399 450 440 nullus
481 399 591 439 inter
620 416 692 439 eos
725 399 800 439 viri
830 398 1002 438 nomine
1036 397 1181 449 dignus
1212 397 1433 445 habeatur,
1475 396 1532 436 ait
1560 412 1661 451 pro-

237 477 383 532 pheta:
417 476 494 527 „in
525 477 562 533 ¹)
595 477 700 518 filias
730 476 883 532 populi
912 475 996 525 tui,
1027 491 1132 530 quae
1161 474 1418 529 prophetant
1446 474 1498 513 de
1531 474 1659 513 corde

235 561 364 605 su0,“
395 567 436 595 et
467 571 514 595 ca
546 554 716 603 faciunt,
747 570 852 609 quae
883 564 1125 608 sequuntur.
1185 551 1464 591 Effeminatae
1496 549 1653 606 quippe

234 644 329 673 sunt
372 649 521 673 eorum
558 632 853 684 magistrorum
895 642 936 671 et
974 629 1158 678 animae,
1197 640 1238 668 et
1278 629 1535 677 voluntates,
1582 626 1654 683 qui

234 726 401 766 semper
428 710 641 758 sonantia,
673 724 840 763 semper
869 723 1020 748 canora
1052 718 1335 761 componunt:
1369 717 1410 745 et
1438 717 1507 755 ut,
1537 704 1653 760 quod

233 803 377 828 verum
411 799 489 836 est,
515 787 671 835 dicam,
702 785 807 826 nihil
839 785 985 834 virile,
1015 783 1121 824 nihil
1152 785 1284 832 forte,
1326 782 1430 822 nihil
1462 783 1558 823 Deo
1592 780 1656 821 di-

232 881 357 916 gnum
390 875 450 904 est
481 863 522 903 in
553 863 636 913 his,
678 862 751 917 qui
780 862 892 919 juxta
922 861 1095 913 gratiam
1125 872 1166 900 et
1195 862 1455 900 voluntatem
1487 858 1657 899 audien-

230 941 337 981 tium
367 940 630 996 praedicant:
669 939 829 979 idcirco
873 954 1018 978 omnes
1048 938 1153 979 filias
1183 938 1346 994 potius,
1388 953 1512 993 quam
1542 934 1654 975 filios

231 1018 335 1059 dixit
364 1029 573 1058 assuentes
604 1016 834 1057 cervicalia.
888 1015 943 1056 Et
974 1017 1148 1056 observa
1177 1015 1485 1072 proprietatem
1516 1011 1653 1053 verbi:

229 1107 477 1145 „assuentes
502 1095 585 1147 ²)“
621 1094 702 1144 ait,
745 1109 831 1134 non
872 1104 1151 1133 contexentes.
1209 1094 1275 1132 An
1313 1092 1499 1144 ignoras,
1540 1089 1655 1145 quod

227 1173 369 1213 tunica
397 1170 577 1212 Domini
606 1170 669 1212 tui
699 1171 798 1211 Jesu
827 1170 932 1209 nihil
965 1169 1006 1209 in
1047 1186 1090 1209 se
1130 1171 1280 1210 habeat
1309 1168 1540 1215 consutile,
1580 1166 1654 1206 secl

229 1266 277 1289 ex
325 1249 442 1289 omni
478 1260 598 1304 parte
640 1258 833 1287 contexta
873 1246 954 1288 sit?
1012 1247 1120 1286 Istae
1158 1263 1255 1298 ergo
1298 1255 1506 1285 consuunt
1543 1242 1652 1283 dicta

228 1327 349 1367 dictis
378 1326 671 1367 fraudulenter
701 1336 741 1364 et
773 1323 946 1373 callide,
979 1335 1189 1365 assuentes
1219 1321 1361 1378 potius
1394 1338 1519 1377 quam
1552 1336 1652 1361 con-

226 1414 433 1454 texentes3
465 1414 505 1442 et
534 1401 693 1442 faciunt
725 1401 958 1450 cervicalia,
988 1417 1075 1441 non
1106 1401 1149 1441 in
1181 1400 1330 1456 quibus
1362 1399 1499 1454 capita
1527 1397 1650 1438 recli-

223 1491 323 1520 nent
349 1480 415 1535 3)‚
449 1479 523 1519 sed
551 1478 595 1519 in
627 1478 776 1534 quibus
810 1478 1021 1519 cubitum:
1058 1478 1103 1518 id
1135 1489 1215 1527 est,
1245 1489 1292 1517 ut
1322 1493 1467 1516 manus
1500 1491 1648 1515 eorum

222 1573 308 1598 non
346 1556 427 1596 sint
464 1555 509 1596 in
546 1556 716 1606 labore,
755 1572 841 1596 non
873 1556 915 1596 in
946 1572 1076 1611 opere
1107 1556 1348 1604 lassescant,
1388 1554 1462 1594 sed
1491 1553 1574 1593 sint
1604 1551 1646 1591 in

222 1633 387 1688 requie,
426 1632 509 1673 sint
535 1631 580 1673 in
610 1632 722 1682 otio,
758 1633 842 1674 sint
871 1633 914 1673 in
944 1633 1007 1673 his
1037 1632 1182 1686 gestis,
1223 1648 1328 1688 quae
1360 1630 1648 1686 voluptatibus

222 1709 421 1750 serviunt.

335 1786 373 1828 4.
421 1786 538 1827 Haec
570 1797 731 1836 autem,
769 1803 875 1843 quae
907 1786 1107 1836 dicimus,
1147 1785 1205 1826 ita
1243 1801 1285 1825 se
1324 1785 1501 1834 habere,
1539 1795 1587 1824 ut
1622 1799 1645 1824 a

220 1863 342 1904 nobis
380 1863 597 1904 intellecta
635 1875 751 1914 sunt,
795 1880 972 1920 sequens
1014 1880 1153 1904 sermo
1192 1862 1427 1918 prophetae
1465 1860 1645 1901 lucidius

222 1940 424 1991 ostendit,
466 1940 628 1980 dicens:
675 1941 813 1990 „haec
837 1940 878 1995 α)
920 1940 1022 1980 dicit
1059 1939 1227 1979 Adonai
1266 1938 1499 1979 Dominus:
1547 1953 1644 1977 ecce

223 2034 298 2070 ego
339 2018 392 2057 ad
429 2016 648 2057 cervicalia
689 2028 846 2065 vestra,
886 2016 929 2056 in
970 2016 1121 2072 quibus
1159 2032 1233 2056 vos
1273 2014 1515 2056 convertitis
1553 2014 1644 2054 illic

220 2095 376 2134 animas
406 2094 450 2134 in
480 2093 845 2134 dissolutionem.“
909 2092 1084 2148 Apemit
1113 2093 1301 2145 aenigma
1330 2093 1446 2148 quod
1477 2092 1645 2141 latebat,

218 2171 442 2227 perspicue
481 2171 704 2211 ostendens
751 2180 924 2210 consuta
969 2169 1187 2210 cervicalia
1229 2169 1274 2209 in
1318 2168 1643 2209 dissolutionem

218 2249 449 2290 animarum
474 2248 583 2301 fieri.
644 2247 750 2301 Quis
781 2258 921 2287 autem
951 2258 1092 2302 potest
1120 2263 1248 2302 super
1277 2262 1536 2295 sermonem,
1569 2245 1640 2301 qui

217 2325 382 2378 legitur,
412 2324 582 2365 audiens
611 2326 754 2365 Deum
789 2312 1128 2375 comminantem,
1159 2324 1256 2380 quia
1286 2323 1375 2379 ipse
1405 2322 1642 2381 disrumpat.

215 2403 345 2443 talem
382 2402 582 2451 sutelam,
623 2414 665 2443 et
702 2402 802 2443 talia
842 2401 1091 2444 cervicalia?
1149 2401 1221 2442 Ait
1258 2400 1389 2441 enim:
1431 2415 1528 2439 ecce
1561 2414 1636 2451 ego

214 2496 302 2520 non
330 2479 473 2537 jubeo,
503 2479 575 2519 sed
606 2478 696 2533 ipse
728 2479 944 2536 disrumpo
977 2479 1198 2520 cervicalia
1223 2489 1394 2518 consuta
1418 2477 1494 2517 sub
1520 2476 1637 2516 omni

217 2556 359 2597 cubito
391 2572 549 2596 manus.
597 2556 682 2596 Dei
713 2573 819 2612 opus
851 2569 911 2598 est
944 2573 1113 2598 omnem
1142 2571 1313 2608 arguere
1342 2566 1562 2603 texturam,
1593 2564 1635 2593 et

162 2680 165 2686 Ι
215 2633 445 2674 dissolvere
474 2633 712 2675 universam
742 2634 962 2675 fictionem
991 2634 1236 2690 pessimam,
1268 2649 1373 2690 quae
1400 2642 1528 2672 nocet
1556 2629 1631 2680 his,

332 2793 372 2848 ¹)
402 2791 554 2833 Ezech.
585 2794 706 2834 XIII.
739 2794 804 2836 17.
924 2792 966 2849 ²)
1000 2795 1086 2836 Cfr.
1117 2795 1267 2835 Ezech.
1298 2793 1418 2843 ΧῘΙῙ,
1449 2791 1515 2834 18.

327 2861 371 2918 ³)
401 2861 510 2903 Edd.
541 2863 736 2905 Merlini:
767 2863 982 2905 reclinant.
1048 2864 1089 2921 4)
1119 2865 1208 2907 Cfr.
1233 2864 1383 2904 Ezech.
1409 2862 1530 2912 XIII,
1559 2860 1626 2904 20.
