1759 3134
258 116 344 166 238
520 113 744 157 Omenms
774 122 819 154 m
851 109 1089 152 Cim-mcum
1128 109 1429 154 CAN-neonem

263 229 602 274 solemnitatibus
641 226 772 269 canit:
817 225 890 267 sed
937 224 1074 265 multo
1114 224 1281 265 beatior
1320 225 1414 276 ille,
1461 226 1531 282 qui
1571 227 1678 270 canit

264 311 428 352 cantica
459 306 730 350 canticorum.
791 304 845 345 Et
875 303 981 344 sieut
1012 303 1065 352 is,
1097 302 1168 359 qui
1197 302 1430 356 ingreditur
1458 303 1500 344 in
1531 318 1681 357 sancta,

267 387 462 445 pluribus
504 386 638 428 adbuc
675 383 855 436 indiget,
902 393 948 422 ut
985 378 1121 422 valeat
1150 380 1324 422 introire
1356 381 1396 422 in
1426 393 1565 423 sancta
1592 399 1683 423 san-

269 478 458 508 ctorum:
509 476 549 506 et
579 462 652 520 qui
682 462 900 504 sabbatum
940 459 1145 509 celebrat,
1187 459 1302 515 quod
1332 476 1354 499 a
1383 459 1574 501 Domino
1605 477 1686 516 po-

269 544 375 600 pulo
408 541 683 585 constitutum
724 551 808 590 est,
847 539 981 579 multa
1017 538 1152 578 adhuc
1189 536 1419 578 necessaria
1456 538 1601 589 babet,
1639 549 1686 579 ut

267 634 359 675 agat
398 621 566 663 sabbata
603 618 901 659 sabbatorum:
943 616 1095 657 eodem
1134 615 1265 655 modo
1315 615 1489 656 difficile
1529 616 1687 672 reperi-

266 700 416 757 tur¹),
464 698 536 756 qui
576 696 739 747 omnia,
786 711 890 752 quae
929 693 971 734 in
1003 692 1231 749 Scripturis
1262 691 1547 744 continentur,
1594 710 1687 735 can-

266 778 349 819 tica
388 792 635 834 peragrans,
681 774 817 816 valeat
846 771 1101 813 adscendere
1131 771 1184 812 ad
1216 770 1374 812 cantica
1413 771 1684 813 canticorum.

269 854 482 911 Egredi2)
502 865 543 895 te
569 863 740 910 oportet
765 868 810 893 ex
835 852 1051 908 Aegypte,
1084 861 1125 890 et
1156 864 1365 902 egressum
1397 850 1448 890 de
1480 861 1590 891 terra
1606 851 1687 891 Ae-

271 933 388 991 gypti
417 930 670 989 pertransire
701 945 815 970 mare
845 929 1043 977 rubrum,
1089 939 1135 967 ut
1170 926 1305 982 possis
1343 926 1527 983 primum
1559 928 1688 969 canti-

270 1028 366 1052 cum
399 1026 567 1060 canere,
601 1008 762 1050 dicens:
795 1004 1100 1059 „cantemus3)
1119 1004 1335 1057 Domin03
1363 1006 1546 1058 gloriose
1577 1006 1688 1047 enim

267 1088 556 1141 magnificatus
588 1091 696 1127 est.“
749 1084 869 1125 Licet
897 1095 1037 1124 autem
1067 1083 1252 1139 primum
1283 1083 1434 1124 dixeris
1469 1083 1690 1133 canticum,

271 1166 408 1206 adhuc
439 1165 565 1216 longe
598 1178 638 1202 es
669 1178 692 1202 a
723 1160 885 1201 cantico
919 1161 1191 1203 canticorum.
1250 1161 1505 1202 Perambula
1535 1173 1690 1203 terram

271 1242 428 1284 deserti
465 1239 763 1298 spiritualiter,
810 1238 945 1278 donec
977 1237 1114 1279 venias
1146 1240 1198 1279 ad
1227 1251 1424 1294 puteum,
1471 1257 1596 1296 quem
1627 1242 1693 1282 so-

273 1322 427 1363 derunt
463 1335 602 1372 reges,
642 1317 745 1373 ut4)
779 1317 837 1358 ibi
877 1318 1109 1358 seeundum
1147 1317 1354 1359 canticum
1397 1334 1529 1361 canas.
1588 1319 1693 1362 Post

270 1399 374 1441 baec
405 1397 501 1439 veni
531 1397 584 1437 ad
622 1395 757 1436 vicina
776 1398 815 1452 5)
846 1408 1010 1437 sanctae
1049 1407 1207 1446 terrac,
1251 1407 1298 1437 ut
1338 1413 1465 1454 super
1494 1399 1693 1440 Jordanis

269 1478 408 1534 ripam
449 1474 721 1525 constitutus,
759 1486 897 1515 cantes
937 1474 1146 1516 cauticum
1184 1473 1339 1524 Mosis,
1389 1475 1552 1518 dicens:
1597 1488 1693 1528 „at-

272 1555 399 1597 tende
416 1555 458 1610 6)
500 1553 690 1603 coelum,
741 1564 782 1593 et
819 1553 992 1609 loquar,
1035 1564 1075 1594 et
1115 1551 1255 1593 audiat
1293 1565 1404 1594 terra
1442 1554 1568 1595 verba
1609 1555 1693 1598 oris

269 1632 418 1675 mei!“
475 1632 663 1673 Rursum
691 1631 817 1671 habes
841 1629 1146 1681 necessarium,
1175 1642 1224 1671 ut
1252 1631 1430 1683 milites,
1471 1645 1511 1674 et
1539 1645 1695 1676 terram

273 1721 462 1754 sanctam
492 1708 751 1750 haereditate
782 1708 1018 1764 possideas,
1061 1721 1102 1749 et
1132 1708 1220 1765 apis
1250 1709 1330 1751 tibi
1360 1712 1609 1768 prophetet,
1655 1726 1696 1755 et

273 1789 363 1848 apis
391 1800 434 1830 te
464 1787 643 1845 judicet:
671 1811 722 1817 —
753 1787 958 1828 Debbora
989 1786 1147 1843 quippe
1180 1787 1268 1843 apis
1298 1787 1688 1845 interpretatur—1

272 1881 321 1910 ut
352 1867 487 1924 possis
519 1877 561 1907 et
591 1866 702 1907 illud
733 1882 921 1917 carmen,
964 1866 1079 1921 quod
1117 1864 1159 1906 in
1189 1865 1299 1907 libro
1330 1867 1532 1910 Judicum
1563 1869 1699 1911 conti-

272 1959 418 1996 netur,
461 1944 627 1986 edicere
656 1945 712 2001 7).
772 1945 840 1986 Ad
876 1960 1105 1997 regnorum
1145 1943 1344 2001 deinceps
1385 1946 1586 1989 volumen
1625 1949 1697 1989 ad-

272 2025 498 2073 scendens,
539 2022 636 2064 veni
667 2024 720 2064 ad
749 2022 982 2073 canticum,
1022 2022 1188 2079 quando
1219 2022 1361 2064 David
1390 2023 1498 2076 fugit
1527 2026 1580 2066 de
1610 2043 1697 2068 ma-

273 2103 399 2145 nibus
431 2100 624 2142 omnium
653 2101 926 2143 inimicorum
955 2117 1150 2152 suorum,
1191 2112 1231 2141 et
1261 2101 1314 2141 de
1342 2118 1471 2143 manu
1500 2104 1625 2155 Saul,
1657 2117 1698 2147 et

276 2179 401 2221 dixit:
435 2178 676 2230 „Dominus
691 2179 733 2236 ⁸)
764 2180 1077 2220 firmamentum
1092 2194 1258 2228 meum,
1290 2190 1331 2220 et
1355 2180 1564 2223 fortitudo
1588 2201 1697 2237 mea,

276 2270 319 2300 et
347 2257 558 2311 refugium
598 2274 766 2308 meum,
813 2269 854 2298 et
893 2256 1096 2297 liberator
1132 2262 1300 2298 meus.“
1358 2258 1697 2304 Perveniendum

397 2444 437 2500 ¹)
466 2440 576 2485 Edd.
608 2441 669 2484 M.
700 2458 943 2498 perperam:
975 2438 1145 2497 reperit.

395 2516 437 2572 2)
467 2516 602 2556 Deest
629 2519 740 2564 ‚,te“
773 2513 816 2554 in
851 2512 915 2552 ed.
946 2512 1090 2553 Ruaei.
1211 2512 1254 2570 3)
1283 2511 1419 2555 Exod.
1449 2514 1543 2567 XV,
1575 2514 1611 2559 1.

392 2587 435 2642 4)
461 2587 572 2628 Edd.
603 2583 798 2626 Merlini:
832 2594 872 2623 et
901 2581 960 2623 ibi
991 2595 1069 2625 etc.

397 2659 438 2714 ⁵)
471 2658 581 2699 Edd.
599 2654 792 2697 BIerlini:
827 2653 1022 2695 viciniam
1045 2667 1207 2696 sanctae
1224 2668 1382 2708 terrae,
1415 2669 1455 2698 et
1477 2674 1602 2714 super
1619 2669 1694 2700 etc.

394 2731 438 2786 6)
468 2729 597 2769 Deut.
628 2725 811 2775 XXXII,
843 2724 880 2767 1.

400 2802 440 2857 ⁷)
471 2800 581 2840 Edd.
613 2794 806 2839 7Merliui:
839 2794 1037 2838 ediscere.
1072 2820 1121 2827 —
1156 2797 1242 2841 Cfr.
1270 2798 1411 2840 Judic.
1441 2799 1491 2843 V.

395 2872 439 2928 8)
474 2870 562 2912 Csr.
593 2870 636 2910 Π
663 2868 776 2910 Sam.
806 2866 948 2919 XXII,
976 2867 1015 2911 2.
1047 2867 1085 2911 3.
1119 2869 1182 2924 (ΙΙ
1205 2869 1331 2922 Begg.

1755 228 1759 286 ¹}
