<?xml version="1.0" encoding="UTF-8"?>
<!DOCTYPE html PUBLIC "-//W3C//DTD XHTML 1.0 Transitional//EN"
    "http://www.w3.org/TR/xhtml1/DTD/xhtml1-transitional.dtd">
<html xmlns="http://www.w3.org/1999/xhtml" xml:lang="en" lang="en">
 <head>
  <title>
</title>
<meta http-equiv="Content-Type" content="text/html;charset=utf-8" />
  <meta name='ocr-system' content='tesseract 3.04.00' />
  <meta name='ocr-capabilities' content='ocr_page ocr_carea ocr_par ocr_line ocrx_word'/>
</head>
<body>
  <div class='ocr_page' id='page_1' title='image "./operaomniaquaegr14orig/operaomniaquaegr14orig_0419.png"; bbox 0 0 1759 3134; ppageno 0'>
   <div class='ocr_carea' id='block_1_1' title="bbox 718 132 1546 179">
    <p class='ocr_par' dir='ltr' id='par_1_1' title="bbox 718 132 1546 179">
     <span class='ocr_line' id='line_1_1' title="bbox 718 132 1546 179; baseline 0.008 -7"><span class='ocrx_word' id='word_1_1' title='bbox 718 132 858 173; x_wconf 66' lang='lat' dir='ltr'>Lmen</span> <span class='ocrx_word' id='word_1_2' title='bbox 891 132 946 172; x_wconf 87' lang='grc' dir='ltr'>ΙΙ.</span> <span class='ocrx_word' id='word_1_3' title='bbox 1464 134 1546 179; x_wconf 79' lang='grc'>403</span> 
     </span>
    </p>
   </div>
   <div class='ocr_carea' id='block_1_2' title="bbox 109 243 1546 2381">
    <p class='ocr_par' dir='ltr' id='par_1_2' title="bbox 109 243 1546 2381">
     <span class='ocr_line' id='line_1_2' title="bbox 122 243 1546 302; baseline 0.001 -15"><span class='ocrx_word' id='word_1_4' title='bbox 122 246 337 288; x_wconf 80' lang='lat' dir='ltr'>doctrinae</span> <span class='ocrx_word' id='word_1_5' title='bbox 369 245 421 287; x_wconf 85' lang='lat' dir='ltr'>ad</span> <span class='ocrx_word' id='word_1_6' title='bbox 452 243 748 300; x_wconf 79' lang='lat' dir='ltr'>deceptionem</span> <span class='ocrx_word' id='word_1_7' title='bbox 780 260 993 293; x_wconf 77' lang='lat' dir='ltr'>errorum,</span> <span class='ocrx_word' id='word_1_8' title='bbox 1033 244 1090 284; x_wconf 88' lang='lat' dir='ltr'>ita</span> <span class='ocrx_word' id='word_1_9' title='bbox 1133 256 1179 284; x_wconf 88' lang='lat' dir='ltr'>ut</span> <span class='ocrx_word' id='word_1_10' title='bbox 1208 245 1340 286; x_wconf 85' lang='lat' dir='ltr'>modo</span> <span class='ocrx_word' id='word_1_11' title='bbox 1375 247 1546 302; x_wconf 89' lang='lat' dir='ltr'>quidem</span> 
     </span>
     <span class='ocr_line' id='line_1_3' title="bbox 122 321 1545 380; baseline 0 -15"><span class='ocrx_word' id='word_1_12' title='bbox 122 324 234 380; x_wconf 82' lang='lat' dir='ltr'>apud</span> <span class='ocrx_word' id='word_1_13' title='bbox 265 323 387 363; x_wconf 89' lang='lat' dir='ltr'>illum</span> <span class='ocrx_word' id='word_1_14' title='bbox 417 333 653 378; x_wconf 85' lang='lat' dir='ltr'>pastorem,</span> <span class='ocrx_word' id='word_1_15' title='bbox 692 321 737 362; x_wconf 87' lang='lat' dir='ltr'>id</span> <span class='ocrx_word' id='word_1_16' title='bbox 769 334 856 372; x_wconf 89' lang='lat' dir='ltr'>est,</span> <span class='ocrx_word' id='word_1_17' title='bbox 898 322 1120 362; x_wconf 83' lang='lat' dir='ltr'>doctorem</span> <span class='ocrx_word' id='word_1_18' title='bbox 1153 323 1268 363; x_wconf 85' lang='lat' dir='ltr'>verbi</span> <span class='ocrx_word' id='word_1_19' title='bbox 1299 324 1545 365; x_wconf 82' lang='lat' dir='ltr'>tabernacu-</span> 
     </span>
     <span class='ocr_line' id='line_1_4' title="bbox 121 397 1543 457; baseline 0.001 -16"><span class='ocrx_word' id='word_1_20' title='bbox 121 400 211 441; x_wconf 91' lang='lat' dir='ltr'>lum</span> <span class='ocrx_word' id='word_1_21' title='bbox 241 411 384 456; x_wconf 82' lang='lat' dir='ltr'>ponat,</span> <span class='ocrx_word' id='word_1_22' title='bbox 415 415 525 440; x_wconf 88' lang='lat' dir='ltr'>nunc</span> <span class='ocrx_word' id='word_1_23' title='bbox 557 415 656 440; x_wconf 86' lang='lat' dir='ltr'>vero</span> <span class='ocrx_word' id='word_1_24' title='bbox 688 399 800 455; x_wconf 85' lang='lat' dir='ltr'>apud</span> <span class='ocrx_word' id='word_1_25' title='bbox 832 397 983 439; x_wconf 88' lang='lat' dir='ltr'>alium:</span> <span class='ocrx_word' id='word_1_26' title='bbox 1016 410 1056 439; x_wconf 90' lang='lat' dir='ltr'>et</span> <span class='ocrx_word' id='word_1_27' title='bbox 1087 398 1145 440; x_wconf 89' lang='lat' dir='ltr'>sic</span> <span class='ocrx_word' id='word_1_28' title='bbox 1176 400 1333 457; x_wconf 89' lang='lat' dir='ltr'>ubique</span> <span class='ocrx_word' id='word_1_29' title='bbox 1367 402 1543 443; x_wconf 84' lang='lat' dir='ltr'>circum-</span> 
     </span>
     <span class='ocr_line' id='line_1_5' title="bbox 119 475 1541 533; baseline 0.001 -14"><span class='ocrx_word' id='word_1_30' title='bbox 119 479 289 527; x_wconf 84' lang='lat' dir='ltr'><strong>feratur,</strong></span> <span class='ocrx_word' id='word_1_31' title='bbox 320 493 492 533; x_wconf 87' lang='lat' dir='ltr'>pascens</span> <span class='ocrx_word' id='word_1_32' title='bbox 521 492 608 517; x_wconf 89' lang='lat' dir='ltr'>non</span> <span class='ocrx_word' id='word_1_33' title='bbox 639 492 759 526; x_wconf 76' lang='lat' dir='ltr'>oves,</span> <span class='ocrx_word' id='word_1_34' title='bbox 803 476 918 531; x_wconf 88' lang='lat' dir='ltr'>quod</span> <span class='ocrx_word' id='word_1_35' title='bbox 950 487 1011 516; x_wconf 90' lang='lat' dir='ltr'>est</span> <span class='ocrx_word' id='word_1_36' title='bbox 1044 475 1197 517; x_wconf 85' lang='lat' dir='ltr'>animal</span> <span class='ocrx_word' id='word_1_37' title='bbox 1227 476 1426 533; x_wconf 84' lang='lat' dir='ltr'>simplex,</span> <span class='ocrx_word' id='word_1_38' title='bbox 1467 479 1541 520; x_wconf 89' lang='lat' dir='ltr'>sed</span> 
     </span>
     <span class='ocr_line' id='line_1_6' title="bbox 119 552 1541 611; baseline 0.001 -16"><span class='ocrx_word' id='word_1_39' title='bbox 119 554 301 603; x_wconf 86' lang='lat' dir='ltr'>hoedos,</span> <span class='ocrx_word' id='word_1_40' title='bbox 341 553 516 594; x_wconf 83' lang='lat' dir='ltr'>lascivos</span> <span class='ocrx_word' id='word_1_41' title='bbox 556 552 774 607; x_wconf 84' lang='lat' dir='ltr'>scilicet¹)</span> <span class='ocrx_word' id='word_1_42' title='bbox 809 564 850 594; x_wconf 88' lang='lat' dir='ltr'>et</span> <span class='ocrx_word' id='word_1_43' title='bbox 887 553 1098 609; x_wconf 87' lang='lat' dir='ltr'>inquietos</span> <span class='ocrx_word' id='word_1_44' title='bbox 1129 570 1291 604; x_wconf 86' lang='lat' dir='ltr'>sensus,</span> <span class='ocrx_word' id='word_1_45' title='bbox 1335 567 1457 611; x_wconf 80' lang='lat' dir='ltr'>atque</span> <span class='ocrx_word' id='word_1_46' title='bbox 1487 556 1541 596; x_wconf 87' lang='lat' dir='ltr'>ad</span> 
     </span>
     <span class='ocr_line' id='line_1_7' title="bbox 118 630 1540 687; baseline 0.001 -15"><span class='ocrx_word' id='word_1_47' title='bbox 118 641 339 687; x_wconf 85' lang='lat' dir='ltr'>peccatum</span> <span class='ocrx_word' id='word_1_48' title='bbox 370 631 591 686; x_wconf 84' lang='lat' dir='ltr'>deputatos</span> <span class='ocrx_word' id='word_1_49' title='bbox 631 630 803 671; x_wconf 84' lang='lat' dir='ltr'>diversis</span> <span class='ocrx_word' id='word_1_50' title='bbox 845 630 1091 671; x_wconf 87' lang='lat' dir='ltr'>doctoribus</span> <span class='ocrx_word' id='word_1_51' title='bbox 1132 631 1326 672; x_wconf 85' lang='lat' dir='ltr'>excolens</span> <span class='ocrx_word' id='word_1_52' title='bbox 1368 633 1420 673; x_wconf 87' lang='lat' dir='ltr'>ad</span> <span class='ocrx_word' id='word_1_53' title='bbox 1459 632 1540 673; x_wconf 88' lang='lat' dir='ltr'>hoc</span> 
     </span>
     <span class='ocr_line' id='line_1_8' title="bbox 117 705 1538 765; baseline 0.001 -17"><span class='ocrx_word' id='word_1_54' title='bbox 117 706 259 763; x_wconf 87' lang='lat' dir='ltr'>ipsum</span> <span class='ocrx_word' id='word_1_55' title='bbox 288 705 502 764; x_wconf 78' lang='lat' dir='ltr'>quaesitis:</span> <span class='ocrx_word' id='word_1_56' title='bbox 551 718 591 748; x_wconf 92' lang='lat' dir='ltr'>et</span> <span class='ocrx_word' id='word_1_57' title='bbox 621 706 722 747; x_wconf 88' lang='lat' dir='ltr'>haec</span> <span class='ocrx_word' id='word_1_58' title='bbox 752 706 832 748; x_wconf 83' lang='lat' dir='ltr'>erit</span> <span class='ocrx_word' id='word_1_59' title='bbox 859 724 999 764; x_wconf 87' lang='lat' dir='ltr'>poena</span> <span class='ocrx_word' id='word_1_60' title='bbox 1030 708 1179 765; x_wconf 88' lang='lat' dir='ltr'>culpae</span> <span class='ocrx_word' id='word_1_61' title='bbox 1216 708 1331 750; x_wconf 86' lang='lat' dir='ltr'>illius</span> <span class='ocrx_word' id='word_1_62' title='bbox 1362 708 1538 760; x_wconf 82' lang='lat' dir='ltr'>animae,</span> 
     </span>
     <span class='ocr_line' id='line_1_9' title="bbox 116 784 1537 840; baseline 0.001 -14"><span class='ocrx_word' id='word_1_63' title='bbox 116 801 221 840; x_wconf 80' lang='lat' dir='ltr'>quae</span> <span class='ocrx_word' id='word_1_64' title='bbox 253 800 294 826; x_wconf 89' lang='lat' dir='ltr'>se</span> <span class='ocrx_word' id='word_1_65' title='bbox 325 784 459 839; x_wconf 88' lang='lat' dir='ltr'>ipsam</span> <span class='ocrx_word' id='word_1_66' title='bbox 487 801 574 825; x_wconf 90' lang='lat' dir='ltr'>non</span> <span class='ocrx_word' id='word_1_67' title='bbox 603 784 869 840; x_wconf 76' lang='lat' dir='ltr'>studuerit2)</span> <span class='ocrx_word' id='word_1_68' title='bbox 903 803 1140 839; x_wconf 86' lang='lat' dir='ltr'>agnoscere,</span> <span class='ocrx_word' id='word_1_69' title='bbox 1176 798 1217 828; x_wconf 89' lang='lat' dir='ltr'>et</span> <span class='ocrx_word' id='word_1_70' title='bbox 1246 786 1369 828; x_wconf 88' lang='lat' dir='ltr'>illum</span> <span class='ocrx_word' id='word_1_71' title='bbox 1399 787 1537 828; x_wconf 90' lang='lat' dir='ltr'>solum</span> 
     </span>
     <span class='ocr_line' id='line_1_10' title="bbox 115 862 1538 920; baseline 0.001 -17"><span class='ocrx_word' id='word_1_72' title='bbox 115 862 234 919; x_wconf 85' lang='lat' dir='ltr'>sequi</span> <span class='ocrx_word' id='word_1_73' title='bbox 270 874 506 919; x_wconf 85' lang='lat' dir='ltr'><strong>pastorem,</strong></span> <span class='ocrx_word' id='word_1_74' title='bbox 562 863 632 918; x_wconf 86' lang='lat' dir='ltr'>qui</span> <span class='ocrx_word' id='word_1_75' title='bbox 677 863 858 904; x_wconf 88' lang='lat' dir='ltr'>animam</span> <span class='ocrx_word' id='word_1_76' title='bbox 909 880 1025 905; x_wconf 83' lang='lat' dir='ltr'>suam</span> <span class='ocrx_word' id='word_1_77' title='bbox 1076 863 1220 920; x_wconf 87' lang='lat' dir='ltr'><strong>posuit</strong></span> <span class='ocrx_word' id='word_1_78' title='bbox 1269 880 1348 920; x_wconf 89' lang='lat' dir='ltr'>pro</span> <span class='ocrx_word' id='word_1_79' title='bbox 1390 864 1538 905; x_wconf 79' lang='lat' dir='ltr'>ovibus</span> 
     </span>
     <span class='ocr_line' id='line_1_11' title="bbox 113 939 1539 997; baseline 0.001 -17"><span class='ocrx_word' id='word_1_80' title='bbox 113 939 209 983; x_wconf 88' lang='lat' dir='ltr'>suis.</span> <span class='ocrx_word' id='word_1_81' title='bbox 269 940 383 981; x_wconf 88' lang='lat' dir='ltr'>Haec</span> <span class='ocrx_word' id='word_1_82' title='bbox 415 950 477 980; x_wconf 83' lang='lat' dir='ltr'>est</span> <span class='ocrx_word' id='word_1_83' title='bbox 512 956 595 980; x_wconf 93' lang='lat' dir='ltr'>una</span> <span class='ocrx_word' id='word_1_84' title='bbox 633 941 814 995; x_wconf 77' lang='lat' dir='ltr'>species,</span> <span class='ocrx_word' id='word_1_85' title='bbox 861 958 940 997; x_wconf 90' lang='lat' dir='ltr'>qua</span> <span class='ocrx_word' id='word_1_86' title='bbox 970 941 1205 994; x_wconf 83' lang='lat' dir='ltr'>intelligere</span> <span class='ocrx_word' id='word_1_87' title='bbox 1236 953 1369 982; x_wconf 77' lang='lat' dir='ltr'>semet</span> <span class='ocrx_word' id='word_1_88' title='bbox 1406 942 1539 997; x_wconf 84' lang='lat' dir='ltr'>ipsam</span> 
     </span>
     <span class='ocr_line' id='line_1_12' title="bbox 113 1016 1536 1060; baseline 0.001 -2"><span class='ocrx_word' id='word_1_89' title='bbox 113 1016 248 1058; x_wconf 83' lang='lat' dir='ltr'>anima</span> <span class='ocrx_word' id='word_1_90' title='bbox 298 1017 340 1058; x_wconf 90' lang='lat' dir='ltr'>in</span> <span class='ocrx_word' id='word_1_91' title='bbox 386 1017 608 1058; x_wconf 80' lang='lat' dir='ltr'>affectibus</span> <span class='ocrx_word' id='word_1_92' title='bbox 649 1030 689 1058; x_wconf 89' lang='lat' dir='ltr'>et</span> <span class='ocrx_word' id='word_1_93' title='bbox 735 1018 895 1059; x_wconf 86' lang='lat' dir='ltr'>actibus</span> <span class='ocrx_word' id='word_1_94' title='bbox 943 1019 1026 1060; x_wconf 88' lang='lat' dir='ltr'>suis</span> <span class='ocrx_word' id='word_1_95' title='bbox 1073 1019 1236 1060; x_wconf 88' lang='lat' dir='ltr'>debeat.</span> <span class='ocrx_word' id='word_1_96' title='bbox 1304 1018 1384 1059; x_wconf 81' lang='lat' dir='ltr'>Illa</span> <span class='ocrx_word' id='word_1_97' title='bbox 1434 1036 1536 1060; x_wconf 80' lang='lat' dir='ltr'>vero</span> 
     </span>
     <span class='ocr_line' id='line_1_13' title="bbox 113 1094 1537 1153; baseline 0.002 -18"><span class='ocrx_word' id='word_1_98' title='bbox 113 1094 195 1136; x_wconf 87' lang='lat' dir='ltr'>alia</span> <span class='ocrx_word' id='word_1_99' title='bbox 232 1111 326 1151; x_wconf 86' lang='lat' dir='ltr'>pars</span> <span class='ocrx_word' id='word_1_100' title='bbox 357 1094 612 1150; x_wconf 80' lang='lat' dir='ltr'>profundior</span> <span class='ocrx_word' id='word_1_101' title='bbox 643 1106 703 1136; x_wconf 87' lang='lat' dir='ltr'>est</span> <span class='ocrx_word' id='word_1_102' title='bbox 729 1107 770 1136; x_wconf 88' lang='lat' dir='ltr'>et</span> <span class='ocrx_word' id='word_1_103' title='bbox 803 1095 1047 1146; x_wconf 84' lang='lat' dir='ltr'>difficilior,</span> <span class='ocrx_word' id='word_1_104' title='bbox 1079 1112 1157 1152; x_wconf 87' lang='lat' dir='ltr'>qua</span> <span class='ocrx_word' id='word_1_105' title='bbox 1187 1095 1358 1153; x_wconf 80' lang='lat' dir='ltr'>jubetur</span> <span class='ocrx_word' id='word_1_106' title='bbox 1387 1097 1537 1148; x_wconf 84' lang='lat' dir='ltr'>anima,</span> 
     </span>
     <span class='ocr_line' id='line_1_14' title="bbox 113 1171 1540 1229; baseline 0.001 -15"><span class='ocrx_word' id='word_1_107' title='bbox 113 1189 219 1228; x_wconf 85' lang='lat' dir='ltr'>quae</span> <span class='ocrx_word' id='word_1_108' title='bbox 249 1184 389 1214; x_wconf 86' lang='lat' dir='ltr'>tamen</span> <span class='ocrx_word' id='word_1_109' title='bbox 425 1171 509 1229; x_wconf 72' lang='lat' dir='ltr'>jam</span> <span class='ocrx_word' id='word_1_110' title='bbox 548 1172 590 1213; x_wconf 88' lang='lat' dir='ltr'>in</span> <span class='ocrx_word' id='word_1_111' title='bbox 630 1171 879 1213; x_wconf 84' lang='lat' dir='ltr'>mulieribus</span> <span class='ocrx_word' id='word_1_112' title='bbox 907 1173 1084 1229; x_wconf 86' lang='lat' dir='ltr'>pulchra</span> <span class='ocrx_word' id='word_1_113' title='bbox 1115 1185 1191 1224; x_wconf 86' lang='lat' dir='ltr'>est,</span> <span class='ocrx_word' id='word_1_114' title='bbox 1220 1190 1445 1226; x_wconf 80' lang='lat' dir='ltr'>agnoscere</span> <span class='ocrx_word' id='word_1_115' title='bbox 1476 1192 1540 1216; x_wconf 90' lang='lat' dir='ltr'>se-</span> 
     </span>
     <span class='ocr_line' id='line_1_15' title="bbox 111 1250 1535 1307; baseline 0.003 -16"><span class='ocrx_word' id='word_1_116' title='bbox 111 1263 200 1291; x_wconf 88' lang='lat' dir='ltr'>met</span> <span class='ocrx_word' id='word_1_117' title='bbox 230 1250 374 1306; x_wconf 83' lang='lat' dir='ltr'>ipsam.</span> <span class='ocrx_word' id='word_1_118' title='bbox 438 1250 569 1304; x_wconf 85' lang='lat' dir='ltr'>Quod</span> <span class='ocrx_word' id='word_1_119' title='bbox 606 1251 640 1291; x_wconf 89' lang='lat' dir='ltr'>si</span> <span class='ocrx_word' id='word_1_120' title='bbox 672 1250 863 1291; x_wconf 84' lang='lat' dir='ltr'>obtinere</span> <span class='ocrx_word' id='word_1_121' title='bbox 892 1251 1102 1306; x_wconf 89' lang='lat' dir='ltr'>potuerit,</span> <span class='ocrx_word' id='word_1_122' title='bbox 1145 1264 1284 1307; x_wconf 85' lang='lat' dir='ltr'>speret</span> <span class='ocrx_word' id='word_1_123' title='bbox 1313 1253 1393 1294; x_wconf 86' lang='lat' dir='ltr'>sibi</span> <span class='ocrx_word' id='word_1_124' title='bbox 1423 1255 1535 1298; x_wconf 81' lang='lat' dir='ltr'>bona</span> 
     </span>
     <span class='ocr_line' id='line_1_16' title="bbox 113 1327 1536 1384; baseline 0.002 -15"><span class='ocrx_word' id='word_1_125' title='bbox 113 1328 276 1370; x_wconf 85' lang='lat' dir='ltr'>omnia:</span> <span class='ocrx_word' id='word_1_126' title='bbox 322 1328 357 1369; x_wconf 84' lang='lat' dir='ltr'>si</span> <span class='ocrx_word' id='word_1_127' title='bbox 403 1328 560 1378; x_wconf 89' lang='lat' dir='ltr'>minus,</span> <span class='ocrx_word' id='word_1_128' title='bbox 610 1328 711 1369; x_wconf 88' lang='lat' dir='ltr'>sciat</span> <span class='ocrx_word' id='word_1_129' title='bbox 742 1328 976 1368; x_wconf 83' lang='lat' dir='ltr'>exeundum</span> <span class='ocrx_word' id='word_1_130' title='bbox 1008 1327 1088 1368; x_wconf 86' lang='lat' dir='ltr'>sibi</span> <span class='ocrx_word' id='word_1_131' title='bbox 1117 1341 1215 1383; x_wconf 90' lang='lat' dir='ltr'>post</span> <span class='ocrx_word' id='word_1_132' title='bbox 1247 1330 1416 1383; x_wconf 81' lang='lat' dir='ltr'>vestigia</span> <span class='ocrx_word' id='word_1_133' title='bbox 1446 1348 1536 1384; x_wconf 80' lang='lat' dir='ltr'>gre-</span> 
     </span>
     <span class='ocr_line' id='line_1_17' title="bbox 113 1405 1533 1464; baseline 0.003 -17"><span class='ocrx_word' id='word_1_134' title='bbox 113 1423 233 1459; x_wconf 86' lang='lat' dir='ltr'>gum,</span> <span class='ocrx_word' id='word_1_135' title='bbox 289 1418 329 1447; x_wconf 87' lang='lat' dir='ltr'>et</span> <span class='ocrx_word' id='word_1_136' title='bbox 379 1406 635 1462; x_wconf 86' lang='lat' dir='ltr'>pascendum</span> <span class='ocrx_word' id='word_1_137' title='bbox 678 1405 840 1446; x_wconf 85' lang='lat' dir='ltr'>hoedos</span> <span class='ocrx_word' id='word_1_138' title='bbox 893 1405 937 1446; x_wconf 91' lang='lat' dir='ltr'>in</span> <span class='ocrx_word' id='word_1_139' title='bbox 992 1406 1271 1448; x_wconf 81' lang='lat' dir='ltr'>tabernaculis</span> <span class='ocrx_word' id='word_1_140' title='bbox 1316 1421 1533 1464; x_wconf 82' lang='lat' dir='ltr'>pastorum</span> 
     </span>
     <span class='ocr_line' id='line_1_18' title="bbox 110 1483 1534 1543; baseline 0.002 -18"><span class='ocrx_word' id='word_1_141' title='bbox 110 1484 345 1525; x_wconf 80' lang='lat' dir='ltr'>alienorum</span> <span class='ocrx_word' id='word_1_142' title='bbox 392 1501 415 1525; x_wconf 89' lang='lat' dir='ltr'>a</span> <span class='ocrx_word' id='word_1_143' title='bbox 462 1499 517 1524; x_wconf 89' lang='lat' dir='ltr'>se.</span> <span class='ocrx_word' id='word_1_144' title='bbox 600 1483 829 1525; x_wconf 78' lang='lat' dir='ltr'>Videamus</span> <span class='ocrx_word' id='word_1_145' title='bbox 889 1499 986 1535; x_wconf 87' lang='lat' dir='ltr'>ergo</span> <span class='ocrx_word' id='word_1_146' title='bbox 1041 1494 1082 1523; x_wconf 88' lang='lat' dir='ltr'>et</span> <span class='ocrx_word' id='word_1_147' title='bbox 1136 1483 1408 1540; x_wconf 81' lang='lat' dir='ltr'>incipiamus,</span> <span class='ocrx_word' id='word_1_148' title='bbox 1455 1504 1534 1543; x_wconf 91' lang='lat' dir='ltr'>pro</span> 
     </span>
     <span class='ocr_line' id='line_1_19' title="bbox 112 1560 1538 1620; baseline 0.002 -18"><span class='ocrx_word' id='word_1_149' title='bbox 112 1561 268 1602; x_wconf 85' lang='lat' dir='ltr'>viribus</span> <span class='ocrx_word' id='word_1_150' title='bbox 299 1561 426 1603; x_wconf 86' lang='lat' dir='ltr'>etiam</span> <span class='ocrx_word' id='word_1_151' title='bbox 453 1560 574 1619; x_wconf 90' lang='lat' dir='ltr'>hujus</span> <span class='ocrx_word' id='word_1_152' title='bbox 605 1561 732 1618; x_wconf 87' lang='lat' dir='ltr'>partis</span> <span class='ocrx_word' id='word_1_153' title='bbox 760 1560 1014 1614; x_wconf 82' lang='lat' dir='ltr'>agnitionem</span> <span class='ocrx_word' id='word_1_154' title='bbox 1042 1560 1262 1604; x_wconf 83' lang='lat' dir='ltr'>discutere.</span> <span class='ocrx_word' id='word_1_155' title='bbox 1312 1563 1431 1605; x_wconf 88' lang='lat' dir='ltr'>Dicit</span> <span class='ocrx_word' id='word_1_156' title='bbox 1460 1581 1538 1620; x_wconf 87' lang='lat' dir='ltr'>per</span> 
     </span>
     <span class='ocr_line' id='line_1_20' title="bbox 110 1638 1535 1696; baseline 0.003 -17"><span class='ocrx_word' id='word_1_157' title='bbox 110 1638 363 1694; x_wconf 86' lang='lat' dir='ltr'>prophetam</span> <span class='ocrx_word' id='word_1_158' title='bbox 411 1655 549 1680; x_wconf 86' lang='lat' dir='ltr'>sermo</span> <span class='ocrx_word' id='word_1_159' title='bbox 600 1639 785 1680; x_wconf 80' lang='lat' dir='ltr'>divinus:</span> <span class='ocrx_word' id='word_1_160' title='bbox 836 1638 1108 1689; x_wconf 80' lang='lat' dir='ltr'>„illuminate</span> <span class='ocrx_word' id='word_1_161' title='bbox 1150 1640 1270 1680; x_wconf 70' lang='lat' dir='ltr'>vobis</span> <span class='ocrx_word' id='word_1_162' title='bbox 1297 1642 1340 1696; x_wconf 84' lang='lat'>3)</span> <span class='ocrx_word' id='word_1_163' title='bbox 1392 1642 1535 1683; x_wconf 83' lang='lat' dir='ltr'>lumen</span> 
     </span>
     <span class='ocr_line' id='line_1_21' title="bbox 113 1715 1536 1774; baseline 0.001 -18"><span class='ocrx_word' id='word_1_164' title='bbox 113 1715 351 1757; x_wconf 84' lang='lat' dir='ltr'>scientiae.“</span> <span class='ocrx_word' id='word_1_165' title='bbox 411 1716 499 1758; x_wconf 86' lang='lat' dir='ltr'>Sed</span> <span class='ocrx_word' id='word_1_166' title='bbox 531 1728 572 1756; x_wconf 91' lang='lat' dir='ltr'>et</span> <span class='ocrx_word' id='word_1_167' title='bbox 586 1716 627 1772; x_wconf 78' lang='lat'>⁴)</span> <span class='ocrx_word' id='word_1_168' title='bbox 658 1715 700 1756; x_wconf 87' lang='lat' dir='ltr'>in</span> <span class='ocrx_word' id='word_1_169' title='bbox 732 1716 854 1757; x_wconf 87' lang='lat' dir='ltr'>donis</span> <span class='ocrx_word' id='word_1_170' title='bbox 884 1715 1171 1772; x_wconf 86' lang='lat' dir='ltr'>spiritualibus</span> <span class='ocrx_word' id='word_1_171' title='bbox 1200 1733 1333 1757; x_wconf 88' lang='lat' dir='ltr'>unum</span> <span class='ocrx_word' id='word_1_172' title='bbox 1365 1719 1536 1774; x_wconf 83' lang='lat' dir='ltr'>quidem</span> 
     </span>
     <span class='ocr_line' id='line_1_22' title="bbox 114 1792 1536 1849; baseline 0.002 -15"><span class='ocrx_word' id='word_1_173' title='bbox 114 1794 274 1835; x_wconf 81' lang='lat' dir='ltr'>donum</span> <span class='ocrx_word' id='word_1_174' title='bbox 306 1792 535 1834; x_wconf 82' lang='lat' dir='ltr'>maximum</span> <span class='ocrx_word' id='word_1_175' title='bbox 567 1805 646 1843; x_wconf 86' lang='lat' dir='ltr'>est,</span> <span class='ocrx_word' id='word_1_176' title='bbox 687 1794 803 1849; x_wconf 90' lang='lat' dir='ltr'>quod</span> <span class='ocrx_word' id='word_1_177' title='bbox 844 1809 922 1849; x_wconf 89' lang='lat' dir='ltr'>per</span> <span class='ocrx_word' id='word_1_178' title='bbox 952 1792 1161 1849; x_wconf 89' lang='lat' dir='ltr'>Spiritum</span> <span class='ocrx_word' id='word_1_179' title='bbox 1191 1806 1382 1837; x_wconf 83' lang='lat' dir='ltr'>sanctum</span> <span class='ocrx_word' id='word_1_180' title='bbox 1411 1796 1536 1837; x_wconf 89' lang='lat' dir='ltr'>mini-</span> 
     </span>
     <span class='ocr_line' id='line_1_23' title="bbox 112 1870 1534 1929; baseline 0.001 -16"><span class='ocrx_word' id='word_1_181' title='bbox 112 1883 276 1923; x_wconf 86' lang='lat' dir='ltr'>stratur,</span> <span class='ocrx_word' id='word_1_182' title='bbox 306 1888 443 1914; x_wconf 87' lang='lat' dir='ltr'>sermo</span> <span class='ocrx_word' id='word_1_183' title='bbox 476 1871 694 1924; x_wconf 84' lang='lat' dir='ltr'>scientiae;</span> <span class='ocrx_word' id='word_1_184' title='bbox 726 1870 842 1929; x_wconf 86' lang='lat' dir='ltr'>cujus</span> <span class='ocrx_word' id='word_1_185' title='bbox 873 1870 1069 1913; x_wconf 83' lang='lat' dir='ltr'>scientiae</span> <span class='ocrx_word' id='word_1_186' title='bbox 1102 1887 1206 1927; x_wconf 88' lang='lat' dir='ltr'>opus</span> <span class='ocrx_word' id='word_1_187' title='bbox 1237 1871 1348 1913; x_wconf 87' lang='lat' dir='ltr'>illud</span> <span class='ocrx_word' id='word_1_188' title='bbox 1377 1873 1534 1929; x_wconf 87' lang='lat' dir='ltr'>princi-</span> 
     </span>
     <span class='ocr_line' id='line_1_24' title="bbox 110 1949 1534 2006; baseline 0.001 -15"><span class='ocrx_word' id='word_1_189' title='bbox 110 1951 206 2006; x_wconf 85' lang='lat' dir='ltr'>pale</span> <span class='ocrx_word' id='word_1_190' title='bbox 238 1961 312 2000; x_wconf 88' lang='lat' dir='ltr'>est,</span> <span class='ocrx_word' id='word_1_191' title='bbox 343 1950 458 2006; x_wconf 86' lang='lat' dir='ltr'>quod</span> <span class='ocrx_word' id='word_1_192' title='bbox 488 1949 532 1991; x_wconf 88' lang='lat' dir='ltr'>in</span> <span class='ocrx_word' id='word_1_193' title='bbox 563 1949 780 2002; x_wconf 75' lang='lat' dir='ltr'>evangelio</span> <span class='ocrx_word' id='word_1_194' title='bbox 809 1949 1042 1995; x_wconf 84' lang='lat' dir='ltr'>secundum</span> <span class='ocrx_word' id='word_1_195' title='bbox 1067 1949 1331 1990; x_wconf 77' lang='lat' dir='ltr'>Matthaeum</span> <span class='ocrx_word' id='word_1_196' title='bbox 1361 1950 1534 2005; x_wconf 89' lang='lat' dir='ltr'>quidem</span> 
     </span>
     <span class='ocr_line' id='line_1_25' title="bbox 112 2026 1534 2084; baseline 0.001 -16"><span class='ocrx_word' id='word_1_197' title='bbox 112 2027 170 2068; x_wconf 87' lang='lat' dir='ltr'>ita</span> <span class='ocrx_word' id='word_1_198' title='bbox 213 2027 335 2068; x_wconf 83' lang='lat' dir='ltr'>dicit:</span> <span class='ocrx_word' id='word_1_199' title='bbox 383 2028 605 2083; x_wconf 88' lang='lat' dir='ltr'>„nemo⁵)</span> <span class='ocrx_word' id='word_1_200' title='bbox 638 2027 758 2068; x_wconf 84' lang='lat' dir='ltr'>novit</span> <span class='ocrx_word' id='word_1_201' title='bbox 787 2027 948 2077; x_wconf 85' lang='lat' dir='ltr'>filium,</span> <span class='ocrx_word' id='word_1_202' title='bbox 992 2026 1073 2068; x_wconf 87' lang='lat' dir='ltr'>nisi</span> <span class='ocrx_word' id='word_1_203' title='bbox 1102 2038 1242 2083; x_wconf 83' lang='lat' dir='ltr'>pater3</span> <span class='ocrx_word' id='word_1_204' title='bbox 1292 2043 1430 2083; x_wconf 86' lang='lat' dir='ltr'>neque</span> <span class='ocrx_word' id='word_1_205' title='bbox 1461 2045 1534 2084; x_wconf 82' lang='lat' dir='ltr'>pa-</span> 
     </span>
     <span class='ocr_line' id='line_1_26' title="bbox 109 2104 1533 2161; baseline 0 -14"><span class='ocrx_word' id='word_1_206' title='bbox 109 2116 219 2147; x_wconf 85' lang='lat' dir='ltr'>trem</span> <span class='ocrx_word' id='word_1_207' title='bbox 250 2105 341 2161; x_wconf 85' lang='lat' dir='ltr'>quis</span> <span class='ocrx_word' id='word_1_208' title='bbox 370 2105 502 2155; x_wconf 83' lang='lat' dir='ltr'>novit,</span> <span class='ocrx_word' id='word_1_209' title='bbox 533 2105 612 2146; x_wconf 90' lang='lat' dir='ltr'>nisi</span> <span class='ocrx_word' id='word_1_210' title='bbox 642 2105 775 2156; x_wconf 87' lang='lat' dir='ltr'>filius,</span> <span class='ocrx_word' id='word_1_211' title='bbox 808 2117 850 2146; x_wconf 87' lang='lat' dir='ltr'>et</span> <span class='ocrx_word' id='word_1_212' title='bbox 880 2104 948 2145; x_wconf 87' lang='lat' dir='ltr'>cui</span> <span class='ocrx_word' id='word_1_213' title='bbox 967 2104 1150 2145; x_wconf 81' lang='lat' dir='ltr'>voluerit</span> <span class='ocrx_word' id='word_1_214' title='bbox 1171 2104 1282 2151; x_wconf 86' lang='lat' dir='ltr'>filius</span> <span class='ocrx_word' id='word_1_215' title='bbox 1302 2105 1533 2147; x_wconf 76' lang='lat' dir='ltr'>revelare.“</span> 
     </span>
     <span class='ocr_line' id='line_1_27' title="bbox 111 2180 1533 2239; baseline 0 -15"><span class='ocrx_word' id='word_1_216' title='bbox 111 2183 160 2224; x_wconf 87' lang='lat' dir='ltr'>In</span> <span class='ocrx_word' id='word_1_217' title='bbox 188 2183 301 2227; x_wconf 77' lang='lat' dir='ltr'>Luca</span> <span class='ocrx_word' id='word_1_218' title='bbox 332 2195 471 2226; x_wconf 86' lang='lat' dir='ltr'>autem</span> <span class='ocrx_word' id='word_1_219' title='bbox 500 2184 559 2225; x_wconf 86' lang='lat' dir='ltr'>ita</span> <span class='ocrx_word' id='word_1_220' title='bbox 588 2184 664 2226; x_wconf 88' lang='lat' dir='ltr'>ait:</span> <span class='ocrx_word' id='word_1_221' title='bbox 696 2200 857 2235; x_wconf 87' lang='lat' dir='ltr'>„nemo</span> <span class='ocrx_word' id='word_1_222' title='bbox 876 2183 917 2239; x_wconf 64' lang='grc' dir='ltr'>ᾖ)</span> <span class='ocrx_word' id='word_1_223' title='bbox 948 2182 1046 2232; x_wconf 82' lang='lat' dir='ltr'>scit,</span> <span class='ocrx_word' id='word_1_224' title='bbox 1077 2180 1178 2237; x_wconf 85' lang='lat' dir='ltr'>quid</span> <span class='ocrx_word' id='word_1_225' title='bbox 1207 2181 1259 2222; x_wconf 89' lang='lat' dir='ltr'>sit</span> <span class='ocrx_word' id='word_1_226' title='bbox 1290 2181 1423 2233; x_wconf 83' lang='lat' dir='ltr'>filius,</span> <span class='ocrx_word' id='word_1_227' title='bbox 1452 2183 1533 2224; x_wconf 88' lang='lat' dir='ltr'>nisi</span> 
     </span>
     <span class='ocr_line' id='line_1_28' title="bbox 110 2258 1530 2318; baseline 0.001 -19"><span class='ocrx_word' id='word_1_228' title='bbox 110 2270 252 2315; x_wconf 85' lang='lat' dir='ltr'>pater:</span> <span class='ocrx_word' id='word_1_229' title='bbox 284 2271 326 2300; x_wconf 87' lang='lat' dir='ltr'>et</span> <span class='ocrx_word' id='word_1_230' title='bbox 355 2276 480 2302; x_wconf 86' lang='lat' dir='ltr'>nemo</span> <span class='ocrx_word' id='word_1_231' title='bbox 512 2262 612 2313; x_wconf 90' lang='lat' dir='ltr'>scit,</span> <span class='ocrx_word' id='word_1_232' title='bbox 644 2261 746 2318; x_wconf 87' lang='lat' dir='ltr'>quid</span> <span class='ocrx_word' id='word_1_233' title='bbox 776 2262 828 2302; x_wconf 89' lang='lat' dir='ltr'>sit</span> <span class='ocrx_word' id='word_1_234' title='bbox 857 2271 989 2316; x_wconf 77' lang='lat' dir='ltr'>pater,</span> <span class='ocrx_word' id='word_1_235' title='bbox 1021 2258 1103 2299; x_wconf 86' lang='lat' dir='ltr'>nisi</span> <span class='ocrx_word' id='word_1_236' title='bbox 1131 2258 1257 2309; x_wconf 85' lang='lat' dir='ltr'>filius,</span> <span class='ocrx_word' id='word_1_237' title='bbox 1290 2271 1332 2300; x_wconf 84' lang='lat' dir='ltr'>et</span> <span class='ocrx_word' id='word_1_238' title='bbox 1364 2260 1430 2300; x_wconf 87' lang='lat' dir='ltr'>cui</span> <span class='ocrx_word' id='word_1_239' title='bbox 1457 2277 1530 2301; x_wconf 85' lang='lat' dir='ltr'>vo-</span> 
     </span>
     <span class='ocr_line' id='line_1_29' title="bbox 112 2335 1530 2381; baseline 0.003 -6"><span class='ocrx_word' id='word_1_240' title='bbox 112 2335 238 2376; x_wconf 89' lang='lat' dir='ltr'>luerit</span> <span class='ocrx_word' id='word_1_241' title='bbox 266 2335 378 2378; x_wconf 82' lang='lat' dir='ltr'>filius</span> <span class='ocrx_word' id='word_1_242' title='bbox 408 2339 607 2381; x_wconf 85' lang='lat' dir='ltr'>revelare.</span> <span class='ocrx_word' id='word_1_243' title='bbox 622 2345 646 2364; x_wconf 91' lang='lat'><strong>“</strong></span> <span class='ocrx_word' id='word_1_244' title='bbox 706 2339 949 2381; x_wconf 86' lang='lat' dir='ltr'>Secundum</span> <span class='ocrx_word' id='word_1_245' title='bbox 970 2337 1179 2378; x_wconf 84' lang='lat' dir='ltr'>Joannem</span> <span class='ocrx_word' id='word_1_246' title='bbox 1211 2353 1312 2377; x_wconf 85' lang='lat' dir='ltr'>vero</span> <span class='ocrx_word' id='word_1_247' title='bbox 1344 2337 1400 2379; x_wconf 88' lang='lat' dir='ltr'>ita</span> <span class='ocrx_word' id='word_1_248' title='bbox 1430 2338 1530 2379; x_wconf 83' lang='lat' dir='ltr'>scri-</span> 
     </span>
    </p>
   </div>
   <div class='ocr_carea' id='block_1_3' title="bbox 110 2416 1530 2472">
    <p class='ocr_par' dir='ltr' id='par_1_3' title="bbox 110 2416 1530 2472">
     <span class='ocr_line' id='line_1_30' title="bbox 110 2416 1530 2472; baseline 0.003 -19"><span class='ocrx_word' id='word_1_249' title='bbox 110 2423 232 2467; x_wconf 86' lang='lat' dir='ltr'>ptum</span> <span class='ocrx_word' id='word_1_250' title='bbox 265 2423 346 2454; x_wconf 87' lang='lat' dir='ltr'>est:</span> <span class='ocrx_word' id='word_1_251' title='bbox 395 2416 596 2472; x_wconf 84' lang='lat' dir='ltr'>„sicut⁷)</span> <span class='ocrx_word' id='word_1_252' title='bbox 629 2416 814 2470; x_wconf 80' lang='lat' dir='ltr'>agnoscit</span> <span class='ocrx_word' id='word_1_253' title='bbox 853 2432 921 2457; x_wconf 90' lang='lat' dir='ltr'>me</span> <span class='ocrx_word' id='word_1_254' title='bbox 960 2425 1104 2472; x_wconf 76' lang='lat' dir='ltr'>pater,</span> <span class='ocrx_word' id='word_1_255' title='bbox 1149 2425 1189 2454; x_wconf 90' lang='lat' dir='ltr'>et</span> <span class='ocrx_word' id='word_1_256' title='bbox 1231 2420 1307 2466; x_wconf 80' lang='lat' dir='ltr'>ego</span> <span class='ocrx_word' id='word_1_257' title='bbox 1349 2431 1530 2468; x_wconf 82' lang='lat' dir='ltr'>agnosco</span> 
     </span>
    </p>
   </div>
   <div class='ocr_carea' id='block_1_4' title="bbox 228 2604 1529 2938">
    <p class='ocr_par' dir='ltr' id='par_1_4' title="bbox 228 2604 1529 2800">
     <span class='ocr_line' id='line_1_31' title="bbox 231 2604 1487 2661; baseline -0.001 -14"><span class='ocrx_word' id='word_1_258' title='bbox 231 2604 273 2661; x_wconf 85' lang='lat'>¹)</span> <span class='ocrx_word' id='word_1_259' title='bbox 300 2605 435 2647; x_wconf 87' lang='lat' dir='ltr'>Deest</span> <span class='ocrx_word' id='word_1_260' title='bbox 463 2604 694 2656; x_wconf 86' lang='lat' dir='ltr'>,‚scilicet“</span> <span class='ocrx_word' id='word_1_261' title='bbox 726 2605 769 2646; x_wconf 88' lang='lat' dir='ltr'>in</span> <span class='ocrx_word' id='word_1_262' title='bbox 800 2606 863 2646; x_wconf 84' lang='lat' dir='ltr'>ed.</span> <span class='ocrx_word' id='word_1_263' title='bbox 894 2604 1042 2647; x_wconf 82' lang='lat' dir='ltr'>Ruaei.</span> <span class='ocrx_word' id='word_1_264' title='bbox 1481 2656 1487 2660; x_wconf 87' lang='lat'><em>.</em></span> 
     </span>
     <span class='ocr_line' id='line_1_32' title="bbox 228 2671 1529 2732; baseline 0.001 -17"><span class='ocrx_word' id='word_1_265' title='bbox 228 2673 272 2730; x_wconf 82' lang='lat'>²)</span> <span class='ocrx_word' id='word_1_266' title='bbox 301 2674 410 2716; x_wconf 87' lang='lat' dir='ltr'><strong>Edd.</strong></span> <span class='ocrx_word' id='word_1_267' title='bbox 441 2675 502 2717; x_wconf 84' lang='lat' dir='ltr'>M.</span> <span class='ocrx_word' id='word_1_268' title='bbox 534 2708 559 2727; x_wconf 84' lang='lat'>,‚</span> <span class='ocrx_word' id='word_1_269' title='bbox 574 2675 831 2717; x_wconf 83' lang='lat' dir='ltr'>custodierit.</span> <span class='ocrx_word' id='word_1_270' title='bbox 848 2682 871 2700; x_wconf 90' lang='lat'>“</span> <span class='ocrx_word' id='word_1_271' title='bbox 1009 2675 1052 2732; x_wconf 84' lang='lat'>³)</span> <span class='ocrx_word' id='word_1_272' title='bbox 1081 2672 1190 2715; x_wconf 79' lang='lat' dir='ltr'><strong>Edd.</strong></span> <span class='ocrx_word' id='word_1_273' title='bbox 1222 2671 1282 2714; x_wconf 85' lang='lat' dir='ltr'>M.</span> <span class='ocrx_word' id='word_1_274' title='bbox 1315 2673 1529 2726; x_wconf 83' lang='lat' dir='ltr'>,‚n0bis.“</span> 
     </span>
     <span class='ocr_line' id='line_1_33' title="bbox 228 2744 869 2800; baseline 0.005 -16"><span class='ocrx_word' id='word_1_275' title='bbox 228 2745 271 2800; x_wconf 73' lang='lat'>⁴)</span> <span class='ocrx_word' id='word_1_276' title='bbox 301 2744 434 2785; x_wconf 88' lang='lat' dir='ltr'>Deest</span> <span class='ocrx_word' id='word_1_277' title='bbox 464 2752 577 2796; x_wconf 87' lang='lat' dir='ltr'>„et“</span> <span class='ocrx_word' id='word_1_278' title='bbox 608 2746 652 2786; x_wconf 90' lang='lat' dir='ltr'>in</span> <span class='ocrx_word' id='word_1_279' title='bbox 683 2746 776 2787; x_wconf 83' lang='lat' dir='ltr'>edd.</span> <span class='ocrx_word' id='word_1_280' title='bbox 808 2746 869 2787; x_wconf 87' lang='grc' dir='ltr'>Μ.</span> 
     </span>
    </p>

    <p class='ocr_par' dir='ltr' id='par_1_5' title="bbox 229 2814 1133 2871">
     <span class='ocr_line' id='line_1_34' title="bbox 229 2814 1133 2871; baseline 0.002 -16"><span class='ocrx_word' id='word_1_281' title='bbox 229 2816 275 2867; x_wconf 72' lang='lat'>⁵)</span> <span class='ocrx_word' id='word_1_282' title='bbox 303 2814 451 2856; x_wconf 81' lang='lat' dir='ltr'>Matth.</span> <span class='ocrx_word' id='word_1_283' title='bbox 484 2815 560 2866; x_wconf 80' lang='lat' dir='ltr'>XI,</span> <span class='ocrx_word' id='word_1_284' title='bbox 589 2815 657 2859; x_wconf 82' lang='lat'>27.</span> <span class='ocrx_word' id='word_1_285' title='bbox 777 2815 818 2871; x_wconf 71' lang='grc' dir='ltr'>ὅ)</span> <span class='ocrx_word' id='word_1_286' title='bbox 850 2815 950 2855; x_wconf 82' lang='lat' dir='ltr'>Luc.</span> <span class='ocrx_word' id='word_1_287' title='bbox 981 2814 1035 2865; x_wconf 91' lang='lat' dir='ltr'>X,</span> <span class='ocrx_word' id='word_1_288' title='bbox 1066 2814 1133 2857; x_wconf 79' lang='lat'>22.</span> 
     </span>
    </p>

    <p class='ocr_par' dir='ltr' id='par_1_6' title="bbox 228 2884 1459 2938">
     <span class='ocr_line' id='line_1_35' title="bbox 228 2884 1459 2938; baseline 0.001 -13"><span class='ocrx_word' id='word_1_289' title='bbox 228 2884 268 2938; x_wconf 84' lang='lat'>⁷)</span> <span class='ocrx_word' id='word_1_290' title='bbox 301 2884 377 2926; x_wconf 71' lang='grc' dir='ltr'>Εν.</span> <span class='ocrx_word' id='word_1_291' title='bbox 407 2885 555 2926; x_wconf 85' lang='lat' dir='ltr'>Joann.</span> <span class='ocrx_word' id='word_1_292' title='bbox 586 2887 640 2938; x_wconf 88' lang='lat' dir='ltr'>X,</span> <span class='ocrx_word' id='word_1_293' title='bbox 673 2887 737 2929; x_wconf 81' lang='lat'>15.</span> <span class='ocrx_word' id='word_1_294' title='bbox 777 2911 821 2918; x_wconf 84' lang='lat'>-</span> <span class='ocrx_word' id='word_1_295' title='bbox 855 2884 985 2926; x_wconf 85' lang='lat' dir='ltr'>Deest</span> <span class='ocrx_word' id='word_1_296' title='bbox 1020 2890 1167 2936; x_wconf 84' lang='lat' dir='ltr'>,‚ego“</span> <span class='ocrx_word' id='word_1_297' title='bbox 1199 2884 1241 2925; x_wconf 88' lang='lat' dir='ltr'>in</span> <span class='ocrx_word' id='word_1_298' title='bbox 1273 2884 1366 2926; x_wconf 86' lang='lat' dir='ltr'>edd.</span> <span class='ocrx_word' id='word_1_299' title='bbox 1399 2886 1459 2927; x_wconf 85' lang='lat' dir='ltr'>M.</span> 
     </span>
    </p>
   </div>
   <div class='ocr_carea' id='block_1_5' title="bbox 1139 2961 1224 3003">
    <p class='ocr_par' dir='ltr' id='par_1_7' title="bbox 1139 2961 1224 3003">
     <span class='ocr_line' id='line_1_36' title="bbox 1139 2961 1224 3003; baseline 0 0"><span class='ocrx_word' id='word_1_300' title='bbox 1139 2961 1224 3003; x_wconf 71' lang='lat'>26*</span> 
     </span>
    </p>
   </div>
  </div>
 </body>
</html>
