1759 3134
676 161 874 202 HommA
906 161 976 200 VI.
1477 159 1530 204 89

113 282 196 311 tate
226 273 266 327 ¹)
297 272 456 313 animae
487 284 581 313 tuae
612 273 656 312 in
690 288 771 328 qua
804 272 871 311 die
900 282 994 311 nata
1026 276 1108 310 esst
1151 272 1349 312 Potestne
1380 271 1530 328 aliquis

113 348 154 388 in
188 350 333 389 eadem
364 350 455 399 dic,
496 366 575 406 qua
605 361 722 390 natus
757 360 838 397 est,
880 348 1031 388 habere
1061 348 1223 389 animae
1252 349 1531 404 pravitatem?

113 425 326 466 Describit
370 427 581 481 passiones
618 438 800 475 nostras,
840 437 887 466 et
926 425 1024 465 vitia
1061 425 1260 475 humana,
1307 438 1347 467 et
1386 427 1528 468 solitas

114 503 351 556 pravitates.
411 504 619 544 Pravitate
659 503 769 543 enim
807 514 970 550 nostra,
1007 501 1041 542 si
1079 518 1166 541 non
1203 514 1364 543 rectum
1402 504 1530 544 fuerit

114 594 206 627 cor,
246 578 496 636 projicimur
533 580 576 620 in
617 596 810 634 campum
849 579 893 619 in
930 579 1023 628 die,
1065 594 1146 634 qua
1182 578 1406 620 nascimur.
1481 580 1527 622 Si

114 666 210 709 post
238 657 599 707 regenerationem
628 656 802 703 lavacri,
843 656 877 696 si
915 667 1014 711 post
1051 672 1290 696 sermonem
1318 656 1404 696 Dei
1439 674 1529 696 rur-

114 747 205 771 sum
235 734 560 787 peccaverimUS,
590 735 632 774 iu
663 734 744 783 die,
777 750 858 789 qua
886 733 1108 783 nascimur,
1137 732 1398 790 projicimur.
1448 733 1529 774 Ta-

112 808 172 848 les
201 810 439 865 saepissime
468 811 734 866 reperiuntur
774 810 899 850 lavati
929 811 1093 851 lavacro
1125 811 1331 850 secundae
1359 826 1531 863 regene-

112 886 304 935 rationis,
337 899 378 927 et
406 904 492 928 non
521 887 718 927 facientes
751 887 897 939 dignos
928 888 1087 927 fructus
1117 887 1427 941 poenitentiae,
1456 904 1529 928 ne·-

114 972 194 1018 'que
237 964 508 1004 exhilarantes
548 965 794 1022 mysterium
832 964 1031 1020 baptismi
1073 963 1229 1003 timore
1272 963 1432 1020 majore
1477 965 1528 1004 ab

114 1055 178 1089 eo,
211 1057 349 1095 quem,
381 1043 481 1082 dum
512 1041 799 1082 catechumeni
832 1054 978 1091 essent,
1008 1041 1255 1091 habuerunt,
1287 1052 1328 1081 et
1360 1041 1528 1082 caritate

116 1117 313 1172 ampliori
343 1120 394 1159 ab
425 1134 491 1169 ea,
525 1135 649 1174 quam
680 1129 965 1167 exercuerunt,
998 1118 1098 1157 dum
1130 1117 1343 1159 auditores
1372 1135 1530 1159 sermo-

111 1194 174 1234 nis
216 1207 370 1245 essent,
418 1207 458 1236 et
493 1196 768 1236 sanctioribus
807 1194 950 1246 gestis,
997 1210 1122 1250 quam
1165 1206 1260 1235 ante
1304 1207 1528 1247 gesserunt.

112 1270 313 1325 Sequitur
348 1271 586 1312 istiusmodi
623 1271 814 1312 homines
854 1272 958 1320 hoc,
1012 1271 1128 1326 quod
1170 1271 1344 1314 dicitur:
1392 1288 1530 1327 „pro-

108 1346 217 1404 jecta
242 1348 284 1404 2)
317 1365 358 1388 es
387 1348 430 1388 in
459 1349 611 1389 faciem
642 1349 779 1404 campi
812 1348 1017 1404 pravitate
1049 1348 1209 1388 animae
1239 1359 1334 1388 tuae
1372 1348 1417 1388 in
1447 1349 1528 1399 die,

112 1440 191 1479 qua
219 1436 313 1465 nata
344 1431 428 1465 es.“
486 1425 572 1466 Sed
603 1425 698 1465 vide
727 1424 1062 1465 misericordiam
1090 1424 1189 1473 Dei,
1219 1424 1316 1464 vide
1348 1425 1530 1465 clemen-

107 1499 208 1540 tiam
238 1500 500 1553 singularem.
559 1501 678 1542 Licet
715 1500 906 1558 projecta
947 1502 999 1542 sit
1030 1501 1267 1541 Jerusalem
1303 1500 1348 1541 in
1375 1501 1529 1542 faciem

114 1577 263 1632 campi,
294 1594 380 1617 non
409 1578 467 1618 ita
498 1594 589 1618 eam
621 1577 821 1634 despicit,
851 1590 898 1619 ut
926 1577 1117 1636 projecta
1145 1578 1198 1618 sit
1227 1594 1414 1633 semper,
1442 1595 1530 1619 non

110 1653 167 1694 ita
196 1654 391 1709 pravitati
419 1672 516 1695 suae
546 1655 770 1711 relinquit,
804 1667 850 1695 ut
880 1655 923 1695 in
951 1666 1092 1695 totum
1125 1654 1212 1711 ejus
1244 1654 1528 1705 obliviscatur,

109 1742 155 1770 ut
195 1747 280 1771 non
320 1732 432 1772 ultra
473 1733 609 1772 elevet
650 1731 868 1787 jacentem.
941 1732 1125 1771 Attende
1171 1730 1272 1785 quid
1317 1730 1529 1786 sequitur:

112 1808 194 1857 „Et
215 1808 257 1862 ³)
286 1808 459 1848 transivi
487 1825 564 1864 per
593 1814 676 1850 te.“
734 1808 931 1865 Proiecta
967 1824 1031 1857 es,
1071 1824 1146 1860 ego
1184 1819 1327 1848 tamen
1363 1824 1528 1848 rursum

72 1928 74 1931 .
113 1884 207 1925 veni
239 1886 291 1925 ad
320 1888 389 1924 tet'
412 1884 592 1924 visitatio
623 1901 716 1924 mea
745 1901 832 1924 non
861 1884 941 1924 tibi
972 1885 1108 1925 defuit
1135 1896 1234 1940 post
1262 1884 1439 1925 ruinam.

223 1960 262 2004 S.
294 1962 376 2011 „Et
393 1961 434 2016 4)
467 1961 553 2001 vidi
582 1972 623 2002 te
651 1977 918 2017 conspersam
942 1961 984 2001 in
1010 1961 1205 2013 sanguine
1230 1966 1349 2000 tu0.“
1396 1960 1528 2014 Quasi

113 2039 244 2080 dicat:
275 2039 362 2080 vidi
392 2050 433 2079 te
461 2055 577 2079 ream
605 2038 948 2088 homicidiorum,
978 2054 1092 2079 ream
1121 2037 1327 2090 sanguinis
1352 2049 1393 2078 et
1414 2055 1530 2079 mor-

112 2117 262 2157 talium
304 2128 589 2171 peccatorum.
663 2116 753 2167 „Et
777 2116 819 2170 ⁵)
860 2116 944 2156 dixi
983 2116 1079 2156 tibi:
1127 2117 1179 2156 de
1215 2114 1412 2167 sanguine
1452 2127 1528 2155 tuo

113 2193 197 2234 vita
234 2193 479 2249 adimplere.
556 2195 688 2246 Surge
736 2195 788 2234 de
827 2193 1022 2246 sanguine
1068 2205 1166 2242 tuo,
1213 2204 1254 2233 et
1296 2192 1529 2248 adimplere

114 2271 210 2311 vita.
270 2272 388 2313 Sicut
419 2283 533 2311 ortus
565 2270 651 2323 agri
683 2271 781 2312 dedi
810 2277 892 2312 te.“
950 2271 1150 2312 Misertus
1180 2287 1272 2310 sum
1301 2270 1384 2320 tui,
1413 2282 1529 2325 post-

115 2363 238 2402 quam
266 2347 455 2404 projecta
486 2365 548 2398 es,
587 2348 674 2388 vidi
711 2360 752 2388 te
791 2347 986 2400 sanguine
1026 2347 1293 2403 peccatisque
1333 2362 1527 2402 consper-

114 2440 222 2472 sam,
263 2425 386 2464 effeci
409 2425 451 2481 ὃ)
490 2436 531 2465 te
571 2425 677 2465 sicut
717 2437 831 2466 ortus
851 2425 892 2481 7)
933 2437 994 2466 est
1028 2425 1134 2477 agri,
1180 2437 1221 2465 et
1250 2424 1529 2481 multiplicata

235 2592 273 2645 ¹)
306 2591 455 2632 Ezech.
486 2593 601 2642 XVI,
631 2593 670 2636 5.
788 2593 830 2648 ²)
860 2593 1011 2634 Ezech.
1042 2593 1158 2642 XVI,
1188 2593 1225 2634 5.

231 2661 273 2716 3)
304 2662 453 2703 Ezech.
483 2662 599 2712 XVI,
629 2662 666 2704 6.
787 2662 829 2717 ⁴)
861 2663 1012 2704 Ezech.
1043 2664 1158 2711 XVI,
1189 2660 1226 2704 6.

234 2731 276 2784 5)
310 2731 395 2772 Cfr.
425 2731 575 2772 Ezech.
608 2733 723 2783 XVI,
753 2733 791 2776 6.
827 2733 863 2775 7.

233 2802 275 2856 6)
306 2802 383 2842 Ed.
415 2800 548 2842 Ruaei
580 2802 688 2842 sola:
722 2802 833 2843 effici
861 2815 902 2844 te
936 2815 1010 2844 ctc.

239 2872 278 2926 7)
308 2872 415 2913 Edd.
447 2871 637 2913 Merliui:
670 2873 825 2913 hortus.
