1759 3134
244 134 329 179 248
541 133 761 177 onffims
791 147 835 176 m
869 135 1050 177 CANTm.
1085 134 1386 178 Cmnconum

250 261 364 298 tum,
402 250 532 289 laetae
566 248 813 289 concinunt:
848 248 1182 297 „exsultabimus
1209 250 1251 303 Ἰ)
1282 261 1323 290 et
1355 249 1603 290 laetabimur
1631 251 1673 292 in

250 333 333 367 te.“
391 326 477 367 Pro
520 341 696 381 sponsae
739 327 1002 381 perfectione
1037 326 1257 366 laetantur.
1317 328 1412 367 Non
1446 339 1506 366 est
1535 343 1675 367 aemu-

252 403 354 444 latio
395 403 437 443 in
477 402 712 444 virtutibus.
775 405 909 444 Amor
949 404 1023 444 iste
1068 405 1272 452 mundus,
1315 420 1434 444 amor
1472 404 1548 444 iste
1587 405 1673 445 siue

251 480 355 520 vitio
390 491 462 521 est.
522 480 869 530 „Exsultabimus
894 484 937 536 ²)
973 494 1013 521 et
1046 481 1297 521 laetabimur
1328 481 1369 521 in
1402 493 1453 522 te.
1513 481 1675 535 Dilige-

252 573 344 598 mus
374 559 503 598 ubera
534 564 645 599 tua.“
705 559 806 607 Illa,
839 576 944 615 quae
976 559 1111 616 major
1143 571 1224 607 est,
1258 557 1340 615 jam
1371 570 1541 599 tuorum
1574 560 1675 599 ubc-

251 651 345 674 rum
376 634 483 675 lacte
515 635 768 691 perfruitur,
809 649 846 676 et
891 637 1079 693 loquitur
1102 639 1144 691 ³)
1185 636 1417 679 exsultansx
1459 637 1607 685 „bona
1631 637 1674 692 ⁴)

249 713 379 752 ubera
404 724 475 752 tua
505 729 632 769 super
662 712 847 754 vinum.“
910 715 1015 755 Istae
1049 730 1173 763 vero,
1216 730 1320 769 quae
1353 714 1673 754 exsultationem

251 801 292 829 rt
322 790 524 830 laetitiam
556 792 764 840 deferunt,
797 791 1136 833 adolescentulae
1156 792 1313 847 quippe
1339 803 1446 839 sunt,
1480 791 1673 831 (leserunt

252 866 489 917 caritatem,
529 880 569 908 et
611 868 774 909 dicunt:
818 869 1153 919 „exsultabimus
1180 870 1221 923 ⁵)
1265 880 1306 908 et
1345 869 1594 908 laetabimur
1636 869 1675 908 in

250 956 302 984 te.
362 944 602 997 Diligemus
632 948 760 987 ubera
794 958 864 986 tua
906 963 1033 1002 super
1064 946 1255 988 vinun1.“
1315 946 1576 999 Diligemus,
1615 946 1677 986 in-

251 1020 421 1076 quiunt,
461 1038 546 1063 non
587 1023 811 1075 diligimus.
887 1024 1055 1064 DeInde
1096 1025 1330 1080 loquuntur
1367 1025 1416 1064 ad
1458 1040 1672 1079 sponsam:

249 1098 474 1153 „aequitas
498 1098 542 1153 6>
582 1100 729 1140 dilexit
767 1108 858 1141 te.“
917 1102 1107 1141 Laudant
1147 1118 1366 1156 sponsam,
1410 1117 1566 1141 nomen
1608 1101 1674 1141 illi

250 1175 469 1230 aequitatis
500 1192 521 1216 a
551 1176 739 1231 propriis
769 1177 994 1218 virtutibus
1034 1178 1312 1233 imponentes.
1375 1178 1609 1233 „Aequitas
1635 1179 1677 1234 7)

252 1250 399 1292 dilexit
429 1258 513 1293 te.“

362 1328 400 1371 6.
458 1330 642 1370 Rursum
669 1332 720 1371 ad
752 1332 1088 1373 adolescentulas
1119 1349 1271 1388 sponsa
1303 1334 1554 1389 respondet:
1588 1335 1676 1384 „ni-

251 1422 318 1458 gra
348 1406 393 1462 ε’)
423 1424 515 1448 sum
548 1420 589 1448 et
623 1408 837 1463 speciosa,
868 1409 980 1450 filiae
1012 1409 1303 1460 Hierusalem¹
1332 1423 1379 1450 ut
1410 1412 1676 1452 tabernacula

252 1483 400 1534 cedar,
429 1497 475 1525 ut
506 1485 642 1540 pelles
669 1485 923 1527 Salomonis.
985 1488 1047 1528 Ne
1080 1486 1327 1527 intueamini
1357 1505 1439 1537 me,
1472 1488 1569 1544 quia
1601 1505 1676 1541 ego

249 1578 342 1601 sum
373 1562 598 1614 denigrata,
630 1564 827 1619 quoniam
861 1563 1051 1620 despexit
1090 1581 1157 1604 me
1188 1565 1295 1606 sol.“
1354 1566 1557 1621 Speciosa
1588 1567 1679 1622 qui-

251 1639 346 1678 dem
394 1650 475 1689 est,
525 1651 565 1681 et
610 1657 835 1695 possumus
880 1641 1091 1692 invenire,
1138 1643 1356 1697 quomodo
1396 1643 1587 1698 speciosa
1625 1644 1677 1684 sit

249 1733 424 1772 sponsa3
471 1718 710 1773 quaerimus
754 1730 918 1768 autem,
959 1721 1178 1776 quomodo
1220 1720 1335 1772 nigra
1376 1731 1416 1761 et
1453 1720 1541 1761 sine
1584 1737 1678 1762 can-

250 1794 352 1835 dore
384 1794 438 1835 sit
466 1795 655 1850 pulchra.
715 1795 1032 1837 poenitentiam
1076 1796 1158 1849 egit
1190 1814 1212 1838 a
1242 1797 1449 1853 peccatis,
1491 1798 1678 1854 speciem

252 1871 288 1911 ei
320 1872 467 1924 largita
502 1885 564 1914 est
593 1873 813 1914 conversio
832 1873 887 1929 ⁹),
920 1886 961 1915 et
991 1873 1089 1914 ideo
1110 1874 1300 1930 speciosa
1319 1887 1519 1917 cantatur.
1567 1875 1679 1931 Quia

250 1966 351 1990 vero
383 1951 567 1992 necdum
599 1951 788 1992 omnium
819 1963 1093 2007 peccatorum
1126 1953 1251 1992 sorde
1276 1964 1463 2008 purgata,
1495 1954 1677 1994 necdum

249 2027 339 2068 lota
371 2040 429 2068 est
460 2028 502 2069 in
533 2029 690 2078 salute,
727 2029 844 2081 nigra
875 2029 1049 2079 dicitur,
1088 2030 1161 2070 sed
1200 2030 1243 2070 in
1284 2042 1374 2071 atro
1415 2031 1559 2071 colore
1591 2047 1676 2072 non

250 2117 480 2160 permanet.
541 2106 614 2146 Fit
639 2105 709 2161 ¹⁰)
742 2105 884 2161 itaque
918 2106 1108 2155 candida,
1140 2108 1307 2162 quando
1337 2107 1404 2162 Η)
1435 2107 1487 2147 ad
1518 2106 1676 2164 majora

253 2182 485 2235 consurgit,
527 2189 569 2223 'et
609 2200 704 2223 cum
745 2184 796 2223 ab
834 2183 1065 2223 humilibus
1105 2183 1253 2239 incipit
1285 2185 1335 2224 ad
1366 2184 1447 2225 alta
1480 2201 1678 2225 conscen-

372 2401 411 2453 ')
444 2401 603 2442 Cantic.
635 2402 667 2450 l,
699 2401 737 2443 4.
860 2402 901 2457 2)
935 2402 1094 2442 Cantic.
1126 2402 1158 2450 I,
1191 2402 1226 2443 4.

370 2471 411 2522 ³)
443 2470 553 2511 Edd.
590 2471 785 2512 Merlini:
818 2472 1018 2527 sequitur.

368 2539 411 2595 ⁴)
443 2541 600 2582 Cantic.
632 2542 665 2591 I,
698 2541 737 2585 3.
839 2543 883 2596 ⁵)
916 2542 1073 2585 Cantic.
1107 2544 1140 2592 I,
1173 2543 1208 2585 4.
1312 2543 1353 2596 ⁶)
1382 2543 1539 2584 Cantic.
1575 2544 1604 2592 I,
1638 2544 1671 2584 4.

374 2611 411 2667 7)
445 2611 603 2652 Cantic.
635 2611 666 2660 I,
697 2612 736 2654 4.
857 2613 900 2669 ⁸)
934 2613 1091 2654 Cantic.
1126 2615 1158 2663 l,
1196 2613 1232 2656 5.
1265 2613 1301 2655 6.

369 2681 413 2736 9)
444 2681 555 2722 Edd.
587 2682 780 2723 'Merliniz
815 2684 1087 2725 conversatio.

345 2751 414 2806 ¹⁰)
443 2752 578 2794 Deest.
608 2752 749 2803 ‚,Fit“
774 2751 822 2793 'in
857 2754 919 2794 ed.
951 2754 1001 2797 R.

349 2823 420 2878 ¹¹)
446 2823 555 2864 Edd.
594 2822 790 2865 „Merliniz
842 2841 935 2864 cum
977 2826 1026 2865 ad
1067 2824 1222 2883 majora
1268 2825 1498 2877 consurgit,
1549 2836 1583 2864 et
1624 2826 1673 2865 ab

255 2879 484 2920 humilibus
517 2892 591 2920 etc.
