1759 3134
232 109 287 153 64
635 109 852 151 Oxum-:ms
882 122 927 151 m
956 109 1254 150 Ezncfflssmm

230 223 442 264 malorum
480 236 653 261 suorum
694 220 867 270 doloro,
909 233 947 262 et
977 220 1253 262 nihilominus
1284 221 1324 261 in
1355 221 1455 276 ipsis
1484 224 1646 279 suppli-

232 301 305 342 ciis
335 298 542 352 glorificat
568 296 825 347 Dominum,
857 298 926 354 qui
957 309 1098 354 potest
1127 299 1383 354 respondere
1416 299 1575 350 divina,
1607 314 1645 342 et

230 378 339 419 inter
367 375 571 417 cruciatus
600 375 894 431 propheticam
926 393 1074 416 vocem
1108 376 1314 426 emittere,
1347 376 1513 431 qualem
1546 377 1648 418 emi-

229 454 281 494 sit
321 455 427 504 Job,
464 452 651 493 imitator
690 463 749 492 est
786 453 883 493 Job,
958 454 1095 509 Atque
1138 453 1193 493 ita
1239 452 1281 492 in
1318 452 1426 494 hunc
1467 455 1644 494 modum

231 542 272 571 et
307 532 424 581 Noe,
464 542 505 571 et
541 529 717 578 Daniel,
760 541 799 569 ct
835 530 919 570 Job
959 530 1002 570 in
1043 531 1194 571 eodem
1236 543 1413 585 possunt
1452 543 1646 587 tempore

227 607 415 664 reperiri.

338 685 377 727 5.
438 683 549 738 Quia
587 696 726 725 autem
765 700 876 724 nunc
914 684 1111 724 Ezechiel
1151 701 1236 724 non
1278 685 1328 724 de
1372 684 1435 724 his
1483 684 1647 734 dixerit,

227 778 331 817 quos
361 761 401 802 in
424 761 650 817 Scripturis
681 761 931 811 lectitamus,
962 761 1161 802 videlicet
1191 778 1295 817 quos
1322 774 1391 802 aut
1415 761 1646 811 translatio,

226 849 296 879 aut
339 854 452 878 mors
495 839 546 878 de
577 838 785 893 praesenti
817 838 899 878 vita
929 838 1216 888 substraxerit,
1259 839 1310 878 de
1351 839 1433 879 alio
1477 854 1645 894 quoque

225 916 324 956 loco
355 915 590 970 approbare
623 915 881 956 conabimur.
939 915 1114 965 Daniel,
1158 914 1227 971 qui
1269 916 1443 956 traditus
1484 927 1544 956 est
1576 932 1646 955 eu-

223 993 460 1033 nuchorum
488 992 671 1048 principi
703 1010 798 1033 cum
814 993 987 1043 Anania,
1018 993 1179 1042 Azaria,
1210 992 1400 1042 Elisae'le,
1434 993 1646 1033 eunuchus

223 1070 316 1119 fuit,
349 1081 389 1110 et
420 1080 480 1109 est
509 1068 551 1109 in
581 1069 789 1124 praesenti
809 1071 848 1125 ¹)
882 1069 1059 1110 dictum:
1092 1072 1199 1121 Noe,
1231 1083 1270 1111 et
1299 1070 1468 1120 Daniel,
1500 1082 1540 1110 et
1559 1071 1644 1111 Job

222 1147 335 1187 filios
359 1158 399 1186 et
423 1145 529 1186 filias
552 1162 639 1186 non
664 1147 916 1196 liberabunt,
945 1158 985 1187 et
1008 1147 1182 1202 reliqua.
1229 1147 1454 1199 Fingamus
1472 1147 1643 1202 quippe,

222 1223 334 1264 filios
373 1221 565 1263 habuerit
601 1224 716 1273 Noe',
758 1224 976 1279 quomodo
1016 1223 1096 1263 filii
1133 1223 1324 1265 Danielis
1364 1224 1644 1273 docebuntur,

223 1318 348 1357 quem
380 1300 618 1340 eunuchum
648 1300 774 1341 fuisse
805 1299 957 1341 Judaei
987 1299 1186 1342 tradunt?
1243 1301 1404 1341 Verum
1434 1300 1531 1356 quia
1559 1301 1644 1341 ser-

221 1378 306 1419 tilis
338 1389 378 1419 et
406 1389 546 1418 sancta
575 1377 655 1417 fuit
686 1378 820 1418 anima
850 1377 987 1426 illius,
1028 1389 1068 1418 et
1106 1378 1367 1433 propheticis
1407 1377 1643 1433 divinisque

221 1455 484 1496 sermonibus
528 1455 687 1496 multos
739 1455 896 1494 liberos
948 1453 1207 1509 procreavit,
1260 1454 1420 1495 idcirco
1467 1455 1639 1496 dicitur:

220 1532 280 1582 „si
308 1532 350 1587 ²)
381 1531 537 1572 fuerint
570 1531 613 1571 in
642 1543 837 1587 tempore
865 1531 941 1571 illo
975 1531 1042 1571 vel
1073 1531 1153 1571 isto
1187 1542 1227 1571 et
1256 1532 1370 1582 Noe,
1403 1544 1443 1573 et
1472 1533 1643 1582 Daniel,

221 1620 261 1648 et
289 1609 398 1656 Job,
435 1619 476 1648 et
504 1608 586 1663 ipsi
615 1609 697 1648 soli
726 1609 1036 1649 salvabuntur.“
1093 1607 1149 1648 Et
1178 1624 1254 1648 nos
1286 1624 1383 1661 ergo
1414 1626 1637 1665 possumus

216 1685 309 1725 fieri
331 1683 508 1725 Daniel:
541 1696 582 1725 et
612 1696 659 1725 ut
688 1701 774 1725 non
806 1701 1050 1725 enumerem
1082 1700 1226 1724 omnes
1256 1697 1434 1735 sanctos,
1463 1703 1638 1741 possum

218 1778 304 1802 esse
325 1762 496 1811 Paulus,
525 1761 560 1802 si
590 1762 712 1802 fuero
744 1761 933 1802 imitator
963 1760 1049 1818 ejus
1081 1761 1278 1802 dicentis:
1311 1762 1570 1812 „imitatores
1594 1765 1638 1821 3)

215 1838 301 1878 mei
332 1843 506 1879 estote.“
565 1837 612 1879 Si
644 1839 897 1889 cauterium,
927 1855 1010 1894 quo
1042 1839 1221 1891 signatus
1256 1850 1315 1879 est
1345 1840 1524 1891 Paulus,
1565 1841 1636 1882 ha-

214 1917 372 1966 buero,
401 1915 436 1956 si
465 1915 641 1955 eandem
672 1915 869 1968 figuram,
912 1932 991 1971 qua
1020 1915 1094 1955 ille
1124 1916 1322 1967 figuratus
1354 1929 1415 1957 est
1443 1918 1485 1958 in
1518 1919 1637 1960 Chri-

214 2003 278 2032 sto
297 1992 353 2049 4),
387 1993 632 2047 possedero,
661 2009 739 2048 per
763 2010 887 2049 quam
908 2004 956 2033 ut
985 1993 1120 2032 bonus
1150 2004 1270 2048 pater
1293 1993 1449 2034 aiebat:
1481 1995 1633 2045 „filioli

213 2068 322 2118 mei,
362 2085 468 2124 quos
508 2068 663 2108 iterum
701 2069 912 2124 parturio,
955 2071 1091 2110 donec
1125 2069 1312 2111 Christus
1352 2071 1560 2111 formetur
1588 2072 1632 2112 in

214 2145 375 2186 vobis.“
449 2145 496 2187 Si
540 2162 641 2187 vero
689 2163 737 2186 ex
781 2146 1120 2187 dissimilitudine
1166 2147 1366 2200 signaculi
1415 2164 1632 2200 coarguor,

213 2222 311 2279 quia
340 2222 465 2263 aliam
494 2223 677 2264 formam
706 2224 899 2264 habuerit
926 2223 1104 2274 Paulus,
1148 2241 1273 2280 quam
1313 2240 1388 2276 ego
1420 2225 1464 2265 iu
1495 2226 1631 2266 anima

210 2299 407 2349 habeam,
445 2316 513 2340 me
542 2300 681 2356 ipsum
713 2301 880 2356 decipio
914 2301 1075 2342 dicens:
1108 2302 1217 2342 filius
1247 2317 1365 2342 meus
1397 2318 1438 2342 es
1468 2314 1536 2351 tn,
1568 2319 1631 2342 se-

210 2392 308 2416 men
337 2376 472 2418 Pauli.
531 2378 634 2418 Noli
662 2378 826 2428 mirari,
868 2379 983 2433 quod
1020 2378 1131 2419 filius
1160 2377 1361 2435 Apostoli
1399 2379 1483 2420 fias.
1543 2379 1627 2420 Ha-

208 2454 309 2494 beto
347 2454 544 2505 virtutes,
585 2467 626 2495 et
664 2455 743 2496 eris
780 2455 890 2495 filius
933 2455 1097 2497 Christi.
1157 2455 1346 2506 „Filioli
1375 2456 1441 2511 ⁵),
1480 2456 1627 2512 inquit,

328 2566 366 2621 ι)
401 2566 486 2607 cfr.
517 2567 667 2608 Ezech.
697 2567 813 2618 XIV,
846 2568 910 2612 18.

324 2635 367 2690 2)
401 2635 486 2676 cfr.
524 2637 674 2678 Ezech.
705 2637 822 2687 xlv,
853 2637 918 2681 18.
952 2639 1049 2679 «2011.
1083 2638 1147 2681 14.
1190 2662 1239 2668 -
1279 2639 1388 2680 Edd.
1430 2638 1623 2680 merlini:

208 2691 276 2730 vel
307 2691 387 2731 isto
421 2693 514 2732 Noe
547 2705 624 2734 etc.
1213 2739 1215 2742 Α

323 2761 365 2816 3)
397 2761 417 2801 Ι
442 2761 539 2803 Cor.
569 2764 646 2813 XI,
680 2762 715 2805 1.
836 2764 878 2819 ⁴)
913 2764 1049 2805 Galat.
1080 2765 1153 2815 IV,
1185 2764 1250 2808 19.

325 2830 366 2887 ⁵)
397 2831 473 2872 EV.
508 2833 660 2876 Joann.
690 2833 811 2884 XIII,
841 2832 907 2877 33.
