1759 3134
223 111 305 156 106
628 112 848 155 Omossms
877 125 925 155 m
952 112 1248 156 Ezecnmmm

220 226 402 267 rusalem
432 241 595 280 „super
619 225 658 282 ¹)
689 225 800 267 filios
830 226 1024 283 Aegypti,
1057 227 1242 267 confines
1272 243 1383 276 suos,
1415 238 1455 267 et
1484 244 1649 281 magna-

221 320 316 345 rum
347 302 576 344 carnium.“
634 303 724 353 „Et
749 303 792 360 ²)
822 303 1140 359 multipliciter,
1179 302 1337 359 inquit,
1369 303 1576 345 fornicata
1606 321 1649 345 es

222 383 275 423 ad
304 397 372 421 me
403 381 774 436 exasperandum.“
834 381 990 422 Multas
1023 380 1184 436 species
1214 380 1506 421 fornicationis
1533 396 1647 421 com-

221 458 370 500 misisti
400 459 452 499 ad
481 475 550 499 me
581 458 889 499 concitandum.
950 458 1121 512 „Quod
1145 458 1187 513 ³)
1226 457 1260 498 si
1302 458 1529 499 extendero
1561 474 1646 499 ma-

221 553 324 577 num
354 552 492 577 meam
521 535 563 576 in
593 548 659 585 tc,
704 547 746 577 et
772 536 818 591 ⁴)
849 537 1034 576 auferam
1068 535 1254 588 legitima
1283 546 1377 585 tua,
1418 547 1457 575 et
1487 536 1648 575 tradam

221 626 262 655 te
292 614 337 655 in
366 613 522 655 animas
554 630 727 663 corum,
768 613 840 669 qui
870 625 911 654 te
945 615 1148 663 oderunt,
1187 612 1299 653 filios
1326 612 1371 668 ⁵)
1402 612 1651 665 alienigena-

221 697 359 732 rum.“
402 691 544 742 Vides,
576 691 672 747 quia
702 691 746 732 in
776 690 932 733 animas
962 690 1290 743 alienigenarum
1320 689 1513 739 traditur,
1545 706 1649 745 quae

221 769 390 822 indigna
418 768 472 810 sit
500 784 579 809 usu
610 769 733 821 legis,
778 781 819 810 et
857 771 1101 809 sermonum
1130 767 1227 808 Dei.
1289 766 1416 821 „Qui
1442 767 1484 823 ⁶)
1516 779 1558 807 te
1590 767 1651 807 di-

220 858 437 888 verterunt
467 847 519 887 de
551 846 618 887 via
646 858 730 887 tua.
790 846 927 902 Impie
969 846 1085 899 egisti
1127 858 1167 886 et
1205 845 1411 886 fornicata
1452 861 1494 885 es
1525 860 1653 900 super

220 924 334 966 filios
365 926 535 965 Assum
594 924 786 966 Primum
817 940 945 980 super
974 923 1086 964 filios
1116 922 1311 980 Aegypti,
1344 922 1496 963 deinde
1527 939 1652 977 super

219 1002 333 1043 filios
365 1003 506 1043 Assur.
553 1002 667 1042 Haec
699 1002 860 1057 species
890 1013 1165 1057 peccatorum
1189 1011 1297 1041 sunt.
1342 1001 1450 1040 Nam
1483 1011 1523 1039 et
1554 1015 1650 1039 cum

222 1079 410 1136 captivos
449 1090 704 1134 acceperunt
732 1078 890 1135 Assyrii
929 1078 1041 1119 filios
1071 1079 1223 1128 Israel,
1263 1079 1419 1117 factum
1462 1089 1524 1117 est
1559 1076 1651 1132 qui-

221 1158 321 1197 dem
355 1156 422 1205 id,
463 1157 580 1211 quod
610 1154 829 1210 Scriptura
859 1156 1009 1205 refert,
1050 1155 1255 1210 scriptum
1291 1165 1353 1194 est
1382 1165 1523 1194 autem
1552 1170 1651 1209 pro-

218 1245 315 1289 pter
342 1233 609 1288 frequentem
638 1242 827 1271 nostram
853 1231 1152 1286 captivitatem,
1183 1245 1288 1286 quae
1313 1245 1335 1269 a
1362 1229 1652 1285 spiritualibus

219 1308 397 1369 Assyriis
433 1319 723 1365 perpetratur:
762 1309 814 1349 de
847 1308 998 1364 quibus
1028 1308 1264 1364 Apostolus
1295 1306 1418 1347 dicit:
1460 1323 1581 1356 „non
1607 1307 1650 1361 ⁷)

221 1401 282 1429 est
323 1387 449 1428 nobis
485 1397 694 1427 certamen
735 1386 932 1426 adversus
975 1400 1143 1425 carnem
1185 1396 1227 1424 et
1269 1383 1533 1437 sanguinem,
1579 1385 1653 1425 sed

218 1466 440 1506 adversum
469 1461 703 1518 spiritualia
730 1462 986 1518 nequitiae.“

331 1541 371 1584 9.
419 1540 511 1590 „Et
533 1539 579 1594 8)
608 1555 661 1579 ne
691 1538 750 1579 sic
781 1539 924 1580 satiata
956 1550 1103 1589 es,·et
1146 1537 1353 1581 fornicata
1385 1554 1450 1588 es,
1494 1550 1535 1579 et
1564 1555 1651 1578 non

218 1618 475 1661 satiaberis.“
537 1616 720 1670 Quando
761 1616 852 1672 quis
892 1633 980 1657 non
1017 1616 1221 1671 impletur
1264 1615 1538 1670 delinquens:
1577 1615 1650 1655 sed

218 1712 386 1752 semper
421 1693 636 1751 prioribus
673 1693 857 1748 peccatis
896 1709 1008 1733 nova
1046 1705 1219 1748 peccata
1251 1690 1488 1748 conjungit,
1531 1692 1652 1732 colli-

219 1791 315 1828 gans
345 1785 393 1813 ut
422 1773 523 1812 sune
554 1771 708 1823 longo,
754 1782 795 1811 et
824 1770 932 1811 sicut
962 1771 1056 1811 loro
1087 1769 1174 1828 jugi
1204 1769 1363 1810 vitulae
1393 1768 1649 1824 iniquitates,

219 1867 435 1907 nunquam
473 1865 516 1889 se
553 1849 606 1888 ad
643 1847 822 1889 meliora
863 1860 1132 1897 convertens,
1171 1863 1309 1903 neque
1340 1846 1649 1903 poenitentiam

219 1946 342 1982 agens
373 1943 500 1982 super
528 1925 649 1965 malis
679 1925 786 1975 suis,
817 1925 971 1966 dicitur
1001 1927 1053 1966 ad
1084 1941 1202 1965 eum:
1235 1935 1314 1974 „et
1340 1924 1383 1976 9)
1414 1940 1501 1964 non
1532 1924 1651 1964 satia—

219 2004 372 2047 beris.“
445 2003 536 2053 „Et
562 2003 628 2057 ¹⁰)
671 2002 966 2058 multiplicasti
1007 2012 1255 2043 testamenta
1292 2011 1363 2040 tua
1403 2001 1456 2040 ad
1497 2011 1651 2041 terram

222 2083 456 2125 Chanaan.“
518 2079 701 2134 Quando
732 2081 850 2121 Deus
881 2082 935 2121 ad
961 2095 1040 2120 nos
1069 2078 1169 2119 facit
1198 2089 1468 2127 testamenta,
1502 2089 1543 2118 et
1572 2095 1649 2119 nos

221 2159 504 2202 consentimus
535 2158 596 2208 ei,
627 2157 741 2198 beati
769 2174 935 2198 sumus:
977 2157 1144 2212 quando
1177 2172 1278 2196 vero
1309 2154 1570 2196 fornicamur
1598 2157 1651 2195 ad

219 2235 453 2295 spiritualia
481 2234 716 2291 nequitiae,
756 2245 856 2276 tunc
891 2234 1174 2276 convertimus
1204 2233 1289 2275 Dei
1319 2243 1567 2274 testamenta
1598 2233 1650 2273 ad

339 2433 377 2489 ¹)
411 2432 562 2473 Ezech.
594 2433 711 2482 XVI,
739 2432 807 2475 26.
928 2428 972 2486 2)
1002 2430 1153 2471 Ezech.
1184 2430 1300 2481 XVI,
1332 2429 1399 2473 26.

340 2503 382 2560 ³)
412 2503 564 2544 Ezech.
594 2504 711 2554 XVI,
740 2502 809 2546 27.

338 2573 382 2629 ⁴²)
410 2574 544 2614 Deest
574 2579 687 2623 „et“
718 2572 759 2614 in
792 2573 857 2613 ed.
888 2571 1035 2620 Ruaei.

337 2645 381 2700 ⁵)
410 2645 520 2685 Edd.
552 2645 613 2685 M.
646 2655 687 2684 et
715 2644 766 2684 R.
800 2654 1057 2684 constanter:
1088 2641 1280 2692 „filios.“

337 2717 382 2770 ⁶)
413 2715 565 2756 Ezech.
595 2714 712 2763 XVI,
741 2713 809 2756 27.
838 2712 904 2756 28.
1028 2713 1069 2766 ⁷)
1103 2712 1189 2753 Cfr.
1220 2711 1373 2767 Ephes.
1406 2711 1480 2761 VI,
1513 2710 1577 2754 12.

342 2787 385 2842 8)
413 2785 568 2826 Ezech.
592 2784 708 2833 XVI,
738 2782 805 2826 28.
839 2806 890 2813 —
922 2784 1030 2824 Edd.
1063 2781 1258 2824 Merlini:
1288 2781 1344 2822 Et
1371 2797 1453 2822 nec
1479 2780 1538 2822 sic
1571 2793 1647 2823 etc.

342 2857 386 2912 9)
417 2854 571 2897 Ezech.
602 2853 718 2903 XVI,
749 2852 815 2896 28.
943 2853 1010 2909 ¹⁰)
1040 2853 1190 2894 Ezech.
1221 2852 1338 2901 XVI,
1365 2851 1432 2895 29.
