1759 3134
255 86 340 132 274
552 83 772 125 OmGEms
803 93 849 126 m
879 80 1062 123 CAN‘rm.
1098 79 1406 125 CANTmomJM

269 214 375 259 quae
419 195 750 238 manducabis:“
794 207 894 252 post
940 193 1162 250 paululum
1200 194 1385 236 inferens
1424 210 1617 251 capream
1656 209 1696 238 et

271 292 455 320 cervum.
516 275 566 315 In
595 272 804 329 praesenti
834 288 1006 328 quoque
1039 271 1150 312 libro
1180 272 1339 328 pariter
1366 272 1638 313 nominantur
1659 274 1698 329 ¹)

269 370 416 397 cervus
445 361 489 392 et
518 367 680 407 caprea.
740 349 1075 405 Quodammodo
1123 349 1234 390 enim
1274 361 1448 403 cognata
1481 348 1560 390 sibi
1590 360 1698 398 sunt,

269 444 312 474 et
342 429 481 472 vicina
511 428 589 470 ista
619 428 826 470 animalia.
887 428 1065 484 Caprea,
1093 428 1137 468 id
1169 438 1243 477 est,
1274 427 1422 468 dorcas
1455 425 1692 467 acutissime

269 509 396 552 videt.
456 506 614 549 Cervus
643 505 893 546 interfector
921 518 1165 562 serpentum
1197 517 1270 546 est.
1332 504 1439 559 Quis
1480 515 1603 559 putas
1639 514 1700 543 est

269 587 416 640 dignus
460 600 482 626 e
520 583 664 633 nobis,
705 582 777 639 qui
815 581 930 639 juxta
961 583 1207 636 dignitatem
1242 582 1329 623 loci
1358 593 1484 637 atque
1514 580 1703 638 mysterii

268 665 440 720 plenam
468 660 602 718 possit
631 660 841 716 explicare
870 660 1109 703 rationem?
1169 661 1353 702 Oremus
1373 659 1626 708 Dominum,
1657 670 1703 698 ut

268 741 393 783 nobis
432 738 632 792 largiatur
667 754 857 788 sensum,
904 738 956 779 ad
996 738 1241 794 aperiendas
1271 739 1317 793 ²)
1357 737 1616 793 Scripturas,
1664 747 1703 776 ct

273 817 483 875 possimus
515 816 676 856 dicere:
710 816 930 872 quomodo
962 816 1184 872 aperuit3)
1213 815 1337 856 nobis
1365 816 1486 856 Jesus
1512 814 1707 870 Scriptu-

269 896 359 938 ras!
413 892 532 949 Quid
561 892 716 945 igitur?
763 893 978 943 Dicimus,
1013 892 1110 949 quia
1142 893 1303 942 dorcas,
1335 893 1415 934 hoc
1448 904 1521 945 est,
1554 908 1702 948 caprea

271 973 503 1015 secundum
546 987 695 1012 eorum
732 970 1065 1029 physiologiam,
1108 970 1180 1026 qui
1221 972 1272 1011 de
1310 970 1470 1011 naturis
1512 969 1701 1010 omnium

273 1049 521 1093 animalium
552 1048 789 1103 disputant,
827 1063 879 1088 ex
919 1048 1042 1088 insita
1081 1048 1163 1088 sibi
1202 1048 1243 1088 vi
1282 1065 1441 1088 nomen
1479 1048 1704 1103 acceperit.

277 1130 341 1168 Ab
382 1143 440 1167 eo
480 1125 618 1175 enim,
658 1124 775 1180 quod
816 1124 978 1165 acutius
1020 1124 1182 1174 videat,
1222 1125 1268 1165 id
1286 1125 1328 1181 4)
1370 1136 1452 1173 est,
1492 1122 1618 1181 παρὰ
1655 1123 1704 1167 τὸ

277 1205 412 1255 ὀξέως
442 1203 633 1259 δέρκειν,
665 1202 814 1242 dorcas
845 1201 1059 1257 appellata
1088 1212 1164 1242 est.
1222 1200 1380 1242 Cervus
1408 1217 1508 1242 vero
1539 1217 1709 1256 serpen-

274 1295 368 1324 tum
397 1278 593 1321 inimicus
624 1295 672 1320 ac
703 1279 944 1319 debellator
970 1290 1049 1329 est,
1080 1278 1150 1328 ita,
1181 1290 1229 1318 ut
1259 1278 1412 1334 spiritu
1440 1279 1606 1319 narium
1635 1294 1707 1319 eos

274 1359 460 1402 extrahat
492 1358 545 1398 de
577 1356 785 1406 cavernis,
822 1368 867 1396 et
903 1366 1098 1411 superata
1134 1356 1324 1411 pernicie
1364 1355 1516 1397 veneni
1555 1372 1705 1396 eorum

271 1437 434 1495 pabulo
462 1435 709 1476 delectetur.
754 1432 952 1474 Forsitan
973 1433 1157 1473 salvator
1183 1449 1303 1474 meus
1336 1450 1485 1489 caprea
1516 1434 1564 1474 fit
1593 1432 1706 1490 juxta

275 1518 490 1573 θεωρίαν,
530 1528 675 1552 cervus
715 1509 830 1568 juxta
858 1526 1003 1566 opera.
1065 1510 1284 1564 Quaenam
1316 1511 1392 1551 ista
1422 1523 1517 1552 sunt
1550 1512 1708 1567 opera?

276 1590 482 1633 Interficit
525 1588 616 1644 ipse
661 1599 897 1643 serpenteQ
948 1587 1176 1628 contrarias
1219 1588 1491 1630 fortitudines
1533 1589 1708 1647 jugulat,

273 1670 373 1710 ideo
407 1668 545 1709 dicam
577 1665 638 1706 ei:
678 1677 763 1716 „tu
787 1665 828 1720 '’)
872 1664 1107 1705 contrivisti
1147 1664 1282 1721 capita
1320 1667 1553 1707 draconum
1582 1683 1709 1722 super

275 1763 424 1803 aquas,
454 1756 502 1786 tu
534 1742 771 1785 contrivisti
802 1753 928 1797 caput
957 1742 1194 1783 draconis.“

392 1823 457 1866 12.
518 1820 718 1872 „Similis
743 1819 788 1875 ⁶)
820 1831 880 1860 est
911 1819 1123 1860 fratruelis
1152 1837 1272 1861 meus
1303 1837 1489 1877 capreae,
1520 1822 1588 1862 vel
1619 1821 1707 1861 hin-

272 1903 377 1944 nulo
412 1917 638 1942 cervorum
667 1915 794 1954 super
822 1909 989 1938 montes
1011 1898 1163 1938 domus
1193 1898 1335 1939 Dei:“
1365 1898 1519 1939 Bethel
1549 1898 1707 1954 quippe

275 1981 576 2035 interpretatur
606 1979 758 2018 domus
787 1975 884 2016 Dei.
945 1976 1043 2016 Non
1075 1992 1220 2017 omnes
1251 1987 1417 2016 montes
1450 1977 1600 2016 domus
1621 1975 1706 2016 Dei

276 2068 393 2106 sunt,
436 2056 509 2096 sed
541 2054 612 2110 qui
642 2065 810 2094 montes
841 2051 1042 2093 ecclesiae
1072 2065 1181 2094 sunt.
1241 2052 1517 2093 Inveniuntur
1547 2053 1705 2109 quippe

273 2145 314 2174 et
345 2132 418 2173 alii
447 2143 613 2172 montes
644 2131 795 2180 erecti,
839 2141 881 2170 et
921 2142 1216 2182 consurgentes
1262 2131 1458 2171 adversus
1488 2131 1705 2171 scientiam

274 2211 381 2261 Dei,
420 2221 587 2250 montes
626 2208 936 2267 Aegyptiorum
973 2219 1016 2248 et
1053 2207 1398 2265 Allophylorum.
1472 2209 1546 2249 Vis
1584 2209 1704 2260 scire,

277 2289 373 2345 quia
403 2287 552 2335 similis
582 2297 645 2327 est
673 2285 885 2326 fratruelis
919 2301 1036 2327 meus
1069 2302 1270 2342 capreae,
1306 2298 1376 2327 aut
1406 2285 1583 2327 hinnulo
1616 2302 1703 2327 cer-

396 2486 435 2542 ¹)
465 2485 545 2526 Ed.
575 2481 729 2524 Ruaei:
759 2482 1015 2524 nominatur.

390 2556 433 2611 2)
464 2555 574 2595 Edd.
605 2554 666 2594 M.
697 2569 784 2593 non
814 2554 947 2594 male:
979 2551 1286 2608 percipiendas.

391 2626 434 2680 3)
464 2625 574 2665 Edd.
606 2623 801 2665 Merlini:
831 2624 1028 2681 aperiret.
1061 2648 1113 2655 —
1147 2623 1233 2664 Cfr.
1264 2624 1366 2664 Luc.
1397 2624 1557 2675 XXIV,
1588 2623 1653 2667 32.

389 2695 431 2750 ¹¹)
461 2694 572 2735 Edd.
602 2693 797 2734 Merlini:
831 2694 874 2735 id
906 2706 986 2744 est,
1019 2690 1112 2737 ἀπὸ
1140 2695 1223 2736 τοῦ
1256 2691 1528 2752 ὀξυδόρκειν.

391 2766 433 2821 ⁵)
463 2764 619 2805 Psalm.
650 2765 843 2816 LXXIV,
876 2765 941 2810 13.
975 2765 1039 2809 14.
1075 2790 1125 2797 -
1157 2764 1265 2805 Edd.
1298 2764 1493 2807 Merlini:
1534 2779 1692 2820 aquam.

388 2835 430 2890 6)
463 2834 625 2876 Cantic.
658 2836 713 2886 II,
744 2835 782 2879 9.
