1759 3134
709 152 907 194 HommA
939 153 988 192 V.
1506 152 1558 194 77

140 278 242 302 neae
274 263 434 318 positos
467 264 691 316 dignitate,
725 280 819 304 cum
853 264 1029 303 afferant
1061 264 1241 311 fructus,
1275 263 1420 302 botros
1452 263 1559 303 salu-

146 337 212 387 tis,
245 340 296 378 de
329 356 407 394 qua
437 341 637 396 scriptum
669 353 750 381 cst:
781 355 892 390 „ego
914 339 952 393 Ι)
982 354 1082 378 vcro
1113 351 1153 378 te
1184 339 1369 394 plantavi
1397 339 1559 379 vineam

143 415 422 466 fructiferam,
460 429 592 458 totam
632 422 814 458 veram.“
873 415 928 455 Et
966 414 1088 455 alibi:
1129 415 1276 464 „vinea
1300 416 1342 471 2)
1381 416 1559 456 Domini

143 493 293 531 domus
332 494 459 533 Israel
500 499 600 534 est.“
657 493 712 532 Et
750 508 935 532 rursum:
979 490 1180 540 „vincam
1202 493 1244 546 3)
1284 493 1334 530 de
1365 494 1558 549 Aegypto

141 569 432 619 transtulisti“,
464 582 506 611 et
528 571 709 626 reliqua3
740 569 773 610 si
799 581 938 609 autem
967 584 1054 608 non
1085 567 1300 607 attulerint
1329 569 1487 609 fructus
1517 570 1558 610 in

142 657 324 694 tantum,
362 658 407 686 ut
438 663 460 686 a
487 648 582 686 Deo
616 646 698 686 dici
735 645 888 701 possit:
929 645 1186 700 „quomodo
1214 642 1254 697 4)
1287 661 1485 685 conversa
1517 663 1558 686 cs

142 723 183 762 in
208 722 528 763 amaritudinem
558 722 652 762 vitis
682 721 907 763 alienac?“
936 733 1036 761 tunc
1067 721 1203 760 multo
1237 720 1466 760 deteriores
1497 722 1558 761 in—

144 801 275 840 veniri
315 802 364 840 ab
404 799 464 839 his
502 798 643 849 liguis,
684 814 786 853 quae
826 798 925 838 licet
967 798 1119 838 viliora
1149 798 1432 846 sint‚⁶tamen
1462 814 1557 838 suos

141 878 323 917 afferunt
362 877 534 916 fructus.
604 874 837 927 Quomodo
882 874 991 915 enim
1029 875 1292 930 praecellunt
1332 874 1439 927 ligna
1478 876 1560 933 syl-

141 969 284 992 varum
316 951 453 991 vineas
492 950 714 1000 inferaces,
758 952 908 991 eodem
940 952 1070 991 modo
1102 951 1210 991 intra
1240 951 1446 1007 quandam
1477 950 1560 991 dis-

139 1028 429 1083 pensationem
459 1028 684 1083 sapientiae
714 1027 881 1068 divinae
923 1044 970 1068 ex
1003 1027 1122 1080 lignis
1158 1027 1378 1068 vilioribus
1418 1028 1556 1084 aliqua

142 1104 287 1144 domui
328 1104 557 1145 necessaria
596 1104 863 1145 fabricantur.
922 1106 1069 1160 Neque
1108 1121 1208 1145 vero
1240 1105 1440 1155 turberis,
1480 1123 1558 1161 pu-

141 1193 229 1221 tans
259 1198 334 1221 nos
368 1193 478 1222 extra
509 1181 746 1235 Scripturas
777 1182 1006 1230 affirmare,
1049 1183 1164 1237 quod
1207 1181 1404 1232 dicimus,
1445 1184 1557 1223 futu-

142 1275 234 1297 rum
267 1274 374 1306 esse,
403 1269 448 1297 ut
479 1258 530 1296 de
560 1257 679 1308 lignis
711 1258 848 1315 sylvae
876 1258 1036 1313 aliquid
1065 1258 1168 1298 utile
1200 1259 1292 1308 fiat,
1323 1259 1367 1299 id
1398 1271 1472 1309 est,
1503 1260 1554 1299 de

142 1351 209 1375 me
240 1335 354 1390 ipso,
394 1335 427 1374 si
464 1350 547 1374 non
588 1330 767 1374 attulero
799 1334 996 1389 proprios
1025 1346 1196 1375 naturae
1226 1352 1345 1376 meae
1375 1337 1555 1376 fructus:

142 1412 175 1451 si
216 1410 384 1466 quidem
426 1422 465 1450 et
496 1410 726 1464 Apostolus
767 1409 990 1460 imaginem
1021 1412 1230 1465 quandam
1261 1428 1409 1451 eorum
1439 1429 1558 1452 vaso-

140 1504 253 1535 rum,
292 1503 395 1542 quae
430 1498 523 1525 sunt
553 1485 595 1525 in
625 1486 804 1526 humana
836 1486 1164 1536 conversatione,
1194 1488 1365 1528 assumit
1395 1488 1557 1556 difens:

141 1564 212 1614 „in
235 1563 276 1619 5)
305 1579 451 1614 magna
484 1574 622 1602 autem
652 1563 781 1602 domo
811 1578 896 1602 non
920 1562 964 1616 6)
1005 1562 1144 1603 solum
1173 1576 1268 1604 sunt
1298 1581 1391 1606 vasa
1421 1581 1557 1615 aurea,

141 1651 183 1680 et
211 1652 423 1691 argentea,
452 1641 525 1679 sed
558 1651 597 1679 et
622 1639 769 1690 lignea,
802 1651 842 1679 ct
871 1638 1073 1678 fictilia:“
1117 1662 1168 1669 -—
1206 1653 1306 1682 nota
1339 1642 1432 1697 quia
1462 1659 1556 1683 vasa

142 1716 277 1768 lignea
306 1716 630 1771 nuncupaverit:
664 1738 714 1744 -—-
747 1727 816 1765 „et
846 1714 925 1755 alia
955 1714 1126 1770 quidem
1157 1715 1199 1755 in
1226 1717 1446 1767 honorem,
1477 1718 1557 1758 alia

142 1808 241 1833 vero
282 1792 324 1832 in
364 1791 707 1832 contumeliam.“
781 1792 863 1831 Ista
902 1807 995 1832 vasa
1032 1792 1188 1844 lignea,
1236 1810 1339 1849 quae
1389 1810 1474 1835 esse
1513 1795 1556 1835 in

141 1886 288 1921 magna
328 1871 456 1909 domo
488 1869 719 1924 Apostolus
757 1868 992 1922 praedicat,
1032 1885 1115 1909 non
1154 1881 1250 1910 sunt
1276 1871 1386 1911 facta
1415 1873 1466 1911 de
1498 1872 1557 1912 vi-

142 1947 274 1995 tibus,
312 1962 396 1985 non
437 1946 488 1985 de
530 1944 774 2000 palmitibus
813 1944 1050 1994 vinearum,
1094 1946 1168 1985 sed
1207 1962 1255 1985 ex
1292 1947 1382 1987 aliis
1422 1947 1555 2000 lignis,

143 2039 247 2079 quae
277 2022 437 2062 vilioris
470 2021 627 2061 ordinis
658 2021 701 2061 in
731 2021 974 2061 nemoribus
998 2021 1365 2063 fructificaverunt.
1413 2023 1556 2077 Quan-

142 2111 232 2140 tum
262 2115 360 2150 ergo
390 2099 549 2138 malum
582 2110 663 2148 est,
702 2110 744 2138 ct
775 2098 897 2153 quale
929 2098 1172 2148 discrimen,
1205 2111 1252 2140 ut
1281 2100 1392 2153 ligna
1422 2117 1555 2156 quon-

143 2176 239 2215 dam
277 2175 375 2215 vilia
411 2174 674 2215 inveniantur
710 2175 752 2215 in
791 2192 936 2228 magna
972 2175 1281 2231 patrisfamilias
1319 2177 1470 2228 domo,
1517 2192 1558 2219 et

141 2253 302 2307 palmes
332 2252 424 2292 vitis
452 2268 570 2292 meae
599 2252 760 2293 inutilis
790 2252 833 2292 in
864 2253 993 2293 domo
1035 2252 1108 2303 sit,
1149 2264 1190 2293 et
1219 2253 1262 2293 in
1290 2253 1429 2306 ignem
1456 2273 1556 2311 pro-

143 2328 336 2384 jiciatur?
392 2329 486 2369 Hoc
529 2329 640 2370 enim
678 2329 879 2385 s'criptum
919 2341 1000 2379 est,
1040 2330 1135 2386 quia
1165 2346 1343 2372 annuam
1371 2333 1555 2388 putatio-

143 2419 240 2443 nem
269 2403 357 2460 ejus
388 2418 603 2446 consumat
632 2405 747 2458 ignis„
808 2407 921 2446 Haec
951 2406 994 2446 in
1022 2406 1302 2449 Ezechielem·
1362 2409 1556 2453 Salvator

212 2604 215 2607 f
263 2585 303 2641 l)
333 2586 486 2626 Jerem.
518 2588 573 2636 II,
602 2587 668 2630 21.
787 2589 831 2644 2)
864 2589 950 2631 Cfr.
979 2589 1103 2630 Jesai.
1136 2590 1187 2638 V,
1219 2590 1256 2631 7.

260 2656 303 2710 ³)
335 2654 486 2695 Psalm.
518 2656 690 2708 LXXX,
718 2658 758 2701 8.
790 2659 1025 2715 (LXXIX.)

260 2725 301 2780 ⁴²)
334 2725 419 2765 Cfr.
437 2726 592 2767 Jercm.
612 2727 666 2778 II,
682 2728 748 2771 21.
779 2751 829 2757 —-—
860 2728 968 2769 Edd.
987 2728 1046 2768 M.
1070 2739 1109 2768 et
1124 2729 1174 2768 R.
1193 2728 1314 2779 „vitis
1331 2730 1552 2773 alienae?“

259 2794 300 2849 ⁵)
332 2795 374 2834 Π
395 2794 503 2835 Tim.
536 2797 591 2846 Π,
622 2796 689 2839 20.

255 2865 298 2917 6)
329 2864 438 2908 Edd.
469 2865 661 2907 Merliui:
694 2884 778 2908 non
808 2880 903 2910 sunt
932 2880 1094 2911 tantum
1125 2884 1218 2908 vasa
1249 2879 1324 2908 etc.
