1759 3134
257 112 343 156 254
554 113 775 154 Omenms
806 125 851 153 m
883 111 1066 155 CANTIC.
1100 112 1401 156 Cmncomm

259 224 469 266 inveniam
500 224 542 264 in
574 225 777 275 meridie,
817 242 869 267 ne
910 226 1021 265 sorte
1052 225 1150 265 {iam
1182 225 1299 281 quasi
1330 236 1532 281 cooperta
1562 242 1687 283 super

259 320 400 358 greges
430 301 641 343 sodalium
671 313 856 344 tuorum.

372 381 411 424 9.
458 380 564 421 Post
593 381 693 421 haec
724 382 849 421 verba
879 397 1056 436 sponsus
1090 379 1126 420 ci
1161 379 1454 430 comminatur,
1487 391 1529 420 ct
1559 379 1686 421 dicit:

258 470 329 499 aut
367 473 573 510 cognosce
599 455 645 512 ¹)
685 469 815 498 temet
855 459 1010 513 ipsam,
1052 457 1252 513 quoniam
1293 457 1400 509 regis
1439 473 1479 497 cs
1519 473 1685 512 sponsa,

259 548 301 577 et
331 537 541 584 formosa,
580 546 621 575 et
651 550 674 575 a
703 551 770 575 me
801 536 909 575 facta
941 536 1149 575 formosa:
1192 529 1226 575 si
1268 535 1440 590 quidem
1473 550 1549 586 ego
1580 533 1685 574 mihi

258 612 427 654 exhibui
449 614 491 667 ²)
523 611 750 664 gloriosam
787 613 1030 662 ecclesiam,
1072 631 1158 654 non
1198 614 1422 653 habentem
1462 612 1684 661 maculam,

255 707 393 747 neque
431 706 589 742 rugam.
650 691 736 730 Aut
767 689 898 739 scito,
932 691 1049 746 quia,
1080 691 1113 731 si
1144 702 1186 730 te
1216 706 1301 730 non
1339 689 1611 742 cognoveris,
1643 700 1684 728 ct

255 780 372 809 tuam
409 767 550 808 scieris
590 767 858 819 dignitatem,
904 768 1075 824 patieris
1120 768 1244 816 haee,
1291 783 1396 822 quae
1440 778 1683 821 sequuntur.

257 845 477 899 Quaenam
508 846 584 885 ista
613 845 737 886 sunt?
795 845 877 895 „Si
900 847 942 901 3)
978 863 1065 886 non
1099 845 1345 898 cognoveris
1376 856 1506 885 temet
1537 844 1684 899 ipsam,

255 939 281 963 o
313 923 490 979 pulchra
519 922 562 962 in
591 923 862 974 mulieribus,
905 925 1102 977 egredere
1132 934 1179 963 tu
1209 922 1251 963 in
1282 922 1465 975 vestigiis
1498 938 1682 974 gregum,

256 1012 298 1041 et
326 1016 450 1056 pasce
468 1006 491 1024 “
521 1016 608 1040 non
640 1017 781 1053 greges
814 1001 983 1051 ovium,
1014 1017 1100 1041 non
1131 1016 1348 1052 agnorum,
1380 1001 1454 1041 sed
1486 1000 1681 1049 „hoedos

254 1083 393 1119 tuos.“
450 1078 616 1118 Statuet
646 1077 804 1133 quippe
837 1094 936 1118 oves
968 1094 990 1118 a
1022 1078 1199 1127 dextris,
1244 1089 1285 1117 et
1324 1094 1346 1118 a
1376 1077 1549 1117 sinistris
1581 1077 1684 1117 hoe-

255 1155 344 1194 dos.
404 1153 489 1203 „Si
514 1153 556 1207 ⁴)
594 1170 681 1193 non
721 1154 968 1205 cognoveris
1006 1165 1139 1195 temet
1178 1153 1334 1209 ipsam,
1375 1170 1400 1193 o
1431 1154 1608 1209 pulchra
1637 1153 1682 1193 in

253 1231 516 1280 mulieribus,
551 1231 747 1282 egredere
778 1242 825 1271 tu
855 1231 897 1271 in
928 1230 1110 1283 vestigiis
1141 1246 1327 1283 gregum,
1359 1242 1400 1271 et
1428 1246 1552 1286 pasce
1579 1231 1681 1271 hoe-

252 1310 330 1350 dos
359 1321 455 1349 tuos
486 1308 530 1348 in
559 1308 840 1349 tabernaculis
881 1314 1142 1364 pastorum.“
1201 1309 1249 1349 In
1291 1308 1493 1360 vestigiis,
1530 1307 1681 1363 inquit,

251 1399 471 1443 pastorum
499 1385 728 1426 novissima
755 1385 844 1434 fies,
874 1402 962 1426 non
992 1386 1103 1426 inter
1133 1401 1247 1435 oves,
1278 1386 1352 1425 sed
1383 1385 1493 1426 inter
1517 1385 1681 1425 hoedos

252 1476 372 1513 tuos,
412 1480 508 1504 cum
551 1464 702 1518 quibus
739 1462 930 1503 habitans
970 1479 1055 1503 non
1096 1461 1256 1517 poteris
1286 1478 1475 1513 mecum,
1522 1463 1567 1504 id
1608 1475 1680 1513 est,

253 1559 350 1582 cum
379 1542 495 1581 bono
527 1551 697 1596 pastore
731 1557 832 1580 esse.

367 1618 432 1661 10.
494 1617 742 1672 „Equitatui
768 1619 809 1671 ⁵)
840 1632 937 1656 meo
969 1616 1010 1656 in
1044 1617 1232 1658 curribus
1262 1617 1490 1672 Pharaonis
1521 1617 1680 1658 assimi—

250 1696 333 1737 lavi
364 1707 404 1736 te
435 1694 569 1735 amica
605 1701 741 1735 mea.“
801 1694 848 1736 Si
887 1694 948 1734 vis
987 1693 1246 1747 intelligere,
1293 1712 1317 1735 o
1359 1712 1534 1751 sponsa,
1574 1712 1679 1751 quo-

248 1774 381 1814 modo
411 1772 517 1813 scire
546 1784 589 1813 te
622 1774 787 1822 debeas,
820 1788 1040 1824 cognosce,
1074 1772 1140 1812 cui
1170 1784 1212 1813 te
1245 1772 1598 1828 comparaverim:
1638 1784 1680 1813 et

248 1864 350 1893 tunc
366 1850 542 1900 videbis,
572 1851 702 1891 talem
733 1861 774 1890 te
807 1865 907 1899 esse,
940 1865 1045 1904 quae
1075 1850 1235 1891 turbari
1266 1867 1352 1891 non
1384 1851 1548 1899 debeas,
1580 1867 1677 1890 cum

247 1942 365 1970 tuam
402 1928 589 1984 speciem
620 1927 879 1981 cognoveris.
942 1926 1060 1981 Quid
1091 1939 1152 1968 est
1184 1927 1332 1979 igitur:
1374 1927 1616 1983 „equitatui
1633 1925 1674 1982 6)

246 2023 345 2048 meo
376 2007 420 2047 in
450 2006 641 2047 curribus
670 2004 900 2046 Pharaonis
931 2004 1156 2045 assimilavi
1187 2004 1294 2046 te?“
1354 2004 1454 2046 Scio
1488 2004 1674 2059 equitem

246 2100 468 2140 sponsum,
510 2083 722 2139 propheta
754 2082 941 2123 dicente:
982 2094 1064 2132 „et
1091 2083 1135 2137 ⁷)
1167 2082 1370 2138 equitatio
1404 2081 1491 2138 ejus
1522 2082 1674 2124 salus.“

246 2162 487 2202 Assimilata
527 2176 569 2200 es
610 2176 707 2212 ergo
749 2158 952 2215 equitatui
989 2175 1086 2199 meo
1126 2159 1170 2200 in
1211 2159 1401 2200 curribus
1430 2160 1672 2200 Pharaonis.

249 2238 468 2293 Quantum
509 2236 656 2278 differt
697 2236 904 2290 equitatus
943 2253 1085 2286 meus,
1126 2237 1197 2293 qui
1235 2254 1327 2277 sum
1357 2237 1590 2288 Dominus,
1632 2249 1673 2278 et

366 2447 409 2502 ¹)
439 2446 551 2490 Edd.
579 2444 774 2486 {Merliniz
808 2461 1045 2498 cognosces.

363 2516 405 2572 2)
438 2517 524 2558 Cfr.
555 2516 711 2571 Ephes.
743 2516 793 2564 V,
825 2515 891 2557 27.

363 2588 410 2641 ³)
443 2587 603 2628 Cantic.
636 2587 669 2635 I,
699 2585 740 2628 8.
861 2585 906 2639 ¹²)
940 2585 1098 2627 Cantic.
1131 2587 1164 2636 I,
1184 2586 1237 2629 ’8.

365 2658 406 2709 ⁵)
439 2656 598 2698 Cantic.
630 2657 663 2706 I,
693 2655 732 2698 9.
776 2681 826 2688 -
869 2656 1034 2696 Desunt
1065 2657 1210 2697 verba:
1253 2657 1424 2708 „amica
1452 2664 1595 2709 mea“,
1625 2658 1666 2699 in

248 2715 342 2756 edd.
379 2714 443 2758 M.

362 2783 408 2838 ⁶)
439 2782 600 2825 Cantic.
630 2783 665 2833 l,
695 2782 733 2826 9.
857 2785 897 2839 ⁷)
927 2783 1086 2824 Habac.
1117 2784 1196 2833 III,
1225 2783 1264 2826 8.
