1759 3134
619 112 817 155 ΗοΜηῐΑ
847 112 963 154 VIII.
1422 120 1440 161 1
1452 120 1502 164 13

79 224 157 266 trix
196 225 441 267 Jerusalem.
517 224 638 280 Quae
677 236 772 266 sunt
810 239 907 276 ergo
948 223 1049 265 istae
1088 226 1206 269 viae?
1276 230 1428 279 „State
1460 233 1501 289 ¹)

80 303 123 342 in
155 303 255 353 viis,
287 314 328 343 et
358 303 612 356 interrogate
642 302 806 343 semitas
835 301 1013 341 Domini
1045 315 1252 355 aeternas,
1290 318 1331 348 et
1363 308 1500 350 videte

80 397 184 436 quae
216 381 267 422 sit
298 380 363 421 via
391 382 528 431 hona,
561 391 601 421 et
631 377 840 419 ambulate
871 377 914 418 in
946 385 1034 420 ea.“
1092 380 1255 423 2Multae
1287 397 1382 426 sunt
1411 386 1501 428 viae

78 457 367 513 sempiternae.
443 457 489 499 Si
526 454 712 497 retinetis
750 470 842 495 eam
882 456 1210 511 expositionem,
1256 475 1379 514 quam
1416 463 1501 503 fre-

77 547 253 591 quenter
294 533 481 583 exhibui,
521 532 632 574 scitis
675 543 716 572 et
744 532 895 572 Mosen
935 532 1046 573 viam
1087 549 1197 584 esse,
1237 547 1278 575 et
1314 537 1499 590 singulos

74 611 390 666 prophetarum.
448 610 504 650 Et
535 609 754 665 quomodo
786 609 945 649 multae
976 621 1071 650 sunt
1099 612 1367 664 margaritae,
1399 631 1498 669 quas

74 703 243 728 necesse
275 698 336 727 est
364 686 579 742 possidere
611 702 721 736 eum,
754 684 825 741 qui
857 697 1054 726 venturus
1087 699 1147 727 est
1178 689 1229 729 ad
1256 706 1382 730 unam
1403 707 1497 746 pre-

74 763 344 804 tiosissimam
381 763 666 815 margaritam,
706 762 765 803 sic
804 774 975 818 oportet
1015 763 1178 816 ingredi
1220 766 1373 807 multas
1396 767 1498 809 -vias

76 840 210 881 Mosis
243 852 283 881 et
312 840 616 896 prophetarum
648 839 838 880 omnium
870 856 988 890 eum,
1024 841 1095 897 qui
1126 854 1324 884 venturus
1356 855 1416 885 est
1445 845 1497 885 ad

73 917 304 958 dicentem:
352 933 469 969 „ego
496 919 540 972 ²)
586 934 678 957 sum
723 916 838 957 via.“
912 918 997 958 Sed
1038 918 1141 959 dicit
1177 919 1280 960 mihi
1321 920 1495 977 aliquis:

73 993 190 1048 Quid
220 995 273 1034 ad
302 993 570 1049 propositum
600 993 804 1049 pertinet,
846 995 960 1049 quod
999 994 1166 1036 locutus
1198 996 1267 1038 es?
1328 997 1407 1038 Cui
1437 998 1495 1039 sic

71 1071 352 1127 respondebo.
411 1069 665 1110 Aedificavit
704 1070 746 1110 in
786 1071 903 1110 omni
942 1071 1008 1112 via
1044 1073 1278 1114 Jerusalem
1319 1074 1495 1130 lupanar

68 1165 201 1190 suum.
261 1147 307 1190 Si
340 1146 673 1188 consideraveris
704 1146 938 1188 haereticos
970 1164 1116 1189 omnes
1150 1149 1309 1190 alienos
1341 1167 1363 1191 a
1389 1152 1496 1192 veri-

69 1237 167 1275 tate,
197 1224 461 1265 aedificantes
494 1225 669 1264 domum
702 1239 749 1263 ex
779 1223 842 1264 bis
873 1226 1164 1276 sermonibus,
1196 1227 1267 1282 qui
1298 1227 1339 1267 in
1371 1228 1494 1269 lssose

72 1302 289 1354 leguntur,
333 1317 380 1341 ex
412 1299 497 1350 his,
537 1316 643 1355 quos
677 1299 719 1340 in
749 1300 853 1342 Isaia
885 1312 925 1341 et
953 1301 1160 1353 Jeremia,
1200 1316 1240 1345 et
1277 1306 1494 1361 prophetis

68 1378 238 1434 reliquis
275 1377 547 1426 invenerunt,
592 1376 791 1428 intelligis
828 1392 959 1417 novas
1000 1378 1210 1419 doctrinas
1248 1381 1493 1422 fornicatio—

68 1471 164 1494 nem
196 1471 281 1495 csse
311 1453 570 1501 Jerusalem,
608 1469 713 1508 quae
755 1453 948 1493 aedificat
978 1454 1156 1509 lupanar
1183 1473 1305 1497 suum
1335 1474 1421 1498 non
1451 1458 1492 1498 in

67 1529 183 1570 omni
215 1529 302 1580 via,
335 1531 410 1571 sed
439 1529 482 1570 in
516 1530 652 1585 capite
687 1529 822 1570 omnis
853 1529 956 1571 viae.
1022 1531 1068 1572 Si
1101 1532 1210 1573 enim
1241 1547 1492 1589 praeventus

68 1605 157 1662 quis
186 1606 315 1647 fuerit
343 1619 442 1663 post
470 1606 730 1662 principium
746 1607 896 1657 RIosis,
929 1609 1149 1649 exordium
1171 1612 1491 1666 prophetarum,

66 1684 117 1723 ad
146 1684 409 1738 profundum
441 1683 527 1741 ejus
561 1695 603 1724 et
631 1683 848 1724 scientiam
880 1685 1069 1725 omnium
1100 1687 1342 1740 pervenire,
1384 1689 1490 1730 nihil

66 1770 207 1814 potest
246 1759 385 1800 facere
424 1760 501 1800 ista
538 1760 737 1801 meretrix
779 1760 1002 1801 aedificans
1047 1762 1224 1817 lupanar
1266 1764 1307 1804 in
1355 1766 1489 1828 caRite

67 1835 204 1876 omnis
234 1835 347 1876 viae:
380 1852 475 1877 eum
507 1837 690 1893 quaerit,
731 1837 801 1892 qui
841 1837 1028 1892 primum
1059 1839 1279 1880 ecclesiam
1310 1841 1490 1894 ingredi-

67 1923 155 1962 tur,
195 1912 266 1968 qui
304 1912 405 1952 fidei
447 1913 654 1953 elementa
691 1913 885 1968 suscipit,
925 1914 995 1969 qui
1035 1916 1151 1956 rudis
1191 1930 1250 1958 est
1288 1919 1328 1959 in
1359 1936 1490 1961 sacra-

66 1988 232 2038 mentis,
267 2005 376 2039 eum,
408 1989 479 2045 qui
510 1989 551 2029 in
586 1988 759 2029 exordio
791 1990 891 2030 fidei
924 1992 1172 2033 constitutus
1205 2006 1278 2045 est,
1309 1997 1400 2037 vult
1429 1997 1490 2037 in-

65 2066 289 2106 troducere
332 2066 376 2106 in
423 2066 599 2122 lupanar
641 2083 785 2117 suum,
830 2067 1051 2110 aedificans
1096 2071 1377 2112 meretriciam
1414 2075 1491 2114 do-

64 2159 195 2184 mum.
253 2142 310 2183 Et
350 2143 445 2198 quia
482 2144 726 2200 frequenter
763 2145 987 2186 fornicatio
1019 2145 1062 2187 in
1094 2147 1323 2203 Scripturis
1352 2151 1491 2191 nomi-

63 2230 204 2269 natur,
246 2235 456 2275 exponere
495 2221 596 2261 volo
635 2221 840 2262 sermonis
880 2222 997 2264 istius
1036 2240 1212 2265 causam.
1280 2224 1490 2268 Ecclesia-

65 2295 177 2346 stici,
218 2296 290 2352 qui
328 2296 369 2337 in
411 2297 586 2338 ecclesia
629 2310 725 2339 sunt
764 2299 970 2351 magistri,
1008 2317 1148 2341 mores
1187 2315 1367 2357 purgant
1402 2316 1487 2346 tam

65 2386 176 2419 suos,
209 2388 333 2426 quam
363 2389 550 2424 suorum,
583 2385 624 2414 et
655 2391 701 2415 ex
726 2375 802 2416 hac
826 2375 1042 2428 diligentia
1066 2378 1288 2419 aedificant
1313 2381 1487 2422 domum

64 2447 149 2488 Dei
181 2447 423 2499 ecclesiam,
464 2462 505 2491 et
545 2467 650 2507 opus
682 2468 830 2493 eorum
860 2454 1097 2495 aedificatio
1129 2455 1213 2496 Dei
1246 2468 1319 2501 est.
1379 2459 1489 2499 Hae-

64 2524 188 2565 retici
226 2524 445 2566 aedificant
484 2527 660 2583 lupanar
695 2528 739 2569 in
779 2530 896 2571 omni
934 2531 1020 2572 via:
1066 2544 1113 2572 ut
1151 2544 1253 2588 puta
1295 2535 1489 2587 magister

63 2602 115 2642 de
148 2601 319 2642 officina
339 2601 564 2652 Valentini,
593 2605 790 2657 magister
820 2608 872 2648 de
905 2619 1029 2649 coetu
1056 2609 1264 2660 Basilidis,
1295 2611 1489 2663 magister

66 2679 117 2718 de
148 2678 419 2719 tabernaculo
436 2678 678 2732 Marcionis,
710 2694 750 2723 et
782 2695 1019 2725 ceterorum
1048 2685 1354 2728 haereticorum
1375 2688 1489 2729 aedi·

180 2832 220 2889 ¹)
250 2835 402 2876 Jerem.
434 2833 507 2883 VI,
540 2831 604 2876 16.
725 2835 768 2892 2)
799 2836 874 2879 Ev.
906 2838 1056 2880 Joann.
1088 2838 1204 2888 XIV,
1236 2840 1273 2884 6.

65 2906 290 2952 Oaienms
316 2909 487 2953 OPERA.
535 2909 654 2952 ΤοΜ.
672 2910 786 2953 XIV.
1159 2914 1187 2956 8
