1759 3134
753 131 892 172 Lim-:R
926 130 954 171 1.
1483 135 1567 181 313

148 261 243 301 prae
277 242 551 301 participibus
579 243 706 284 suis.“
763 241 819 282 Et
857 240 954 281 ideo
997 241 1104 280 odor
1138 254 1446 294 unguentorum
1480 246 1567 303 ejus

148 334 208 364 est
238 339 364 379 super
392 320 533 362 omnia
563 330 760 362 aromata.
821 316 962 360 Simili
1001 329 1141 359 autem
1182 320 1445 376 expositione
1485 324 1566 366 uti-

146 417 262 450 mur,
294 397 420 440 etiam
449 397 482 445 si
512 398 564 439 ad
595 410 931 452 unamquamque
962 394 1144 437 animam
1175 397 1218 439 in
1248 415 1391 441 amore
1423 413 1464 442 et
1494 402 1566 443 de-

146 476 300 518 siderio
344 475 464 516 verbi
507 474 591 516 Dei
635 474 816 531 positam
859 474 1131 515 transferatur
1178 475 1243 515 hic
1289 493 1448 528 sermo,
1499 480 1565 520 cui

145 538 300 595 suerint
331 569 475 594 omnes
507 552 721 594 doctrinae
751 567 829 609 per
861 551 1053 592 ordinem
1085 552 1308 603 decursae,
1339 554 1379 595 in
1413 556 1565 611 quibus

142 643 236 674 ante
275 622 531 683 agnitionem
569 629 686 671 verbi
714 629 799 672 Dei
840 628 1061 671 exercitata
1099 628 1265 671 videtur
1303 642 1344 671 et
1390 633 1567 683 erudita,

139 708 225 750 sive
256 723 304 749 ex
333 707 565 749 moralibus
597 707 909 757 descendentes,
940 706 1026 748 sive
1054 723 1101 749 ex
1115 707 1376 750 naturalibus
1397 709 1565 753 scholis.

139 785 269 827 Erant
299 784 412 826 enim
443 784 482 826 ei
514 784 655 826 omnia
673 774 763 826 *ista
792 795 977 826 aromata
999 787 1204 842 quaedam
1234 803 1314 842 pro
1349 803 1415 837 eo,
1447 789 1564 845 quod

139 863 182 904 in
210 862 273 904 his
304 861 510 904 institutio
542 861 795 918 probabilis,
837 873 879 903 et
914 878 1084 904 morum
1124 863 1387 920 conquiritur
1424 880 1565 908 emen-

140 939 270 992 datio,
301 941 417 997 quod
449 939 779 997 deprehenditur
807 938 851 981 in
880 939 944 982 his
974 940 1132 983 vanitas
1161 942 1330 991 saeculi,
1366 954 1407 984 et
1439 944 1564 985 cadu-

141 1033 283 1059 carum
322 1033 465 1059 rerum
502 1028 757 1074 respuuntur
781 1016 821 1074 ¹)
860 1018 963 1060 falsa
999 1018 1214 1061 miracula.
1292 1019 1422 1062 Erant
1464 1037 1563 1075 ergo

140 1094 178 1136 ei
207 1095 310 1137 haee
342 1095 483 1137 omnia
512 1095 630 1137 velut
659 1106 845 1138 aromata
875 1108 917 1137 et
946 1097 1220 1138 odoramenta
1243 1098 1448 1154 quaedam
1474 1098 1562 1140 ani-

137 1189 231 1215 mae
268 1172 494 1229 pigmenta.
555 1174 642 1216 Sed
680 1173 756 1216 uhi
794 1174 847 1216 ad
872 1173 914 1229 ²)
952 1173 1211 1227 agnitionem
1247 1175 1560 1234 mysteriorum,

141 1262 182 1293 et
226 1250 467 1293 divinorum
508 1252 752 1304 dogmatum
790 1251 1008 1293 scientiam
1046 1263 1219 1293 ventum
1264 1264 1346 1303 est,
1392 1253 1468 1294 uhi
1508 1255 1562 1295 ad

138 1327 280 1385 januas
310 1328 537 1385 sapientiae
567 1328 711 1385 ipsiuS,
743 1329 842 1384 et3)
874 1328 1101 1386 sapientiae
1132 1345 1219 1370 non
1248 1329 1370 1387 hujus
1400 1330 1563 1381 mundi,

137 1422 273 1462 neque
303 1406 546 1463 principum
574 1405 695 1464 hujus
724 1406 892 1456 mundi,
933 1405 1005 1462 qui
1031 1405 1072 1460 ⁴²)
1104 1406 1396 1457 destruuntur,
1427 1423 1565 1449 acces—

136 1500 228 1524 sum
248 1494 321 1534 est,
351 1485 424 1525 sed
447 1485 498 1526 ad
530 1485 664 1541 ipsam
683 1483 767 1525 Dei
798 1483 1058 1540 sapientiam,
1090 1500 1195 1540 quae
1217 1483 1328 1525 inter
1347 1486 1563 1540 perfectos

137 1561 374 1612 disseritur,
416 1574 456 1603 et
485 1562 558 1603 ubi
588 1561 854 1619 mysterium,
888 1562 1003 1618 quod
1033 1560 1246 1618 prioribus
1282 1563 1561 1614 generationi-

135 1641 214 1680 bus
239 1655 325 1680 nou
355 1639 436 1680 fuit
471 1650 645 1688 notum,
683 1638 783 1679 filiis
822 1638 1043 1679 hominum
1082 1640 1315 1680 revelatum
1356 1652 1436 1681 est:
1474 1640 1563 1691 ubi,

137 1716 329 1772 inquam,
375 1716 512 1758 anima
555 1717 608 1758 ad
647 1715 750 1757 tanti
788 1715 1046 1769 agnitionem
1073 1716 1114 1772 ⁵)
1154 1717 1371 1758 adscendit
1411 1717 1563 1768 arcani,

138 1795 290 1836 merito
333 1794 455 1837 dicit:
496 1794 641 1845 „odor
667 1793 712 1850 ⁶)
745 1805 1057 1847 unguentorum
1085 1801 1318 1846 tuorum,“
1358 1819 1410 1827 —
1442 1795 1564 1852 spiri-

138 1872 260 1914 tualis
300 1873 460 1915 scilicet
497 1871 774 1925 intelligentia
813 1883 854 1913 et
891 1871 1087 1930 mystica,
1129 1896 1179 1904 —
1220 1889 1382 1930 „super
1421 1873 1561 1914 omnia

138 1957 357 1992 aromata“
396 1949 570 1991 moralis
609 1949 892 2006 naturalisque
920 1949 1230 2007 philosophiae.
1291 1952 1389 1993 Non
1421 1962 1562 1992 autem

137 2030 263 2070 lateat
291 2045 380 2079 nos,
414 2028 529 2085 quod
560 2027 604 2068 in
625 2027 875 2083 quibusdam
901 2029 1209 2085 exemplaribus
1236 2046 1315 2086 pro
1349 2045 1415 2080 eo,
1445 2030 1560 2087 quod

138 2107 335 2161 legimus:
381 2106 514 2163 „quia
542 2106 581 2161 7)
627 2106 740 2146 bona
782 2118 878 2147 sunt
917 2108 1045 2148 ubera
1084 2119 1156 2149 tua
1192 2124 1318 2164 super
1359 2106 1561 2149 vinum:“

138 2185 371 2228 invenimus
408 2183 632 2241 scriptum:
678 2183 814 2240 „quia
835 2183 878 2240 3)
920 2186 1059 2227 bonae
1097 2196 1192 2227 sunt
1232 2185 1428 2242 loquelae
1468 2196 1563 2227 tuae

256 2404 296 2461 ¹)
326 2403 434 2446 Edd.
465 2402 661 2445 Merlini:
692 2402 988 2459 respiciuntur.

253 2475 296 2530 ²)
323 2475 432 2517 Edd.
462 2472 659 2515 Merlini:
689 2474 780 2525 „ad
814 2474 1100 2528 cognitionem
1131 2474 1374 2519 divinorum
1410 2488 1563 2535 myste-

139 2533 335 2576 riorum“
369 2543 446 2573 etc.

254 2603 298 2659 ³)
328 2601 438 2643 Edd.
469 2600 664 2644 Merlini:
697 2613 738 2643 et
766 2618 854 2644 non
884 2602 1113 2660 sapientiae
1143 2616 1220 2646 etc.

256 2673 299 2730 ⁴)
329 2673 439 2715 Edd.
470 2671 663 2714 MerlinI:
696 2689 801 2730 quae
832 2674 1114 2718 destruuntur.

261 2741 304 2800 ⁵)
334 2743 442 2785 Edd.
475 2742 671 2785 Merlini:
705 2742 1005 2797 cognitionem.

219 2825 222 2827 ’
258 2813 301 2870 ⁶)
334 2812 494 2856 Cantic.
525 2813 559 2864 I,
590 2812 630 2857 3.
751 2814 793 2871 ⁷)
825 2813 983 2859 Cantic.
1015 2816 1050 2868 I,
1081 2816 1121 2862 2.

261 2884 305 2942 8)
337 2883 425 2927 Cfr.
457 2881 616 2927 cantic.
646 2884 680 2935 l,
708 2883 748 2928 2.
