<?xml version="1.0" encoding="UTF-8"?>
<!DOCTYPE html PUBLIC "-//W3C//DTD XHTML 1.0 Transitional//EN"
    "http://www.w3.org/TR/xhtml1/DTD/xhtml1-transitional.dtd">
<html xmlns="http://www.w3.org/1999/xhtml" xml:lang="en" lang="en">
 <head>
  <title>
</title>
<meta http-equiv="Content-Type" content="text/html;charset=utf-8" />
  <meta name='ocr-system' content='tesseract 3.04.00' />
  <meta name='ocr-capabilities' content='ocr_page ocr_carea ocr_par ocr_line ocrx_word'/>
</head>
<body>
  <div class='ocr_page' id='page_1' title='image "./operaomniaquaegr14orig/operaomniaquaegr14orig_0385.png"; bbox 0 0 1759 3134; ppageno 0'>
   <div class='ocr_carea' id='block_1_1' title="bbox 714 119 1537 166">
    <p class='ocr_par' dir='ltr' id='par_1_1' title="bbox 714 119 1537 166">
     <span class='ocr_line' id='line_1_1' title="bbox 714 119 1537 166; baseline 0.006 -5"><span class='ocrx_word' id='word_1_1' title='bbox 714 120 856 162; x_wconf 67' lang='lat' dir='ltr'><strong>Lmen</strong></span> <span class='ocrx_word' id='word_1_2' title='bbox 886 119 940 160; x_wconf 92' lang='grc' dir='ltr'><strong>ΙΙ.</strong></span> <span class='ocrx_word' id='word_1_3' title='bbox 1455 122 1537 166; x_wconf 84' lang='grc'><strong>369</strong></span> 
     </span>
    </p>
   </div>
   <div class='ocr_carea' id='block_1_2' title="bbox 106 230 1537 2228">
    <p class='ocr_par' dir='ltr' id='par_1_2' title="bbox 106 230 1537 2228">
     <span class='ocr_line' id='line_1_2' title="bbox 114 230 1537 289; baseline 0.001 -17"><span class='ocrx_word' id='word_1_4' title='bbox 114 232 211 288; x_wconf 86' lang='lat' dir='ltr'><strong>quia</strong></span> <span class='ocrx_word' id='word_1_5' title='bbox 240 248 325 272; x_wconf 92' lang='lat' dir='ltr'><strong>non</strong></span> <span class='ocrx_word' id='word_1_6' title='bbox 356 232 484 273; x_wconf 84' lang='lat' dir='ltr'><strong>fuerit</strong></span> <span class='ocrx_word' id='word_1_7' title='bbox 514 234 710 283; x_wconf 84' lang='lat' dir='ltr'><strong>verbum,</strong></span> <span class='ocrx_word' id='word_1_8' title='bbox 764 232 879 289; x_wconf 89' lang='lat' dir='ltr'><strong>quod</strong></span> <span class='ocrx_word' id='word_1_9' title='bbox 909 247 994 272; x_wconf 88' lang='lat' dir='ltr'><strong>non</strong></span> <span class='ocrx_word' id='word_1_10' title='bbox 1033 230 1309 272; x_wconf 79' lang='lat' dir='ltr'>enuntiaverit</span> <span class='ocrx_word' id='word_1_11' title='bbox 1339 232 1537 288; x_wconf 85' lang='lat' dir='ltr'><strong>pacificus</strong></span> 
     </span>
     <span class='ocr_line' id='line_1_3' title="bbox 112 308 1535 362; baseline 0.001 -13"><span class='ocrx_word' id='word_1_12' title='bbox 112 309 324 350; x_wconf 83' lang='lat' dir='ltr'>Dominus</span> <span class='ocrx_word' id='word_1_13' title='bbox 365 309 529 361; x_wconf 83' lang='lat' dir='ltr'><strong>reginae</strong></span> <span class='ocrx_word' id='word_1_14' title='bbox 574 311 729 360; x_wconf 84' lang='lat' dir='ltr'>Sabae,</span> <span class='ocrx_word' id='word_1_15' title='bbox 777 308 822 349; x_wconf 88' lang='lat' dir='ltr'><strong>id</strong></span> <span class='ocrx_word' id='word_1_16' title='bbox 870 319 953 359; x_wconf 85' lang='lat' dir='ltr'><strong>est,</strong></span> <span class='ocrx_word' id='word_1_17' title='bbox 998 309 1198 350; x_wconf 82' lang='lat' dir='ltr'><strong>ecclesiae</strong></span> <span class='ocrx_word' id='word_1_18' title='bbox 1249 326 1294 349; x_wconf 77' lang='lat' dir='ltr'><strong>ex</strong></span> <span class='ocrx_word' id='word_1_19' title='bbox 1346 309 1535 362; x_wconf 86' lang='lat' dir='ltr'><strong>gentibus</strong></span> 
     </span>
     <span class='ocr_line' id='line_1_4' title="bbox 118 385 1535 444; baseline 0.001 -17"><span class='ocrx_word' id='word_1_20' title='bbox 118 398 398 440; x_wconf 79' lang='lat' dir='ltr'>congregatae.</span> <span class='ocrx_word' id='word_1_21' title='bbox 448 386 615 441; x_wconf 84' lang='lat' dir='ltr'><strong>Quodsi</strong></span> <span class='ocrx_word' id='word_1_22' title='bbox 643 385 843 428; x_wconf 87' lang='lat' dir='ltr'><strong>intuearis</strong></span> <span class='ocrx_word' id='word_1_23' title='bbox 870 385 1071 426; x_wconf 86' lang='lat' dir='ltr'><strong>ecclesiae</strong></span> <span class='ocrx_word' id='word_1_24' title='bbox 1097 397 1272 437; x_wconf 87' lang='lat' dir='ltr'><strong>statum,</strong></span> <span class='ocrx_word' id='word_1_25' title='bbox 1306 399 1346 428; x_wconf 89' lang='lat' dir='ltr'><strong>et</strong></span> <span class='ocrx_word' id='word_1_26' title='bbox 1369 388 1535 444; x_wconf 85' lang='lat' dir='ltr'><strong>dispen-</strong></span> 
     </span>
     <span class='ocr_line' id='line_1_5' title="bbox 114 461 1533 520; baseline 0.001 -16"><span class='ocrx_word' id='word_1_27' title='bbox 114 464 293 504; x_wconf 84' lang='lat' dir='ltr'><strong>sationes</strong></span> <span class='ocrx_word' id='word_1_28' title='bbox 335 462 442 520; x_wconf 87' lang='lat' dir='ltr'><strong>ejus‚</strong></span> <span class='ocrx_word' id='word_1_29' title='bbox 491 463 860 519; x_wconf 81' lang='lat' dir='ltr'>ordinationesque</span> <span class='ocrx_word' id='word_1_30' title='bbox 901 461 987 520; x_wconf 85' lang='lat' dir='ltr'><strong>ejus</strong></span> <span class='ocrx_word' id='word_1_31' title='bbox 1028 462 1288 514; x_wconf 79' lang='lat' dir='ltr'><strong>consideres,</strong></span> <span class='ocrx_word' id='word_1_32' title='bbox 1334 476 1432 505; x_wconf 85' lang='lat' dir='ltr'><strong>tunc</strong></span> <span class='ocrx_word' id='word_1_33' title='bbox 1463 466 1533 505; x_wconf 87' lang='lat' dir='ltr'><strong>ad-</strong></span> 
     </span>
     <span class='ocr_line' id='line_1_6' title="bbox 110 539 1530 596; baseline 0.002 -16"><span class='ocrx_word' id='word_1_34' title='bbox 110 552 266 590; x_wconf 86' lang='lat' dir='ltr'><strong>vertes,</strong></span> <span class='ocrx_word' id='word_1_35' title='bbox 317 541 533 596; x_wconf 88' lang='lat' dir='ltr'><strong>quomodo</strong></span> <span class='ocrx_word' id='word_1_36' title='bbox 577 539 716 592; x_wconf 83' lang='lat' dir='ltr'><strong>regina</strong></span> <span class='ocrx_word' id='word_1_37' title='bbox 755 539 903 580; x_wconf 85' lang='lat' dir='ltr'><strong>mirata</strong></span> <span class='ocrx_word' id='word_1_38' title='bbox 943 540 996 581; x_wconf 87' lang='lat' dir='ltr'><strong>sit</strong></span> <span class='ocrx_word' id='word_1_39' title='bbox 1048 556 1218 580; x_wconf 86' lang='lat' dir='ltr'><strong>omnem</strong></span> <span class='ocrx_word' id='word_1_40' title='bbox 1265 542 1530 596; x_wconf 75' lang='lat' dir='ltr'><strong>prudentiam</strong></span> 
     </span>
     <span class='ocr_line' id='line_1_7' title="bbox 110 616 1531 672; baseline 0.001 -13"><span class='ocrx_word' id='word_1_41' title='bbox 110 616 362 659; x_wconf 89' lang='lat' dir='ltr'><strong>Salomonis.</strong></span> <span class='ocrx_word' id='word_1_42' title='bbox 439 617 575 660; x_wconf 90' lang='lat' dir='ltr'><strong>Simul</strong></span> <span class='ocrx_word' id='word_1_43' title='bbox 617 629 657 658; x_wconf 92' lang='lat' dir='ltr'><strong>et</strong></span> <span class='ocrx_word' id='word_1_44' title='bbox 699 616 888 672; x_wconf 83' lang='lat' dir='ltr'><strong>require,</strong></span> <span class='ocrx_word' id='word_1_45' title='bbox 938 633 1011 658; x_wconf 89' lang='lat' dir='ltr'><strong>cur</strong></span> <span class='ocrx_word' id='word_1_46' title='bbox 1048 633 1134 658; x_wconf 87' lang='lat' dir='ltr'><strong>non</strong></span> <span class='ocrx_word' id='word_1_47' title='bbox 1172 616 1323 658; x_wconf 82' lang='lat' dir='ltr'><strong>dixerit</strong></span> <span class='ocrx_word' id='word_1_48' title='bbox 1362 635 1531 660; x_wconf 90' lang='lat' dir='ltr'><strong>omnem</strong></span> 
     </span>
     <span class='ocr_line' id='line_1_8' title="bbox 107 693 1532 752; baseline 0.002 -17"><span class='ocrx_word' id='word_1_49' title='bbox 107 694 354 751; x_wconf 84' lang='lat' dir='ltr'><strong>sapientiam</strong></span> <span class='ocrx_word' id='word_1_50' title='bbox 373 726 383 745; x_wconf 86' lang='lat'>,</span> <span class='ocrx_word' id='word_1_51' title='bbox 424 695 497 736; x_wconf 88' lang='lat' dir='ltr'><strong>sed</strong></span> <span class='ocrx_word' id='word_1_52' title='bbox 528 710 696 736; x_wconf 88' lang='lat' dir='ltr'><strong>omnem</strong></span> <span class='ocrx_word' id='word_1_53' title='bbox 727 693 997 750; x_wconf 84' lang='lat' dir='ltr'><strong>prudentiam</strong></span> <span class='ocrx_word' id='word_1_54' title='bbox 1029 694 1293 736; x_wconf 80' lang='lat' dir='ltr'><strong>Salomonis:</strong></span> <span class='ocrx_word' id='word_1_55' title='bbox 1334 697 1532 752; x_wconf 89' lang='lat' dir='ltr'><strong>quoniam</strong></span> 
     </span>
     <span class='ocr_line' id='line_1_9' title="bbox 112 770 1532 828; baseline 0.003 -16"><span class='ocrx_word' id='word_1_56' title='bbox 112 770 283 828; x_wconf 86' lang='lat' dir='ltr'><strong>quidem</strong></span> <span class='ocrx_word' id='word_1_57' title='bbox 315 771 468 813; x_wconf 88' lang='lat' dir='ltr'><strong>eruditi</strong></span> <span class='ocrx_word' id='word_1_58' title='bbox 500 771 577 812; x_wconf 85' lang='lat' dir='ltr'><strong>viri</strong></span> <span class='ocrx_word' id='word_1_59' title='bbox 607 770 874 827; x_wconf 80' lang='lat' dir='ltr'><strong>prudentiam</strong></span> <span class='ocrx_word' id='word_1_60' title='bbox 917 772 968 812; x_wconf 89' lang='lat' dir='ltr'><strong>de</strong></span> <span class='ocrx_word' id='word_1_61' title='bbox 998 772 1188 813; x_wconf 88' lang='lat' dir='ltr'><strong>humanis</strong></span> <span class='ocrx_word' id='word_1_62' title='bbox 1225 773 1425 825; x_wconf 83' lang='lat' dir='ltr'><strong>negotiis,</strong></span> <span class='ocrx_word' id='word_1_63' title='bbox 1471 791 1532 816; x_wconf 83' lang='lat' dir='ltr'><strong>sa-</strong></span> 
     </span>
     <span class='ocr_line' id='line_1_10' title="bbox 107 848 1533 904; baseline 0.004 -15"><span class='ocrx_word' id='word_1_64' title='bbox 107 848 310 904; x_wconf 83' lang='lat' dir='ltr'><strong>pientiam</strong></span> <span class='ocrx_word' id='word_1_65' title='bbox 363 850 414 889; x_wconf 90' lang='lat' dir='ltr'><strong>de</strong></span> <span class='ocrx_word' id='word_1_66' title='bbox 468 848 617 889; x_wconf 87' lang='lat' dir='ltr'><strong>divinis</strong></span> <span class='ocrx_word' id='word_1_67' title='bbox 668 848 844 901; x_wconf 84' lang='lat' dir='ltr'><strong>intelligi</strong></span> <span class='ocrx_word' id='word_1_68' title='bbox 895 849 1055 891; x_wconf 84' lang='lat' dir='ltr'><strong>volunt.</strong></span> <span class='ocrx_word' id='word_1_69' title='bbox 1131 850 1297 892; x_wconf 78' lang='lat' dir='ltr'><strong>Idcirco</strong></span> <span class='ocrx_word' id='word_1_70' title='bbox 1347 854 1533 894; x_wconf 81' lang='lat' dir='ltr'><strong>fortassis</strong></span> 
     </span>
     <span class='ocr_line' id='line_1_11' title="bbox 108 925 1534 982; baseline 0.004 -16"><span class='ocrx_word' id='word_1_71' title='bbox 108 937 149 966; x_wconf 89' lang='lat' dir='ltr'><strong>et</strong></span> <span class='ocrx_word' id='word_1_72' title='bbox 175 927 213 982; x_wconf 90' lang='lat'><strong>¹)</strong></span> <span class='ocrx_word' id='word_1_73' title='bbox 255 926 429 967; x_wconf 89' lang='lat' dir='ltr'><strong>ecclesia</strong></span> <span class='ocrx_word' id='word_1_74' title='bbox 485 942 594 966; x_wconf 88' lang='lat' dir='ltr'><strong>nunc</strong></span> <span class='ocrx_word' id='word_1_75' title='bbox 634 925 803 966; x_wconf 84' lang='lat' dir='ltr'><strong>interim</strong></span> <span class='ocrx_word' id='word_1_76' title='bbox 843 926 996 967; x_wconf 86' lang='lat' dir='ltr'><strong>Christi</strong></span> <span class='ocrx_word' id='word_1_77' title='bbox 1036 927 1305 982; x_wconf 83' lang='lat' dir='ltr'><strong>prudentiam</strong></span> <span class='ocrx_word' id='word_1_78' title='bbox 1346 929 1534 982; x_wconf 87' lang='lat' dir='ltr'><strong>miratur,</strong></span> 
     </span>
     <span class='ocr_line' id='line_1_12' title="bbox 108 1002 1534 1053; baseline 0.004 -10"><span class='ocrx_word' id='word_1_79' title='bbox 108 1004 209 1043; x_wconf 86' lang='lat' dir='ltr'><strong>dum</strong></span> <span class='ocrx_word' id='word_1_80' title='bbox 248 1003 291 1044; x_wconf 87' lang='lat' dir='ltr'><strong>in</strong></span> <span class='ocrx_word' id='word_1_81' title='bbox 329 1003 450 1044; x_wconf 88' lang='lat' dir='ltr'><strong>terris</strong></span> <span class='ocrx_word' id='word_1_82' title='bbox 490 1014 573 1053; x_wconf 81' lang='lat' dir='ltr'><strong>est,</strong></span> <span class='ocrx_word' id='word_1_83' title='bbox 625 1014 666 1043; x_wconf 86' lang='lat' dir='ltr'><strong>et</strong></span> <span class='ocrx_word' id='word_1_84' title='bbox 704 1002 813 1044; x_wconf 88' lang='lat' dir='ltr'><strong>inter</strong></span> <span class='ocrx_word' id='word_1_85' title='bbox 853 1003 1044 1045; x_wconf 88' lang='lat' dir='ltr'><strong>homines</strong></span> <span class='ocrx_word' id='word_1_86' title='bbox 1085 1017 1364 1048; x_wconf 74' lang='lat' dir='ltr'><strong>conversatur.</strong></span> <span class='ocrx_word' id='word_1_87' title='bbox 1426 1007 1534 1049; x_wconf 87' lang='lat' dir='ltr'><strong>Cum</strong></span> 
     </span>
     <span class='ocr_line' id='line_1_13' title="bbox 109 1080 1533 1136; baseline 0.004 -15"><span class='ocrx_word' id='word_1_88' title='bbox 109 1092 250 1122; x_wconf 86' lang='lat' dir='ltr'><strong>autem</strong></span> <span class='ocrx_word' id='word_1_89' title='bbox 281 1080 443 1121; x_wconf 87' lang='lat' dir='ltr'><strong>venerit</strong></span> <span class='ocrx_word' id='word_1_90' title='bbox 478 1080 594 1136; x_wconf 91' lang='lat' dir='ltr'><strong>quod</strong></span> <span class='ocrx_word' id='word_1_91' title='bbox 623 1080 861 1136; x_wconf 83' lang='lat' dir='ltr'><strong>perfectum</strong></span> <span class='ocrx_word' id='word_1_92' title='bbox 904 1093 986 1132; x_wconf 88' lang='lat' dir='ltr'><strong>est,</strong></span> <span class='ocrx_word' id='word_1_93' title='bbox 1033 1093 1073 1122; x_wconf 93' lang='lat' dir='ltr'><strong>et</strong></span> <span class='ocrx_word' id='word_1_94' title='bbox 1105 1082 1156 1122; x_wconf 90' lang='lat' dir='ltr'><strong>de</strong></span> <span class='ocrx_word' id='word_1_95' title='bbox 1187 1083 1309 1123; x_wconf 87' lang='lat' dir='ltr'><strong>terris</strong></span> <span class='ocrx_word' id='word_1_96' title='bbox 1338 1085 1533 1126; x_wconf 86' lang='lat' dir='ltr'><strong>translata</strong></span> 
     </span>
     <span class='ocr_line' id='line_1_14' title="bbox 107 1158 1532 1221; baseline 0.004 -23"><span class='ocrx_word' id='word_1_97' title='bbox 107 1158 236 1199; x_wconf 89' lang='lat' dir='ltr'><strong>suerit</strong></span> <span class='ocrx_word' id='word_1_98' title='bbox 268 1159 320 1199; x_wconf 90' lang='lat' dir='ltr'><strong>ad</strong></span> <span class='ocrx_word' id='word_1_99' title='bbox 361 1158 552 1209; x_wconf 91' lang='lat' dir='ltr'><strong>coelum,</strong></span> <span class='ocrx_word' id='word_1_100' title='bbox 592 1169 692 1198; x_wconf 89' lang='lat' dir='ltr'><strong>tunc</strong></span> <span class='ocrx_word' id='word_1_101' title='bbox 733 1158 893 1200; x_wconf 88' lang='lat' dir='ltr'><strong>videbit</strong></span> <span class='ocrx_word' id='word_1_102' title='bbox 933 1175 1103 1200; x_wconf 88' lang='lat' dir='ltr'><strong>omnem</strong></span> <span class='ocrx_word' id='word_1_103' title='bbox 1143 1160 1392 1216; x_wconf 85' lang='lat' dir='ltr'><strong>sapientiam</strong></span> <span class='ocrx_word' id='word_1_104' title='bbox 1431 1162 1532 1221; x_wconf 83' lang='lat' dir='ltr'><strong>ejus,</strong></span> 
     </span>
     <span class='ocr_line' id='line_1_15' title="bbox 110 1234 1532 1294; baseline 0.003 -17"><span class='ocrx_word' id='word_1_105' title='bbox 110 1253 207 1277; x_wconf 91' lang='lat' dir='ltr'><strong>cum</strong></span> <span class='ocrx_word' id='word_1_106' title='bbox 235 1234 320 1294; x_wconf 81' lang='lat' dir='ltr'><strong>jam</strong></span> <span class='ocrx_word' id='word_1_107' title='bbox 353 1252 440 1277; x_wconf 89' lang='lat' dir='ltr'><strong>non</strong></span> <span class='ocrx_word' id='word_1_108' title='bbox 470 1252 549 1292; x_wconf 85' lang='lat' dir='ltr'><strong>per</strong></span> <span class='ocrx_word' id='word_1_109' title='bbox 579 1235 786 1291; x_wconf 87' lang='lat' dir='ltr'><strong>speciem,</strong></span> <span class='ocrx_word' id='word_1_110' title='bbox 815 1253 900 1278; x_wconf 88' lang='lat' dir='ltr'><strong>non</strong></span> <span class='ocrx_word' id='word_1_111' title='bbox 932 1253 1010 1293; x_wconf 91' lang='lat' dir='ltr'><strong>per</strong></span> <span class='ocrx_word' id='word_1_112' title='bbox 1040 1237 1289 1290; x_wconf 86' lang='lat' dir='ltr'><strong>aenigmata,</strong></span> <span class='ocrx_word' id='word_1_113' title='bbox 1322 1241 1395 1280; x_wconf 88' lang='lat' dir='ltr'><strong>sed</strong></span> <span class='ocrx_word' id='word_1_114' title='bbox 1426 1240 1532 1281; x_wconf 83' lang='lat' dir='ltr'><strong>facie</strong></span> 
     </span>
     <span class='ocr_line' id='line_1_16' title="bbox 109 1313 1531 1371; baseline 0.003 -17"><span class='ocrx_word' id='word_1_115' title='bbox 109 1315 161 1354; x_wconf 90' lang='lat' dir='ltr'><strong>ad</strong></span> <span class='ocrx_word' id='word_1_116' title='bbox 192 1314 344 1355; x_wconf 84' lang='lat' dir='ltr'><strong>faciem</strong></span> <span class='ocrx_word' id='word_1_117' title='bbox 377 1315 427 1354; x_wconf 92' lang='lat' dir='ltr'><strong>de</strong></span> <span class='ocrx_word' id='word_1_118' title='bbox 467 1313 638 1366; x_wconf 86' lang='lat' dir='ltr'><strong>singulis</strong></span> <span class='ocrx_word' id='word_1_119' title='bbox 672 1314 906 1370; x_wconf 90' lang='lat' dir='ltr'><strong>quibusque</strong></span> <span class='ocrx_word' id='word_1_120' title='bbox 943 1316 1184 1371; x_wconf 88' lang='lat' dir='ltr'><strong>perspiciet.</strong></span> <span class='ocrx_word' id='word_1_121' title='bbox 1244 1317 1363 1358; x_wconf 86' lang='lat' dir='ltr'><strong>Vidit</strong></span> <span class='ocrx_word' id='word_1_122' title='bbox 1392 1330 1531 1360; x_wconf 89' lang='lat' dir='ltr'><strong>autem</strong></span> 
     </span>
     <span class='ocr_line' id='line_1_17' title="bbox 111 1391 1531 1453; baseline 0.004 -21"><span class='ocrx_word' id='word_1_123' title='bbox 111 1403 152 1432; x_wconf 93' lang='lat' dir='ltr'><strong>et</strong></span> <span class='ocrx_word' id='word_1_124' title='bbox 183 1393 372 1443; x_wconf 85' lang='lat' dir='ltr'><strong>domum,</strong></span> <span class='ocrx_word' id='word_1_125' title='bbox 404 1408 527 1448; x_wconf 90' lang='lat' dir='ltr'><strong>quam</strong></span> <span class='ocrx_word' id='word_1_126' title='bbox 549 1391 798 1442; x_wconf 85' lang='lat' dir='ltr'><strong>aedificavit,</strong></span> <span class='ocrx_word' id='word_1_127' title='bbox 829 1392 918 1433; x_wconf 88' lang='lat' dir='ltr'><strong>sine</strong></span> <span class='ocrx_word' id='word_1_128' title='bbox 951 1392 1081 1432; x_wconf 88' lang='lat' dir='ltr'><strong>dubio</strong></span> <span class='ocrx_word' id='word_1_129' title='bbox 1112 1394 1410 1436; x_wconf 84' lang='lat' dir='ltr'><strong>incarnationis</strong></span> <span class='ocrx_word' id='word_1_130' title='bbox 1444 1395 1531 1453; x_wconf 88' lang='lat' dir='ltr'><strong>ejus</strong></span> 
     </span>
     <span class='ocr_line' id='line_1_18' title="bbox 108 1468 1530 1527; baseline 0.003 -17"><span class='ocrx_word' id='word_1_131' title='bbox 108 1470 315 1527; x_wconf 75' lang='lat' dir='ltr'><strong>mysteria.</strong></span> <span class='ocrx_word' id='word_1_132' title='bbox 386 1470 481 1525; x_wconf 87' lang='lat' dir='ltr'><strong>Ipsa</strong></span> <span class='ocrx_word' id='word_1_133' title='bbox 530 1481 590 1510; x_wconf 87' lang='lat' dir='ltr'><strong>est</strong></span> <span class='ocrx_word' id='word_1_134' title='bbox 630 1468 740 1509; x_wconf 88' lang='lat' dir='ltr'><strong>enim</strong></span> <span class='ocrx_word' id='word_1_135' title='bbox 783 1469 953 1520; x_wconf 88' lang='lat' dir='ltr'><strong>domus,</strong></span> <span class='ocrx_word' id='word_1_136' title='bbox 999 1486 1125 1526; x_wconf 89' lang='lat' dir='ltr'><strong>quam</strong></span> <span class='ocrx_word' id='word_1_137' title='bbox 1177 1471 1412 1513; x_wconf 84' lang='lat' dir='ltr'><strong>aedificavit</strong></span> <span class='ocrx_word' id='word_1_138' title='bbox 1452 1473 1530 1514; x_wconf 82' lang='lat' dir='ltr'><strong>sibi</strong></span> 
     </span>
     <span class='ocr_line' id='line_1_19' title="bbox 106 1545 1533 1606; baseline 0.003 -19"><span class='ocrx_word' id='word_1_139' title='bbox 106 1546 320 1603; x_wconf 83' lang='lat' dir='ltr'><strong>sapientia.</strong></span> <span class='ocrx_word' id='word_1_140' title='bbox 376 1545 494 1587; x_wconf 86' lang='lat' dir='ltr'><strong>Vidit</strong></span> <span class='ocrx_word' id='word_1_141' title='bbox 525 1558 566 1586; x_wconf 89' lang='lat' dir='ltr'><strong>et</strong></span> <span class='ocrx_word' id='word_1_142' title='bbox 597 1546 713 1587; x_wconf 89' lang='lat' dir='ltr'><strong>cibos</strong></span> <span class='ocrx_word' id='word_1_143' title='bbox 743 1547 998 1589; x_wconf 85' lang='lat' dir='ltr'><strong>Salomonis.</strong></span> <span class='ocrx_word' id='word_1_144' title='bbox 1059 1549 1163 1589; x_wconf 87' lang='lat' dir='ltr'><strong>Illos</strong></span> <span class='ocrx_word' id='word_1_145' title='bbox 1194 1560 1322 1603; x_wconf 88' lang='lat' dir='ltr'><strong>puto,</strong></span> <span class='ocrx_word' id='word_1_146' title='bbox 1356 1550 1407 1590; x_wconf 91' lang='lat' dir='ltr'><strong>de</strong></span> <span class='ocrx_word' id='word_1_147' title='bbox 1441 1551 1533 1606; x_wconf 86' lang='lat' dir='ltr'><strong>qui-</strong></span> 
     </span>
     <span class='ocr_line' id='line_1_20' title="bbox 107 1622 1533 1681; baseline 0.003 -16"><span class='ocrx_word' id='word_1_148' title='bbox 107 1626 185 1666; x_wconf 90' lang='lat' dir='ltr'><strong>bus</strong></span> <span class='ocrx_word' id='word_1_149' title='bbox 229 1625 415 1666; x_wconf 87' lang='lat' dir='ltr'><strong>dicebat:</strong></span> <span class='ocrx_word' id='word_1_150' title='bbox 456 1640 610 1674; x_wconf 87' lang='lat' dir='ltr'><strong>„meus</strong></span> <span class='ocrx_word' id='word_1_151' title='bbox 626 1622 668 1681; x_wconf 84' lang='lat'><strong>²)</strong></span> <span class='ocrx_word' id='word_1_152' title='bbox 713 1624 829 1664; x_wconf 85' lang='lat' dir='ltr'><strong>cibus</strong></span> <span class='ocrx_word' id='word_1_153' title='bbox 869 1634 948 1673; x_wconf 89' lang='lat' dir='ltr'><strong>est,</strong></span> <span class='ocrx_word' id='word_1_154' title='bbox 997 1635 1044 1664; x_wconf 90' lang='lat' dir='ltr'><strong>ut</strong></span> <span class='ocrx_word' id='word_1_155' title='bbox 1081 1624 1230 1666; x_wconf 85' lang='lat' dir='ltr'><strong>faciam</strong></span> <span class='ocrx_word' id='word_1_156' title='bbox 1270 1627 1533 1669; x_wconf 87' lang='lat' dir='ltr'><strong>voluntatem</strong></span> 
     </span>
     <span class='ocr_line' id='line_1_21' title="bbox 109 1700 1534 1760; baseline 0.004 -19"><span class='ocrx_word' id='word_1_157' title='bbox 109 1701 218 1760; x_wconf 87' lang='lat' dir='ltr'><strong>ejus,</strong></span> <span class='ocrx_word' id='word_1_158' title='bbox 260 1701 332 1758; x_wconf 90' lang='lat' dir='ltr'><strong>qui</strong></span> <span class='ocrx_word' id='word_1_159' title='bbox 362 1700 476 1741; x_wconf 87' lang='lat' dir='ltr'><strong>misit</strong></span> <span class='ocrx_word' id='word_1_160' title='bbox 502 1717 591 1751; x_wconf 88' lang='lat' dir='ltr'><strong>me,</strong></span> <span class='ocrx_word' id='word_1_161' title='bbox 632 1712 679 1742; x_wconf 91' lang='lat' dir='ltr'><strong>ut</strong></span> <span class='ocrx_word' id='word_1_162' title='bbox 707 1701 924 1757; x_wconf 87' lang='lat' dir='ltr'><strong>perficiam</strong></span> <span class='ocrx_word' id='word_1_163' title='bbox 955 1702 1116 1758; x_wconf 77' lang='lat' dir='ltr'><strong>opu33)</strong></span> <span class='ocrx_word' id='word_1_164' title='bbox 1149 1702 1284 1760; x_wconf 83' lang='lat' dir='ltr'><strong>ejus.“</strong></span> <span class='ocrx_word' id='word_1_165' title='bbox 1343 1704 1462 1746; x_wconf 89' lang='lat' dir='ltr'><strong>Vidit</strong></span> <span class='ocrx_word' id='word_1_166' title='bbox 1493 1718 1534 1746; x_wconf 87' lang='lat' dir='ltr'><strong>et</strong></span> 
     </span>
     <span class='ocr_line' id='line_1_22' title="bbox 110 1777 1531 1836; baseline 0.002 -16"><span class='ocrx_word' id='word_1_167' title='bbox 110 1780 254 1821; x_wconf 87' lang='lat' dir='ltr'><strong>sedem</strong></span> <span class='ocrx_word' id='word_1_168' title='bbox 283 1794 517 1836; x_wconf 87' lang='lat' dir='ltr'><strong>puerorum</strong></span> <span class='ocrx_word' id='word_1_169' title='bbox 548 1777 648 1836; x_wconf 84' lang='lat' dir='ltr'><strong>ejus.</strong></span> <span class='ocrx_word' id='word_1_170' title='bbox 704 1777 1063 1829; x_wconf 83' lang='lat' dir='ltr'><strong>Ecclesiasticum‚</strong></span> <span class='ocrx_word' id='word_1_171' title='bbox 1093 1791 1213 1835; x_wconf 87' lang='lat' dir='ltr'><strong>puto,</strong></span> <span class='ocrx_word' id='word_1_172' title='bbox 1246 1780 1439 1822; x_wconf 90' lang='lat' dir='ltr'><strong>ordinem</strong></span> <span class='ocrx_word' id='word_1_173' title='bbox 1470 1782 1531 1823; x_wconf 79' lang='lat' dir='ltr'><strong>di-</strong></span> 
     </span>
     <span class='ocr_line' id='line_1_23' title="bbox 111 1855 1531 1913; baseline 0.003 -16"><span class='ocrx_word' id='word_1_174' title='bbox 111 1857 245 1913; x_wconf 77' lang='lat' dir='ltr'><strong>cit⁴),</strong></span> <span class='ocrx_word' id='word_1_175' title='bbox 290 1856 363 1913; x_wconf 88' lang='lat' dir='ltr'><strong>qui</strong></span> <span class='ocrx_word' id='word_1_176' title='bbox 389 1856 433 1898; x_wconf 87' lang='lat' dir='ltr'><strong>in</strong></span> <span class='ocrx_word' id='word_1_177' title='bbox 465 1856 731 1913; x_wconf 86' lang='lat' dir='ltr'><strong>episcopatus</strong></span> <span class='ocrx_word' id='word_1_178' title='bbox 762 1856 829 1897; x_wconf 89' lang='lat' dir='ltr'><strong>vel</strong></span> <span class='ocrx_word' id='word_1_179' title='bbox 862 1855 1112 1913; x_wconf 85' lang='lat' dir='ltr'><strong>presbyterii</strong></span> <span class='ocrx_word' id='word_1_180' title='bbox 1142 1857 1310 1898; x_wconf 89' lang='lat' dir='ltr'><strong>sedibus</strong></span> <span class='ocrx_word' id='word_1_181' title='bbox 1341 1858 1531 1902; x_wconf 85' lang='lat' dir='ltr'><strong>habetur.</strong></span> 
     </span>
     <span class='ocr_line' id='line_1_24' title="bbox 111 1933 1532 1994; baseline 0.001 -18"><span class='ocrx_word' id='word_1_182' title='bbox 111 1934 230 1976; x_wconf 85' lang='lat' dir='ltr'><strong>Vidit</strong></span> <span class='ocrx_word' id='word_1_183' title='bbox 262 1934 359 1990; x_wconf 87' lang='lat' dir='ltr'><strong>et⁵)</strong></span> <span class='ocrx_word' id='word_1_184' title='bbox 393 1934 694 1984; x_wconf 87' lang='lat' dir='ltr'><strong>ordinationes,</strong></span> <span class='ocrx_word' id='word_1_185' title='bbox 724 1933 811 1975; x_wconf 88' lang='lat' dir='ltr'><strong>sive</strong></span> <span class='ocrx_word' id='word_1_186' title='bbox 841 1933 1039 1974; x_wconf 88' lang='lat' dir='ltr'><strong>stationes</strong></span> <span class='ocrx_word' id='word_1_187' title='bbox 1055 1933 1097 1990; x_wconf 79' lang='lat'><strong>⁶)</strong></span> <span class='ocrx_word' id='word_1_188' title='bbox 1119 1934 1409 1977; x_wconf 88' lang='lat' dir='ltr'><strong>ministrorum</strong></span> <span class='ocrx_word' id='word_1_189' title='bbox 1432 1936 1532 1994; x_wconf 89' lang='lat' dir='ltr'><strong>ejus.</strong></span> 
     </span>
     <span class='ocr_line' id='line_1_25' title="bbox 111 2011 1536 2063; baseline 0.003 -10"><span class='ocrx_word' id='word_1_190' title='bbox 111 2012 431 2063; x_wconf 83' lang='lat' dir='ltr'><strong>Diaconorum‚</strong></span> <span class='ocrx_word' id='word_1_191' title='bbox 470 2022 518 2052; x_wconf 90' lang='lat' dir='ltr'><strong>ut</strong></span> <span class='ocrx_word' id='word_1_192' title='bbox 554 2011 657 2051; x_wconf 88' lang='lat' dir='ltr'><strong>mihi</strong></span> <span class='ocrx_word' id='word_1_193' title='bbox 687 2011 875 2061; x_wconf 87' lang='lat' dir='ltr'><strong>videtur,</strong></span> <span class='ocrx_word' id='word_1_194' title='bbox 917 2011 1107 2052; x_wconf 88' lang='lat' dir='ltr'><strong>ordinem</strong></span> <span class='ocrx_word' id='word_1_195' title='bbox 1138 2026 1345 2055; x_wconf 87' lang='lat' dir='ltr'><strong>memorat</strong></span> <span class='ocrx_word' id='word_1_196' title='bbox 1373 2016 1536 2056; x_wconf 64' lang='lat' dir='ltr'><strong>adstam-</strong></span> 
     </span>
     <span class='ocr_line' id='line_1_26' title="bbox 112 2088 1535 2148; baseline 0.003 -18"><span class='ocrx_word' id='word_1_197' title='bbox 112 2090 219 2131; x_wconf 85' lang='lat' dir='ltr'><strong>tium</strong></span> <span class='ocrx_word' id='word_1_198' title='bbox 251 2089 394 2131; x_wconf 88' lang='lat' dir='ltr'><strong>divino</strong></span> <span class='ocrx_word' id='word_1_199' title='bbox 426 2088 661 2130; x_wconf 88' lang='lat' dir='ltr'><strong>ministerio</strong></span> <span class='ocrx_word' id='word_1_200' title='bbox 680 2088 735 2146; x_wconf 89' lang='grc'><strong>7).</strong></span> <span class='ocrx_word' id='word_1_201' title='bbox 796 2090 882 2131; x_wconf 86' lang='lat' dir='ltr'><strong>Sed</strong></span> <span class='ocrx_word' id='word_1_202' title='bbox 922 2100 963 2130; x_wconf 86' lang='lat' dir='ltr'><strong>et</strong></span> <span class='ocrx_word' id='word_1_203' title='bbox 1002 2101 1134 2130; x_wconf 79' lang='lat' dir='ltr'><strong>vestes</strong></span> <span class='ocrx_word' id='word_1_204' title='bbox 1176 2091 1262 2148; x_wconf 82' lang='lat' dir='ltr'><strong>ejus</strong></span> <span class='ocrx_word' id='word_1_205' title='bbox 1301 2092 1418 2134; x_wconf 84' lang='lat' dir='ltr'><strong>vidit.</strong></span> <span class='ocrx_word' id='word_1_206' title='bbox 1477 2094 1535 2134; x_wconf 83' lang='lat' dir='ltr'><strong>Il-</strong></span> 
     </span>
     <span class='ocr_line' id='line_1_27' title="bbox 112 2166 1536 2228; baseline 0.002 -19"><span class='ocrx_word' id='word_1_207' title='bbox 112 2168 171 2209; x_wconf 88' lang='lat' dir='ltr'><strong>las</strong></span> <span class='ocrx_word' id='word_1_208' title='bbox 213 2169 366 2219; x_wconf 83' lang='lat' dir='ltr'><strong>credo,</strong></span> <span class='ocrx_word' id='word_1_209' title='bbox 408 2166 557 2223; x_wconf 88' lang='lat' dir='ltr'><strong>quihus</strong></span> <span class='ocrx_word' id='word_1_210' title='bbox 597 2167 735 2208; x_wconf 86' lang='lat' dir='ltr'><strong>induit</strong></span> <span class='ocrx_word' id='word_1_211' title='bbox 775 2183 869 2216; x_wconf 91' lang='lat' dir='ltr'><strong>eos,</strong></span> <span class='ocrx_word' id='word_1_212' title='bbox 911 2167 962 2208; x_wconf 90' lang='lat' dir='ltr'><strong>de</strong></span> <span class='ocrx_word' id='word_1_213' title='bbox 1002 2167 1152 2223; x_wconf 88' lang='lat' dir='ltr'><strong>quibus</strong></span> <span class='ocrx_word' id='word_1_214' title='bbox 1192 2169 1366 2211; x_wconf 87' lang='lat' dir='ltr'><strong>dicitur:</strong></span> <span class='ocrx_word' id='word_1_215' title='bbox 1411 2171 1536 2228; x_wconf 85' lang='lat' dir='ltr'><strong>„qui-</strong></span> 
     </span>
    </p>
   </div>
   <div class='ocr_carea' id='block_1_3' title="bbox 114 2244 1536 2302">
    <p class='ocr_par' dir='ltr' id='par_1_3' title="bbox 114 2244 1536 2302">
     <span class='ocr_line' id='line_1_28' title="bbox 114 2244 1536 2302; baseline 0.001 -16"><span class='ocrx_word' id='word_1_216' title='bbox 114 2261 276 2302; x_wconf 88' lang='lat' dir='ltr'><strong>cunque</strong></span> <span class='ocrx_word' id='word_1_217' title='bbox 297 2246 340 2302; x_wconf 73' lang='lat'><strong>3)</strong></span> <span class='ocrx_word' id='word_1_218' title='bbox 372 2256 513 2287; x_wconf 89' lang='lat' dir='ltr'><strong>autem</strong></span> <span class='ocrx_word' id='word_1_219' title='bbox 549 2244 593 2286; x_wconf 88' lang='lat' dir='ltr'><strong>in</strong></span> <span class='ocrx_word' id='word_1_220' title='bbox 626 2245 792 2287; x_wconf 86' lang='lat' dir='ltr'><strong>Christo</strong></span> <span class='ocrx_word' id='word_1_221' title='bbox 823 2245 1025 2301; x_wconf 88' lang='lat' dir='ltr'><strong>baptizati</strong></span> <span class='ocrx_word' id='word_1_222' title='bbox 1066 2245 1182 2298; x_wconf 82' lang='lat' dir='ltr'><strong>estis,</strong></span> <span class='ocrx_word' id='word_1_223' title='bbox 1224 2246 1434 2288; x_wconf 89' lang='lat' dir='ltr'><strong>Christum</strong></span> <span class='ocrx_word' id='word_1_224' title='bbox 1474 2247 1536 2288; x_wconf 89' lang='lat' dir='ltr'><strong>in-</strong></span> 
     </span>
    </p>
   </div>
   <div class='ocr_carea' id='block_1_4' title="bbox 234 2433 1534 2506">
    <p class='ocr_par' dir='ltr' id='par_1_4' title="bbox 234 2433 1534 2506">
     <span class='ocr_line' id='line_1_29' title="bbox 234 2433 1534 2506; baseline 0.005 -18"><span class='ocrx_word' id='word_1_225' title='bbox 234 2448 274 2504; x_wconf 82' lang='lat'><strong>¹)</strong></span> <span class='ocrx_word' id='word_1_226' title='bbox 305 2448 437 2489; x_wconf 86' lang='lat' dir='ltr'><strong>Deest</strong></span> <span class='ocrx_word' id='word_1_227' title='bbox 466 2454 579 2499; x_wconf 86' lang='lat' dir='ltr'><strong>‚‚et“</strong></span> <span class='ocrx_word' id='word_1_228' title='bbox 610 2449 653 2490; x_wconf 89' lang='lat' dir='ltr'><strong>in</strong></span> <span class='ocrx_word' id='word_1_229' title='bbox 685 2433 780 2492; x_wconf 84' lang='lat' dir='ltr'><strong>edd.</strong></span> <span class='ocrx_word' id='word_1_230' title='bbox 810 2450 872 2492; x_wconf 90' lang='lat' dir='ltr'><strong>M.</strong></span> <span class='ocrx_word' id='word_1_231' title='bbox 999 2450 1042 2506; x_wconf 77' lang='grc'><strong>2)</strong></span> <span class='ocrx_word' id='word_1_232' title='bbox 1072 2448 1148 2491; x_wconf 85' lang='lat' dir='ltr'><strong>Ev.</strong></span> <span class='ocrx_word' id='word_1_233' title='bbox 1180 2450 1329 2490; x_wconf 88' lang='lat' dir='ltr'><strong>Joann.</strong></span> <span class='ocrx_word' id='word_1_234' title='bbox 1361 2450 1434 2499; x_wconf 80' lang='lat' dir='ltr'><strong>IV,</strong></span> <span class='ocrx_word' id='word_1_235' title='bbox 1467 2449 1534 2494; x_wconf 83' lang='lat'><strong>34.</strong></span> 
     </span>
    </p>
   </div>
   <div class='ocr_carea' id='block_1_5' title="bbox 114 2518 1536 2618">
    <p class='ocr_par' dir='ltr' id='par_1_5' title="bbox 114 2518 1536 2618">
     <span class='ocr_line' id='line_1_30' title="bbox 231 2518 1536 2578; baseline 0 -18"><span class='ocrx_word' id='word_1_236' title='bbox 231 2518 273 2575; x_wconf 81' lang='lat'><strong>³)</strong></span> <span class='ocrx_word' id='word_1_237' title='bbox 305 2519 414 2560; x_wconf 86' lang='lat' dir='ltr'><strong>Edd.</strong></span> <span class='ocrx_word' id='word_1_238' title='bbox 445 2519 638 2561; x_wconf 85' lang='lat' dir='ltr'><strong>Merlini:</strong></span> <span class='ocrx_word' id='word_1_239' title='bbox 671 2537 816 2577; x_wconf 89' lang='lat' dir='ltr'><strong>„opus</strong></span> <span class='ocrx_word' id='word_1_240' title='bbox 847 2518 947 2578; x_wconf 87' lang='lat' dir='ltr'><strong>ejus.</strong></span> <span class='ocrx_word' id='word_1_241' title='bbox 994 2520 1049 2562; x_wconf 90' lang='lat' dir='ltr'><strong>Et</strong></span> <span class='ocrx_word' id='word_1_242' title='bbox 1080 2520 1185 2562; x_wconf 87' lang='lat' dir='ltr'><strong>vidit</strong></span> <span class='ocrx_word' id='word_1_243' title='bbox 1209 2520 1403 2561; x_wconf 88' lang='lat' dir='ltr'><strong>ordinem</strong></span> <span class='ocrx_word' id='word_1_244' title='bbox 1433 2536 1536 2575; x_wconf 88' lang='lat' dir='ltr'><strong>pue-</strong></span> 
     </span>
     <span class='ocr_line' id='line_1_31' title="bbox 114 2581 405 2618; baseline -0.007 0"><span class='ocrx_word' id='word_1_245' title='bbox 114 2581 295 2618; x_wconf 87' lang='lat' dir='ltr'><strong>rorum“</strong></span> <span class='ocrx_word' id='word_1_246' title='bbox 328 2586 405 2616; x_wconf 88' lang='lat' dir='ltr'><strong>etc.</strong></span> 
     </span>
    </p>
   </div>
   <div class='ocr_carea' id='block_1_6' title="bbox 233 2645 1494 2775">
    <p class='ocr_par' dir='ltr' id='par_1_6' title="bbox 233 2645 1494 2775">
     <span class='ocr_line' id='line_1_32' title="bbox 233 2645 1494 2704; baseline 0 -16"><span class='ocrx_word' id='word_1_247' title='bbox 233 2647 274 2704; x_wconf 79' lang='lat'><strong>⁴)</strong></span> <span class='ocrx_word' id='word_1_248' title='bbox 306 2647 416 2694; x_wconf 75' lang='lat' dir='ltr'><strong>Edd.</strong></span> <span class='ocrx_word' id='word_1_249' title='bbox 446 2648 507 2689; x_wconf 85' lang='lat' dir='ltr'><strong>M.</strong></span> <span class='ocrx_word' id='word_1_250' title='bbox 539 2645 730 2697; x_wconf 84' lang='lat' dir='ltr'><strong>‚,dicat.“</strong></span> <span class='ocrx_word' id='word_1_251' title='bbox 854 2647 895 2703; x_wconf 88' lang='lat'><strong>⁵)</strong></span> <span class='ocrx_word' id='word_1_252' title='bbox 926 2649 1059 2689; x_wconf 88' lang='lat' dir='ltr'><strong>Deest</strong></span> <span class='ocrx_word' id='word_1_253' title='bbox 1090 2652 1201 2698; x_wconf 84' lang='lat' dir='ltr'><strong>,‚et“</strong></span> <span class='ocrx_word' id='word_1_254' title='bbox 1232 2646 1275 2686; x_wconf 88' lang='lat' dir='ltr'><strong>in</strong></span> <span class='ocrx_word' id='word_1_255' title='bbox 1308 2647 1401 2688; x_wconf 90' lang='lat' dir='ltr'><strong>edd.</strong></span> <span class='ocrx_word' id='word_1_256' title='bbox 1434 2647 1494 2688; x_wconf 82' lang='lat' dir='ltr'><strong>M.</strong></span> 
     </span>
     <span class='ocr_line' id='line_1_33' title="bbox 233 2715 1277 2775; baseline -0.001 -17"><span class='ocrx_word' id='word_1_257' title='bbox 233 2718 278 2772; x_wconf 64' lang='grc' dir='ltr'><strong>ὅ)</strong></span> <span class='ocrx_word' id='word_1_258' title='bbox 309 2717 417 2759; x_wconf 85' lang='lat' dir='ltr'><strong>Edd.</strong></span> <span class='ocrx_word' id='word_1_259' title='bbox 449 2718 511 2764; x_wconf 82' lang='grc' dir='ltr'><strong>Μ,</strong></span> <span class='ocrx_word' id='word_1_260' title='bbox 546 2715 781 2766; x_wconf 89' lang='lat' dir='ltr'><strong>„stationes</strong></span> <span class='ocrx_word' id='word_1_261' title='bbox 812 2718 1109 2775; x_wconf 81' lang='lat' dir='ltr'><strong>mysteriorum</strong></span> <span class='ocrx_word' id='word_1_262' title='bbox 1142 2717 1277 2775; x_wconf 80' lang='lat' dir='ltr'><strong>ejus.“</strong></span> 
     </span>
    </p>
   </div>
   <div class='ocr_carea' id='block_1_7' title="bbox 231 2787 824 2916">
    <p class='ocr_par' dir='ltr' id='par_1_7' title="bbox 231 2787 824 2916">
     <span class='ocr_line' id='line_1_34' title="bbox 231 2787 824 2846; baseline -0.002 -18"><span class='ocrx_word' id='word_1_263' title='bbox 231 2788 273 2844; x_wconf 85' lang='lat'><strong>⁷)</strong></span> <span class='ocrx_word' id='word_1_264' title='bbox 303 2787 412 2829; x_wconf 89' lang='lat' dir='ltr'><strong>Edd.</strong></span> <span class='ocrx_word' id='word_1_265' title='bbox 443 2788 506 2830; x_wconf 85' lang='lat' dir='ltr'><strong>M.</strong></span> <span class='ocrx_word' id='word_1_266' title='bbox 538 2787 824 2846; x_wconf 85' lang='lat' dir='ltr'><strong>‚‚mysterio.“</strong></span> 
     </span>
     <span class='ocr_line' id='line_1_35' title="bbox 231 2853 609 2916; baseline -0.003 -16"><span class='ocrx_word' id='word_1_267' title='bbox 231 2853 276 2916; x_wconf 80' lang='lat'><strong>⁸)</strong></span> <span class='ocrx_word' id='word_1_268' title='bbox 308 2859 401 2901; x_wconf 89' lang='lat' dir='ltr'><strong>Gal.</strong></span> <span class='ocrx_word' id='word_1_269' title='bbox 433 2859 512 2908; x_wconf 81' lang='grc' dir='ltr'>ΙΙῘ,</span> <span class='ocrx_word' id='word_1_270' title='bbox 543 2858 609 2902; x_wconf 77' lang='lat'><strong>27.</strong></span> 
     </span>
    </p>
   </div>
   <div class='ocr_carea' id='block_1_8' title="bbox 123 2935 1234 2978">
    <p class='ocr_par' dir='ltr' id='par_1_8' title="bbox 123 2935 1234 2978">
     <span class='ocr_line' id='line_1_36' title="bbox 123 2935 1234 2978; baseline -0.001 -1"><span class='ocrx_word' id='word_1_271' title='bbox 123 2936 346 2977; x_wconf 71' lang='lat' dir='ltr'><strong>Onmnms</strong></span> <span class='ocrx_word' id='word_1_272' title='bbox 378 2936 546 2978; x_wconf 80' lang='lat' dir='ltr'><strong>OPERA.</strong></span> <span class='ocrx_word' id='word_1_273' title='bbox 579 2935 698 2977; x_wconf 79' lang='lat' dir='ltr'><strong>Tom.</strong></span> <span class='ocrx_word' id='word_1_274' title='bbox 722 2937 839 2976; x_wconf 89' lang='lat' dir='ltr'><strong>XlV.</strong></span> <span class='ocrx_word' id='word_1_275' title='bbox 1180 2935 1234 2977; x_wconf 74' lang='lat'><strong>24</strong></span> 
     </span>
    </p>
   </div>
  </div>
 </body>
</html>
