1759 3134
638 149 836 190 HomuA
866 146 961 186 VH.
1430 140 1511 184 107

90 272 246 303 terram
279 262 494 311 Chanaan,
539 272 580 301 et
618 271 791 316 pactum
819 256 1039 298 statuimus
1069 272 1165 297 cum
1197 270 1256 295 ea.
1314 253 1410 295 Hoc
1440 270 1512 295 au-

94 351 182 380 tem
212 339 317 380 mihi
345 338 532 391 intellige
564 348 606 378 et
633 337 675 376 in
708 334 952 384 Chaldaeis,
984 344 1025 374 et
1053 332 1095 374 in
1128 332 1277 375 ceteris
1306 332 1512 386 gentibus,

92 417 259 471 quando
292 416 335 456 in
367 415 561 472 quolibet
591 414 732 469 aliquo
764 423 938 468 peccato
963 411 1324 466 reprehendimur.
1370 409 1511 466 „Et¹)

91 504 340 534 testamenta
371 494 424 533 ad
456 493 710 540 Chaldaeos,
743 501 783 529 et
811 505 864 529 ne
893 489 953 530 sic
983 488 1128 530 satiata
1159 494 1241 528 eS.“

207 570 272 613 10.
320 571 424 612 Post
452 570 686 622 catalogum
715 578 1009 623 peccatorum,
1047 567 1100 606 ad
1135 564 1416 621 peccatricem
1448 567 1512 606 lo-

94 646 236 702 quitur
259 647 302 702 2)
349 647 604 688 Jerusalem:
658 644 800 700 „quid
817 644 864 700 3)
912 643 1162 685 constituam
1206 642 1251 682 in
1292 653 1356 693 te,
1410 642 1513 684 dicit

92 724 260 765 Adonai
290 724 525 774 Dominus,
565 740 661 764 cum
701 722 827 764 facias
863 733 910 762 tu
949 722 1050 762 haec
1089 719 1231 761 omnia
1261 735 1391 776 opera
1419 735 1512 760 mu-

92 801 206 842 lieris
236 800 484 842 fornicariae
514 799 773 856 procacis?“
830 799 1145 840 Adscendamus
1175 797 1394 853 paulisper
1423 797 1512 838 elo-

93 878 216 934 quio,
251 878 348 933 quia
375 894 462 918 non
492 893 660 933 semper
686 877 792 918 utile
825 889 885 918 est
914 878 966 917 de
996 875 1347 917 fornicationibus
1377 874 1512 931 loqui,

94 966 135 995 et
166 955 319 1010 procul
348 954 478 1005 absit,
509 966 556 995 ut
585 955 736 1011 aliquis
770 955 813 995 in
846 953 1022 996 ecclesia
1052 953 1125 1003 sit,
1165 953 1238 1009 qui
1269 953 1512 994 dehortato-

92 1031 163 1072 riis
200 1048 222 1073 a
263 1031 543 1072 fornicatione
573 1031 758 1085 indigeat
782 1032 1057 1074 sermonibus.
1117 1034 1226 1074 Nam
1255 1030 1289 1071 si
1320 1030 1412 1087 quis
1441 1045 1513 1071 ne-

96 1124 205 1150 cesse
243 1109 370 1150 habet
398 1109 565 1165 audire:
604 1126 726 1160 „non
752 1111 800 1165 ⁴²)
836 1110 1173 1153 fornicaberis:“
1211 1126 1284 1151 seu
1309 1108 1351 1162 ⁵)
1380 1108 1511 1149 illud:

93 1185 163 1236 „si
190 1185 232 1240 ⁶)
287 1185 378 1242 quis
429 1187 639 1242 templum
682 1187 767 1227 Dei
818 1186 1067 1238 violaverit,
1126 1187 1342 1243 disperdet
1389 1186 1514 1226 illum

93 1263 268 1304 Deus:“
299 1262 376 1303 iste
408 1262 555 1303 similis
587 1274 648 1303 est
676 1263 752 1313 his,
778 1280 882 1319 quos
897 1265 1131 1319 Apostolus
1159 1265 1283 1305 dicit:
1314 1263 1512 1321 „justo⁷)

94 1340 160 1380 lex
189 1356 276 1381 non
307 1351 367 1380 est
394 1340 551 1396 posita,
583 1341 656 1380 sed
685 1339 862 1395 iniquis,
895 1352 934 1380 et
963 1357 1049 1381 non
1079 1342 1269 1392 subditis,
1299 1342 1441 1398 impiis
1473 1354 1514 1383 et

90 1416 426 1472 peccatoribus.“
484 1416 719 1470 Quomodo
762 1432 858 1469 ergo
898 1416 1008 1474 justo
1049 1418 1115 1457 lex
1153 1433 1240 1458 non
1271 1430 1332 1460 est
1360 1420 1512 1475 posita,

92 1510 240 1534 verum
268 1494 444 1549 iniquis,
481 1504 523 1533 et
550 1509 638 1533 non
677 1493 876 1533 subditis:
915 1493 973 1534 sic
1014 1494 1204 1535 doctrina
1241 1512 1312 1547 ea,
1355 1514 1460 1554 quae
1491 1514 1514 1539 a

91 1571 372 1612 fornicatione
400 1581 548 1611 monet
576 1571 875 1621 recedendum,
909 1582 1020 1612 casto
1050 1588 1138 1613 non
1169 1584 1230 1614 est
1256 1574 1409 1629 posita,
1440 1577 1514 1617 sed

91 1647 268 1704 iniquis,
308 1659 348 1688 et
384 1647 731 1698 fornicatoribus,
779 1660 819 1688 et
848 1647 1201 1689 inobedientibus.
1261 1651 1359 1691 Non
1387 1652 1515 1693 habe-

94 1743 186 1766 mus
226 1726 366 1781 itaque
404 1726 708 1775 necessarium,
744 1736 792 1765 ut
832 1724 1037 1765 discamus
1067 1741 1089 1764 a
1118 1725 1400 1768 fornicatione
1432 1728 1513 1769 dis-

96 1803 262 1843 cedere:
304 1819 452 1843 verum
489 1804 541 1843 ad
577 1802 835 1859 perfectiora
871 1803 1090 1842 tendamus
1129 1818 1152 1842 a
1179 1803 1399 1860 principiis
1430 1807 1514 1847 ele-

93 1891 334 1920 mentorum
367 1880 533 1921 Christi.
594 1879 798 1931 „Etenim
822 1879 867 1934 8)
906 1896 1001 1919 cum
1032 1880 1263 1930 deberetis,
1304 1881 1382 1931 ait,
1426 1899 1513 1924 ma-

92 1956 206 2010 gistri
238 1973 322 1998 esse
351 1969 530 2012 propter
555 1968 749 2012 tempus,
785 1973 952 1997 rursum
992 1956 1207 2009 indigetis,
1246 1970 1294 1998 ut
1334 1975 1408 2000 vos
1438 1961 1515 2001 do-

94 2033 292 2084 ceamini,
331 2049 436 2090 quae
475 2033 556 2074 sint
597 2034 805 2075 elementa
845 2033 1006 2074 exordii
1045 2050 1288 2075 sermonum
1325 2036 1432 2086 Dei,
1473 2050 1515 2079 et

91 2111 192 2152 facti
223 2111 331 2162 estis,
363 2111 512 2167 quibus
541 2112 648 2153 lacte
675 2128 781 2168 opus
807 2111 872 2162 sit,
903 2128 990 2152 non
1013 2111 1154 2153 solido
1178 2111 1318 2153 cibo.“
1364 2114 1514 2156 Omnis

93 2205 244 2239 sermo,
276 2189 347 2245 qui
375 2189 613 2245 praecepit:
644 2205 765 2240 „non
789 2188 832 2245 9)
863 2189 1160 2240 fornicaberis,
1188 2206 1275 2231 non
1306 2191 1516 2233 adultera-

94 2265 177 2316 bis,
214 2282 301 2306 non
341 2266 605 2306 furaberis:“
643 2282 730 2306 non
767 2267 905 2308 solida
945 2284 1037 2309 esca
1077 2280 1158 2318 est,
1197 2270 1271 2310 sed
1303 2271 1419 2326 quasi
1450 2272 1514 2313 lac

92 2344 317 2397 praebetur
353 2343 596 2385 infantibus,
665 2345 932 2386 Athletarum
970 2345 1085 2387 cibus
1126 2359 1186 2388 est
1225 2348 1278 2388 de
1320 2349 1515 2405 omnipo-

216 2524 255 2579 ¹)
284 2523 434 2565 Ezech.
465 2525 580 2574 XVI,
609 2525 675 2568 29.
708 2549 758 2555 -
790 2527 898 2568 Edd.
930 2528 1125 2569 „Merliniz
1169 2540 1209 2569 et
1238 2546 1315 2571 nec
1347 2530 1404 2571 sic
1436 2542 1512 2571 etc.

213 2593 254 2648 ²)
286 2593 419 2632 Deest
446 2594 708 2650 „loquitur“
737 2596 781 2637 in
813 2598 876 2638 ed.
909 2598 1055 2639 Ruaei.

211 2663 255 2717 3)
287 2662 438 2703 Ezech.
468 2663 583 2713 XVI,
614 2664 680 2709 30.
798 2667 843 2724 ξ)
876 2669 1010 2709 Exod.
1043 2669 1140 2721 XX,
1172 2670 1236 2714 13.

216 2733 257 2788 ⁵)
288 2733 398 2773 Edd.
431 2733 626 2775 Merlini:
658 2737 731 2777 sed
764 2749 804 2778 et
833 2738 943 2779 illud
975 2750 1052 2780 etc.

214 2803 257 2860 ὃ)
289 2804 427 2845 ICor.
458 2804 538 2854 III,
571 2804 634 2848 17.
754 2807 797 2862 ⁷)
830 2809 978 2849 ITim.
1009 2809 1044 2859 I,
1075 2809 1113 2853 9.

220 2874 262 2929 8)
293 2873 422 2916 Hebr.
451 2874 504 2926 V,
535 2872 602 2917 12.
722 2877 767 2933 9)
793 2878 919 2919 Rom.
950 2879 1072 2931 XIII,
1102 2880 1142 2922 9.
