1759 3134
732 96 869 138 Luam
903 97 933 136 Ι,
1467 103 1553 147 357

129 223 325 265 sponsam
356 206 555 250 delectari
588 218 628 248 et
657 206 774 248 refici
806 223 853 248 ex
883 206 1082 249 uberibus
1105 209 1262 265 sponsi,
1294 228 1341 252 ex
1363 213 1550 256 fontibus

130 284 291 326 scilicet
333 283 558 341 sapientiae
604 295 645 325 et
687 282 910 335 scientiae,
963 301 1067 341 quae
1117 287 1168 327 de
1213 288 1413 331 uberibus
1459 290 1547 348 ejus

130 364 264 404 fluunt
288 361 349 418 ¹),
379 373 421 402 et
449 362 606 417 pocula
635 361 828 403 coelestis
859 361 1075 403 doctrinae
1106 377 1316 408 sumentes
1344 378 1543 425 tanquam

130 438 369 481 imitatrices
398 438 670 494 perfectionis
700 437 811 496 ejus,
853 450 894 479 et
929 438 1210 481 desiderantes
1239 441 1389 484 iisdem
1422 444 1546 486 vesti-

127 517 202 572 giis
233 517 426 558 incedere
456 516 734 573 promittunt,
765 526 806 556 et
836 514 1001 556 dicunt:
1034 516 1253 569 diligemus
1277 519 1318 574 2)
1350 521 1479 562 ubera
1500 521 1544 578 ³)

128 607 199 637 tua
237 610 362 651 super
402 593 606 635 vinum:“
652 592 696 634 id
735 603 816 643 est,
856 609 934 633 nos
975 592 1146 650 quidem
1184 597 1375 638 nondum
1413 597 1457 639 in
1501 598 1545 639 id

126 670 398 730 perfectionis
429 670 734 722 adscendimus,
763 681 811 711 ut
840 668 923 728 jam
941 669 1162 724 diligamus
1190 674 1320 715 ubera
1347 685 1419 715 tua
1448 675 1545 731 plus

128 766 252 806 quam
281 748 437 800 vinum,
471 749 537 790 vel
569 760 679 790 certe
707 748 838 789 ubera
868 758 951 798 tua,
983 764 1087 804 quae
1119 762 1215 792 sunt
1234 768 1360 808 super
1376 751 1542 793 vinum:

126 853 180 859 —-
209 838 389 883 utroque
420 825 532 867 enim
561 826 693 866 modo
725 841 865 866 sensus
887 836 994 868 stare
1012 825 1245 869 videbitur:
1277 852 1330 862 —
1362 829 1543 882 gerimus

125 917 265 946 tamen
293 920 424 960 spem,
454 914 604 959 utpote
635 902 987 954 adolescentulae,
1016 903 1059 945 in
1085 904 1130 946 id
1155 905 1298 948 aetatis
1318 907 1541 963 proficere,

125 998 208 1038 quo
244 980 453 1037 possimus
488 995 574 1020 non
614 979 756 1021 solum
792 979 907 1037 pasci
946 991 987 1021 et
1028 980 1084 1021 ali
1114 997 1162 1022 ex
1193 983 1392 1026 uberibus
1422 984 1542 1026 verbi

123 1057 218 1108 Dei,
249 1057 323 1098 sed
354 1069 395 1098 et
425 1056 598 1110 diligere
627 1057 822 1099 alentem.
882 1058 990 1099 Istae
1021 1070 1115 1100 sunt
1139 1071 1278 1101 autem
1297 1061 1542 1103 adolescen-

123 1136 249 1186 tulae,
280 1146 327 1176 ut
359 1150 483 1191 saepe
513 1133 596 1191 jam
628 1133 819 1186 diximus,
850 1135 1024 1187 animae,
1057 1153 1161 1193 quae
1190 1137 1338 1194 primis
1361 1150 1401 1180 et
1417 1138 1540 1180 initio

123 1211 356 1255 valentibus
397 1210 702 1253 eruditionibus
743 1211 939 1255 videntur
974 1213 1183 1266 imbutae,
1226 1226 1267 1256 et
1297 1215 1413 1257 velut
1443 1215 1540 1256 vino

124 1291 308 1347 quodam
338 1289 604 1340 laetificatae,
645 1289 909 1332 institutione
939 1303 1131 1334 tutorum
1168 1294 1387 1343 duntaxat,
1429 1310 1544 1335 cura·

122 1381 346 1424 torumque
366 1379 408 1408 et
435 1366 679 1423 paedagogi,
708 1378 858 1423 utpote
888 1370 1102 1424 parvulae,
1134 1381 1174 1410 et
1205 1386 1310 1426 quae
1340 1371 1543 1412 haberent

123 1446 293 1503 quidem
332 1444 377 1486 in
415 1443 571 1485 viribus
610 1460 748 1484 amare
781 1442 946 1496 vinum,
984 1463 1070 1488 non
1097 1459 1238 1489 tamen
1267 1448 1468 1489 haberent
1497 1448 1540 1488 in

121 1534 276 1574 aetate,
316 1532 363 1562 ut
392 1538 535 1562 amore
565 1523 744 1563 uberum
773 1523 917 1579 sponsi
947 1524 1112 1565 moveri
1141 1537 1212 1566 aut
1243 1525 1411 1566 excitari
1441 1542 1540 1581 pos-

121 1612 225 1641 sent.
283 1599 368 1641 Sed
408 1599 482 1640 ubi
522 1598 690 1641 advenit
718 1599 942 1656 plenitudo
974 1613 1239 1658 temporum,
1281 1615 1322 1644 et
1353 1602 1541 1644 Christus

122 1678 164 1718 in
202 1676 251 1718 iis
288 1676 471 1732 profecit
508 1688 642 1718 aetate
682 1688 722 1717 et
758 1677 982 1733 sapientia,
1022 1692 1063 1721 et
1091 1680 1175 1738 jam
1205 1679 1358 1723 sentire
1389 1696 1542 1736 coepe-

121 1753 204 1794 rint
231 1753 297 1808 4),
338 1752 438 1810 quid
470 1753 552 1795 sint
581 1755 711 1795 ubera
740 1755 905 1811 sponsi,
948 1774 1135 1815 quaeque
1164 1759 1207 1800 in
1236 1757 1300 1800 his
1330 1756 1539 1814 perfectio

122 1830 238 1872 verbi
271 1831 378 1881 Dei,
420 1843 462 1872 et
501 1832 718 1873 doctrinae
756 1832 984 1888 spiritualis
1025 1835 1247 1892 plenitudo
1289 1835 1539 1888 designetur,

122 1908 246 1951 etiam
273 1909 542 1966 promittunt,
573 1909 669 1967 quia
697 1910 793 1967 plus
824 1926 949 1967 quam
974 1909 1130 1964 vinum,
1161 1914 1278 1970 quod
1308 1930 1418 1956 nunc
1448 1924 1537 1954 tan-

237 2135 276 2192 ¹)
307 2136 416 2177 Edd.
447 2137 507 2178 M.
541 2136 840 2187 ,‚confluunt.“
961 2138 1002 2194 ²)
1036 2137 1193 2179 Cantic.
1228 2139 1261 2188 I,
1293 2138 1331 2180 4.

236 2205 279 2262 ³)
309 2207 448 2248 Verba
483 2224 629 2261 graeca
667 2208 727 2249 sic
755 2218 1039 2265 repraesentat
1067 2207 1329 2266 Procopius:
1369 2206 1539 2266 „Hyct-

121 2272 331 2332 στήσομεν
367 2278 568 2332 μαστούς
606 2294 688 2322 σου
729 2277 842 2338 ὑπὲρ
888 2276 1074 2323 οἶνον-(ί
1133 2274 1338 2337 '‘Hyovv,
1385 2283 1424 2324 εἰ
1462 2280 1541 2322 καὶ

124 2349 207 2392 νῦν
237 2347 297 2390 δι’
332 2347 577 2393 ἀσθένειαν
606 2347 721 2407 ὑπὲρ
750 2347 854 2399 τοὺς
884 2348 991 2400 σούς
1025 2349 1302 2408 ἀγαπῶμεν,
1346 2340 1381 2392 ὦ
1420 2364 1539 2405 νυμ-

123 2421 217 2474 φίε,
250 2415 330 2461 τὸν
365 2413 505 2473 οἶνον,
540 2416 650 2463 ὅταν
677 2422 1010 2478 βελτιωθῶμεν,
1042 2420 1158 2479 ὑπὲρ
1187 2423 1349 2465 τοῦτον
1381 2417 1541 2469 αὐτοὺς

124 2485 439 2543 ἀγαπήσομεν.
501 2485 635 2538 Οἶνος
673 2490 761 2547 μὲν
793 2483 876 2535 οὖν
905 2491 1170 2551 εὐφραίνων
1210 2488 1443 2544 νεάνιδας,
1485 2487 1539 2532 τὰ

125 2555 313 2617 νομικά·
347 2558 372 2614 ἡ
406 2561 456 2604 δὲ
486 2557 716 2615 τελειότης,
748 2563 826 2604 τοῦ
858 2567 1065 2622 νυμφίου
1093 2566 1277 2621 μαστοί.
1335 2558 1450 2605 Εἶτα
1480 2564 1543 2610 εἰς

119 2628 380 2687 ἀπολογίαν
418 2633 496 2675 τοῦ
536 2629 600 2688 μὴ
640 2626 725 2686 ἤδη
758 2630 948 2690 ἀγαπᾷν
978 2648 1114 2693 φησι·
1156 2631 1388 2690 ,,εὐθήτης
1422 2628 1542 2689 ἠγά-

120 2703 240 2755 πησέ
265 2702 366 2745 ‹ts-‘⁶
422 2698 577 2759 ιΗμιεῖς
607 2701 656 2745 δὲ
690 2696 816 2746 οὔπω
848 2702 926 2754 τὰς
955 2705 1131 2750 ἑαυτῶν
1156 2708 1344 2764 πορείας
1363 2702 1542 2751 εὐθείας

122 2768 452 2827 ἐποιησάμεθα.
510 2772 690 2814 Ruaeus.

238 2841 285 2897 ⁴)
313 2841 421 2884 Edd.
452 2843 646 2886 Merlini:
679 2856 924 2902 coeperunt.
