1759 3134
673 125 926 169 Paoroens.
1423 128 1507 174 307

97 239 155 281 ita
191 252 316 282 nemo
353 236 473 281 novit
516 238 751 289 caritatem,
793 237 873 278 nisi
918 235 1041 278 filius.
1118 237 1324 281 Similiter
1366 252 1507 282 autem

99 318 225 358 etiam
252 317 391 374 ipsum
418 316 579 369 filium,
616 315 815 373 quoniam
845 325 886 355 et
916 312 1005 369 ipse
1037 314 1181 357 caritas
1213 328 1293 368 est,
1332 317 1506 375 ipsaque

99 411 147 436 ex
173 396 272 437 Deo
314 405 432 451 patre
476 407 536 436 est
574 393 741 445 caritas,
779 408 905 434 nemo
942 391 1019 433 scit
1047 391 1127 433 nisi
1155 405 1286 449 pater.
1345 394 1507 436 Tamen

95 472 326 513 seeundum
354 471 458 523 hoc,
495 473 612 529 quod
641 470 785 513 caritas
817 468 971 512 dicitur
998 469 1089 526 ipse
1120 470 1237 511 Deus
1266 482 1406 526 pater,
1447 472 1507 513 sic

97 561 138 589 et
166 549 291 599 filius,
322 548 393 606 qui
424 565 472 590 ex
500 561 618 606 patre
648 547 855 605 procedit,
889 558 928 587 et
957 545 1054 587 ideo
1086 547 1176 598 scit,
1208 563 1312 604 quae
1343 548 1386 589 in
1406 549 1503 591 Deo

94 637 210 676 sunt,
248 626 355 667 sicut
391 626 561 682 spiritus
599 624 780 666 hominis
817 624 917 674 scit,
958 639 1064 679 quae
1106 623 1148 665 in
1187 624 1358 666 homine
1398 638 1506 668 sunt.

91 704 214 746 Nunc
246 719 345 744 vero
376 704 623 759 paracletus,
652 702 820 759 spiritus
846 700 1044 751 veritatis,
1078 701 1148 757 qui
1179 702 1230 743 de
1259 714 1378 758 patre
1406 720 1507 760 pro-

93 781 225 832 cedit,
257 781 405 823 circuit
435 797 659 838 quaerens,
688 779 724 820 si
751 795 851 835 quas
879 778 1063 820 inveniat
1092 779 1233 832 dignas
1264 792 1305 822 et
1336 797 1507 837 capaces

92 859 262 910 animas,
292 859 442 915 quibus
470 858 631 899 revelet
657 856 990 910 magnitudinem
1019 856 1197 898 caritatis
1226 857 1373 916 hujus,
1402 876 1507 916 quae

92 953 142 978 ex
170 937 266 978 Deo
308 948 379 979 est.
436 936 558 977 Nunc
596 951 693 988 ergo
732 934 816 992 jam
853 935 993 991 ipsum
1030 935 1173 976 Deum
1210 947 1395 992 patrem,
1435 937 1508 993 qui

92 1015 235 1056 caritas
267 1026 340 1065 est,
369 1014 610 1055 invocantes
640 1029 718 1070 per
743 1013 782 1070 ¹)
814 1029 928 1064 eam,
959 1028 1063 1070 quae
1098 1029 1146 1054 ex
1174 1013 1267 1070 ipso
1300 1026 1373 1066 est,
1405 1014 1507 1055 cari-

89 1104 232 1144 tatem,
263 1091 389 1134 etiam
418 1092 472 1139 ad
498 1091 661 1147 reliqua
691 1090 951 1132 discutienda
979 1090 1205 1134 veniamus.
1264 1092 1321 1134 Et
1341 1093 1384 1149 ²)
1414 1105 1506 1135 ten-

90 1181 225 1212 temus
254 1170 442 1227 primum
469 1170 521 1210 de
553 1185 603 1209 eo
634 1168 864 1225 requirere,
894 1167 996 1225 quid
1023 1168 1133 1211 illud
1153 1169 1220 1221 sit,
1249 1171 1380 1226 quod,
1411 1189 1507 1214 cum

90 1249 169 1292 tria
200 1249 418 1291 volumina
448 1247 623 1289 ecclesia
652 1246 737 1288 Dei
766 1263 789 1287 a
819 1247 1050 1289 Salomone
1079 1247 1234 1304 scripta
1262 1250 1507 1306 susceperit,

89 1327 250 1385 primus
281 1343 330 1368 ex
357 1325 456 1382 ipsis
485 1324 819 1367 Proverbiorum
846 1324 955 1366 liber
988 1325 1151 1381 positus
1188 1326 1264 1377 sit,
1299 1329 1506 1370 secundus

89 1406 136 1455 is,
168 1405 241 1461 qui
268 1403 540 1445 Ecclesiastes
571 1402 823 1459 appellatur,
851 1403 978 1444 tertio
1009 1419 1110 1444 vero
1137 1404 1183 1445 in
1212 1403 1310 1445 loco
1344 1404 1506 1447 Cantici

89 1481 361 1525 Canticorum
399 1481 602 1522 volumen
636 1481 848 1522 habeatur.
910 1479 1031 1535 Quae
1069 1498 1167 1535 ergo
1206 1481 1330 1524 nobis
1361 1500 1508 1526 occur·-

88 1576 179 1602 rere
217 1560 379 1617 possint
398 1560 444 1616 3)
482 1560 525 1602 in
562 1560 644 1601 hoc
683 1559 805 1611 loc0‚
848 1558 926 1600 ista
955 1571 1063 1602 sunt.
1125 1559 1352 1603 Generales
1383 1561 1508 1604 disci-

86 1638 249 1695 plinae,
290 1638 439 1695 quibus
470 1639 523 1680 ad
552 1655 693 1679 rerum
721 1636 938 1679 scientiam
966 1637 1230 1693 pervenitur,
1273 1650 1356 1681 tres
1396 1652 1506 1692 sunt,

89 1732 188 1772 quas
230 1715 382 1757 Graeci
419 1715 620 1767 ethicam,
660 1714 875 1773 physicam
917 1726 957 1756 et
992 1715 1210 1757 theoricen
1233 1715 1276 1773 ⁴)
1316 1719 1504 1774 appella-

86 1803 260 1844 verunt,
298 1808 376 1833 nos
404 1792 476 1834 has
505 1792 645 1834 dicere
675 1809 896 1848 possumus
926 1793 1157 1845 moralem,
1198 1796 1432 1838 naturalem
1463 1809 1506 1839 et

86 1869 372 1927 inspectivam.
430 1869 639 1913 Nonnulli
667 1886 764 1911 sane
795 1871 908 1927 apud
939 1871 1126 1913 Graecos
1157 1872 1284 1914 etiam
1323 1873 1505 1928 logicen,

87 1965 213 2005 quam
241 1965 320 1990 nos
348 1947 600 1990 rationalem
628 1964 850 2004 possumus
881 1948 1043 2000 dicere,
1074 1963 1222 2006 quarto
1250 1950 1295 1992 in
1322 1968 1502 1994 numero

83 2042 277 2083 posuere.
352 2025 441 2068 Alii
477 2042 565 2067 non
603 2026 856 2068 extrinsecus
895 2043 1009 2079 eam,
1055 2029 1130 2069 sed
1175 2045 1253 2086 per
1289 2030 1360 2071 has
1402 2042 1502 2083 tres,

85 2120 184 2160 quas
214 2121 339 2161 supra
365 2103 712 2156 memoravimus,
756 2103 996 2161 disciplinas
1024 2105 1218 2148 innexam
1249 2120 1504 2152 consertam-

85 2198 166 2238 que
195 2199 273 2239 per
303 2200 428 2226 omne
460 2199 613 2240 corpus
643 2199 731 2226 esse
763 2182 967 2225 dlxerunt.
1025 2183 1102 2226 Est
1128 2185 1241 2227 enim
1271 2186 1428 2241 logices
1444 2189 1503 2246 ⁵),

204 2317 245 2376 ¹)
273 2317 353 2360 Ed.
384 2317 519 2360 Ruaei
557 2331 604 2361 ut
641 2335 718 2361 nos
756 2319 800 2362 in
827 2331 964 2372 textu,
1002 2321 1048 2363 in
1085 2321 1197 2363 notis
1235 2339 1360 2365 xero:
1399 2324 1501 2369 Mss.

87 2389 191 2430 „per
222 2390 331 2425 eum,
361 2375 432 2431 qui
463 2391 511 2416 ex
539 2375 633 2432 ipso
660 2389 733 2428 est,
764 2378 986 2421 dominum
1005 2391 1199 2421 nostrum
1218 2384 1364 2424 ,Iesum
1381 2382 1502 2424 Ch1i-

86 2443 217 2484 stum3
228 2437 251 2455 “
292 2432 391 2472 libri
420 2431 522 2472 editi
551 2433 720 2490 (itemq.
752 2436 847 2478 edd.
876 2436 984 2493 M.):
1023 2453 1137 2494 „per
1166 2453 1283 2490 eam,
1315 2455 1419 2496 quae
1452 2456 1502 2480 ex

87 2487 180 2543 ipso
214 2499 295 2539 est,
327 2488 580 2531 caritatem“

200 2559 243 2613 ²)
275 2558 352 2600 Ed.
383 2559 434 2602 Β.
464 2571 512 2600 ut
540 2576 616 2602 nos
647 2560 690 2602 in
718 2573 854 2612 textu,
895 2563 938 2605 in
974 2564 1085 2606 notis
1116 2581 1237 2607 v·:e10
1276 2566 1378 2608 Mss.
1409 2568 1501 2618 „Et

85 2626 250 2673 tempus
282 2627 342 2657 est
368 2632 566 2672 primum
571 2623 595 2642 “
652 2617 768 2660 Libri
798 2619 900 2662 editi
935 2621 1104 2679 (itemq.
1136 2624 1231 2664 edd.
1263 2623 1370 2681 M.:)
1409 2624 1500 2676 „Et

86 2683 294 2714 tentemus
324 2690 523 2729 primum.
528 2680 553 2699 “

201 2743 244 2799 3)
274 2742 383 2785 Edd.
415 2743 609 2786 Merlini:
638 2746 813 2802 possint.

203 2813 246 2870 ¹¹)
277 2812 386 2855 Edd.
418 2814 616 2858 Merlini:
648 2817 886 2873 enopticen,

198 2884 244 2940 -⁵)
274 2882 384 2952 Edd.
414 2884 607 2928 Merlini:
639 2887 788 2941 logice.

1109 2969 1198 3015 20*
