<?xml version="1.0" encoding="UTF-8"?>
<!DOCTYPE html PUBLIC "-//W3C//DTD XHTML 1.0 Transitional//EN"
    "http://www.w3.org/TR/xhtml1/DTD/xhtml1-transitional.dtd">
<html xmlns="http://www.w3.org/1999/xhtml" xml:lang="en" lang="en">
 <head>
  <title>
</title>
<meta http-equiv="Content-Type" content="text/html;charset=utf-8" />
  <meta name='ocr-system' content='tesseract 3.04.00' />
  <meta name='ocr-capabilities' content='ocr_page ocr_carea ocr_par ocr_line ocrx_word'/>
</head>
<body>
  <div class='ocr_page' id='page_1' title='image "./operaomniaquaegr14orig/operaomniaquaegr14orig_0209.png"; bbox 0 0 1759 3134; ppageno 0'>
   <div class='ocr_carea' id='block_1_1' title="bbox 619 125 1516 168">
    <p class='ocr_par' dir='ltr' id='par_1_1' title="bbox 619 125 1516 168">
     <span class='ocr_line' id='line_1_1' title="bbox 619 125 1516 168; baseline 0 -1"><span class='ocrx_word' id='word_1_1' title='bbox 619 139 665 168; x_wconf 75' lang='lat' dir='ltr'><strong>m</strong></span> <span class='ocrx_word' id='word_1_2' title='bbox 693 126 985 167; x_wconf 75' lang='lat' dir='ltr'>EZECHIELEM</span> <span class='ocrx_word' id='word_1_3' title='bbox 1436 125 1516 168; x_wconf 85' lang='lat'><em>193</em></span> 
     </span>
    </p>
   </div>
   <div class='ocr_carea' id='block_1_2' title="bbox 87 235 1515 1064">
    <p class='ocr_par' dir='ltr' id='par_1_2' title="bbox 87 235 1515 1064">
     <span class='ocr_line' id='line_1_2' title="bbox 91 235 1515 296; baseline -0.003 -12"><span class='ocrx_word' id='word_1_4' title='bbox 91 240 318 290; x_wconf 76' lang='grc' dir='ltr'><em>Πολλάκις</em></span> <span class='ocrx_word' id='word_1_5' title='bbox 347 239 435 296; x_wconf 76' lang='grc' dir='ltr'><em>γὰρ</em></span> <span class='ocrx_word' id='word_1_6' title='bbox 469 241 511 281; x_wconf 81' lang='grc' dir='ltr'><em>οἱ</em></span> <span class='ocrx_word' id='word_1_7' title='bbox 541 235 816 290; x_wconf 79' lang='grc' dir='ltr'><em>διδάξαντες,</em></span> <span class='ocrx_word' id='word_1_8' title='bbox 848 237 925 278; x_wconf 86' lang='grc' dir='ltr'><em>καὶ</em></span> <span class='ocrx_word' id='word_1_9' title='bbox 957 235 1007 278; x_wconf 69' lang='grc' dir='ltr'><em>ἐν</em></span> <span class='ocrx_word' id='word_1_10' title='bbox 1031 238 1213 292; x_wconf 80' lang='grc' dir='ltr'><em>Χριστῷ</em></span> <span class='ocrx_word' id='word_1_11' title='bbox 1244 240 1515 293; x_wconf 78' lang='grc' dir='ltr'><em>γεγεννηκέ-</em></span> 
     </span>
     <span class='ocr_line' id='line_1_3' title="bbox 93 310 1514 374; baseline -0.012 -11"><span class='ocrx_word' id='word_1_12' title='bbox 93 336 169 363; x_wconf 88' lang='grc' dir='ltr'><em>ναι</em></span> <span class='ocrx_word' id='word_1_13' title='bbox 206 317 308 367; x_wconf 85' lang='grc' dir='ltr'><em>τοὺς</em></span> <span class='ocrx_word' id='word_1_14' title='bbox 343 315 445 374; x_wconf 80' lang='grc' dir='ltr'><em>παρ’</em></span> <span class='ocrx_word' id='word_1_15' title='bbox 491 314 641 358; x_wconf 77' lang='grc' dir='ltr'><em>αὐτῶν</em></span> <span class='ocrx_word' id='word_1_16' title='bbox 678 310 958 368; x_wconf 77' lang='grc' dir='ltr'><em>ἀκούσαντας</em></span> <span class='ocrx_word' id='word_1_17' title='bbox 988 315 1066 355; x_wconf 88' lang='grc' dir='ltr'><em>τοῦ</em></span> <span class='ocrx_word' id='word_1_18' title='bbox 1097 317 1226 356; x_wconf 88' lang='grc' dir='ltr'><em>θείου</em></span> <span class='ocrx_word' id='word_1_19' title='bbox 1258 310 1404 369; x_wconf 75' lang='grc' dir='ltr'><em>νόμου</em></span> <span class='ocrx_word' id='word_1_20' title='bbox 1433 329 1514 356; x_wconf 76' lang='lat' dir='ltr'><em>vo—</em></span> 
     </span>
     <span class='ocr_line' id='line_1_4' title="bbox 94 385 1515 452; baseline -0.003 -14"><span class='ocrx_word' id='word_1_21' title='bbox 94 400 345 452; x_wconf 81' lang='grc' dir='ltr'><em>μισθέντες,</em></span> <span class='ocrx_word' id='word_1_22' title='bbox 378 388 771 448; x_wconf 72' lang='grc' dir='ltr'><em>ἐπιβουλευόμενοι</em></span> <span class='ocrx_word' id='word_1_23' title='bbox 803 387 892 432; x_wconf 84' lang='grc' dir='ltr'><em>ὑπὸ</em></span> <span class='ocrx_word' id='word_1_24' title='bbox 924 392 1013 432; x_wconf 83' lang='grc' dir='ltr'><em>τῶν</em></span> <span class='ocrx_word' id='word_1_25' title='bbox 1043 389 1378 445; x_wconf 75' lang='grc' dir='ltr'><em>διδαχθέντων,</em></span> <span class='ocrx_word' id='word_1_26' title='bbox 1415 385 1515 435; x_wconf 87' lang='grc' dir='ltr'><em>οἷον</em></span> 
     </span>
     <span class='ocr_line' id='line_1_5' title="bbox 94 465 1514 522; baseline -0.009 -7"><span class='ocrx_word' id='word_1_27' title='bbox 94 474 323 515; x_wconf 74' lang='grc' dir='ltr'><em>ἕσθίονται</em></span> <span class='ocrx_word' id='word_1_28' title='bbox 357 468 448 513; x_wconf 79' lang='grc' dir='ltr'><em>ὑπὸ</em></span> <span class='ocrx_word' id='word_1_29' title='bbox 481 472 570 512; x_wconf 84' lang='grc' dir='ltr'><em>τῶν</em></span> <span class='ocrx_word' id='word_1_30' title='bbox 602 470 711 510; x_wconf 85' lang='grc' dir='ltr'><em>υἱῶν</em></span> <span class='ocrx_word' id='word_1_31' title='bbox 740 470 943 522; x_wconf 77' lang='grc' dir='ltr'><em>πατέρες.</em></span> <span class='ocrx_word' id='word_1_32' title='bbox 985 469 1045 508; x_wconf 78' lang='grc' dir='ltr'><em>Εἰ</em></span> <span class='ocrx_word' id='word_1_33' title='bbox 1075 466 1125 508; x_wconf 77' lang='grc' dir='ltr'><em>δὲ</em></span> <span class='ocrx_word' id='word_1_34' title='bbox 1163 465 1291 509; x_wconf 82' lang='grc' dir='ltr'><em>αὐτοὶ</em></span> <span class='ocrx_word' id='word_1_35' title='bbox 1321 471 1514 512; x_wconf 76' lang='grc' dir='ltr'><em>πλεονε-</em></span> 
     </span>
     <span class='ocr_line' id='line_1_6' title="bbox 94 542 1513 601; baseline -0.002 -9"><span class='ocrx_word' id='word_1_36' title='bbox 94 555 243 593; x_wconf 91' lang='grc' dir='ltr'><em>κτοῖεν</em></span> <span class='ocrx_word' id='word_1_37' title='bbox 273 550 350 591; x_wconf 87' lang='grc' dir='ltr'><em>καὶ</em></span> <span class='ocrx_word' id='word_1_38' title='bbox 382 547 583 590; x_wconf 74' lang='grc' dir='ltr'><em>ἀδικοῖεν</em></span> <span class='ocrx_word' id='word_1_39' title='bbox 611 543 713 592; x_wconf 75' lang='grc' dir='ltr'><em>τούς</em></span> <span class='ocrx_word' id='word_1_40' title='bbox 754 547 1100 600; x_wconf 71' lang='grc' dir='ltr'><em>προσαχθέντας</em></span> <span class='ocrx_word' id='word_1_41' title='bbox 1148 542 1202 585; x_wconf 83' lang='grc' dir='ltr'><em>δι’</em></span> <span class='ocrx_word' id='word_1_42' title='bbox 1258 544 1409 587; x_wconf 76' lang='grc' dir='ltr'><em>αὐτῶν</em></span> <span class='ocrx_word' id='word_1_43' title='bbox 1452 551 1513 601; x_wconf 80' lang='grc' dir='ltr'><em>τῷ</em></span> 
     </span>
     <span class='ocr_line' id='line_1_7' title="bbox 92 605 1515 681; baseline -0.005 -13"><span class='ocrx_word' id='word_1_44' title='bbox 92 631 202 681; x_wconf 83' lang='grc' dir='ltr'><em>θείῳ</em></span> <span class='ocrx_word' id='word_1_45' title='bbox 233 622 370 680; x_wconf 78' lang='grc' dir='ltr'><em>λόγῳ,</em></span> <span class='ocrx_word' id='word_1_46' title='bbox 404 627 589 677; x_wconf 72' lang='grc' dir='ltr'><em>πατέρες</em></span> <span class='ocrx_word' id='word_1_47' title='bbox 619 623 734 664; x_wconf 79' lang='grc' dir='ltr'><em>εἰσὶν</em></span> <span class='ocrx_word' id='word_1_48' title='bbox 764 621 993 668; x_wconf 70' lang='grc' dir='ltr'><em>ἐσθίοντες</em></span> <span class='ocrx_word' id='word_1_49' title='bbox 1022 618 1126 668; x_wconf 78' lang='grc' dir='ltr'><em>τοὺς</em></span> <span class='ocrx_word' id='word_1_50' title='bbox 1156 605 1294 670; x_wconf 81' lang='grc' dir='ltr'><em>υἱούς.</em></span> <span class='ocrx_word' id='word_1_51' title='bbox 1337 619 1432 665; x_wconf 72' lang='lat' dir='ltr'><em>“On</em></span> <span class='ocrx_word' id='word_1_52' title='bbox 1464 624 1515 666; x_wconf 76' lang='grc' dir='ltr'><em>δὲ</em></span> 
     </span>
     <span class='ocr_line' id='line_1_8' title="bbox 92 692 1514 753; baseline -0.002 -9"><span class='ocrx_word' id='word_1_53' title='bbox 92 707 234 746; x_wconf 82' lang='grc' dir='ltr'><em>κεῖται</em></span> <span class='ocrx_word' id='word_1_54' title='bbox 274 699 323 744; x_wconf 82' lang='grc' dir='ltr'><em>τὸ</em></span> <span class='ocrx_word' id='word_1_55' title='bbox 368 701 539 743; x_wconf 73' lang='grc' dir='ltr'><em>ἐσθίειν</em></span> <span class='ocrx_word' id='word_1_56' title='bbox 578 696 654 746; x_wconf 78' lang='grc' dir='ltr'><em>τὰς</em></span> <span class='ocrx_word' id='word_1_57' title='bbox 695 694 865 753; x_wconf 73' lang='grc' dir='ltr'><em>σάρκας</em></span> <span class='ocrx_word' id='word_1_58' title='bbox 893 692 1012 745; x_wconf 82' lang='grc' dir='ltr'><em>τινὸς</em></span> <span class='ocrx_word' id='word_1_59' title='bbox 1043 697 1118 739; x_wconf 70' lang='grc' dir='ltr'><em>ἐπὶ</em></span> <span class='ocrx_word' id='word_1_60' title='bbox 1148 695 1365 752; x_wconf 81' lang='grc' dir='ltr'><em>τοσαύτης</em></span> <span class='ocrx_word' id='word_1_61' title='bbox 1397 697 1514 741; x_wconf 56' lang='grc' dir='ltr'><em>ἀκαι-</em></span> 
     </span>
     <span class='ocr_line' id='line_1_9' title="bbox 90 773 1514 829; baseline -0.002 -7"><span class='ocrx_word' id='word_1_62' title='bbox 90 782 327 826; x_wconf 86' lang='grc' dir='ltr'><em>ταστατίας</em></span> <span class='ocrx_word' id='word_1_63' title='bbox 366 779 442 820; x_wconf 88' lang='grc' dir='ltr'><em>καὶ</em></span> <span class='ocrx_word' id='word_1_64' title='bbox 483 773 701 829; x_wconf 80' lang='grc' dir='ltr'><em>στάσεως,</em></span> <span class='ocrx_word' id='word_1_65' title='bbox 752 775 844 818; x_wconf 74' lang='grc' dir='ltr'><em>ἔστι</em></span> <span class='ocrx_word' id='word_1_66' title='bbox 892 778 1066 829; x_wconf 91' lang='grc' dir='ltr'><em>μαθεῖν</em></span> <span class='ocrx_word' id='word_1_67' title='bbox 1105 774 1153 817; x_wconf 70' lang='grc' dir='ltr'><em>ἐκ</em></span> <span class='ocrx_word' id='word_1_68' title='bbox 1189 777 1267 818; x_wconf 81' lang='grc' dir='ltr'><em>τοῦ</em></span> <span class='ocrx_word' id='word_1_69' title='bbox 1307 778 1514 819; x_wconf 78' lang='grc' dir='ltr'><em>εἷκοστοῦ</em></span> 
     </span>
     <span class='ocr_line' id='line_1_10' title="bbox 91 850 1513 911; baseline -0.003 -11"><span class='ocrx_word' id='word_1_70' title='bbox 91 856 220 900; x_wconf 72' lang='grc' dir='ltr'><em>ἕκτου</em></span> <span class='ocrx_word' id='word_1_71' title='bbox 260 856 474 911; x_wconf 78' lang='grc' dir='ltr'><em>ψαλμοῦ·</em></span> <span class='ocrx_word' id='word_1_72' title='bbox 507 852 627 908; x_wconf 79' lang='grc' dir='ltr'><em>,,διὰ</em></span> <span class='ocrx_word' id='word_1_73' title='bbox 657 851 695 907; x_wconf 89' lang='lat'><em>¹)</em></span> <span class='ocrx_word' id='word_1_74' title='bbox 729 850 776 895; x_wconf 89' lang='grc' dir='ltr'><em>τὸ</em></span> <span class='ocrx_word' id='word_1_75' title='bbox 808 852 1001 908; x_wconf 72' lang='grc' dir='ltr'><em>ἐγγίζειν</em></span> <span class='ocrx_word' id='word_1_76' title='bbox 1043 851 1108 894; x_wconf 71' lang='grc' dir='ltr'><em>ἐπ’</em></span> <span class='ocrx_word' id='word_1_77' title='bbox 1143 852 1223 908; x_wconf 68' lang='grc' dir='ltr'><em>ἐμὲ</em></span> <span class='ocrx_word' id='word_1_78' title='bbox 1261 855 1513 902; x_wconf 81' lang='grc' dir='ltr'><em>κακοῦντας</em></span> 
     </span>
     <span class='ocr_line' id='line_1_11' title="bbox 89 927 879 990; baseline -0.008 -15"><span class='ocrx_word' id='word_1_79' title='bbox 89 936 168 977; x_wconf 91' lang='grc' dir='ltr'><em>τοῦ</em></span> <span class='ocrx_word' id='word_1_80' title='bbox 209 937 378 990; x_wconf 79' lang='grc' dir='ltr'><em>φαγεῖν</em></span> <span class='ocrx_word' id='word_1_81' title='bbox 405 928 486 978; x_wconf 72' lang='grc' dir='ltr'><em>τας</em></span> <span class='ocrx_word' id='word_1_82' title='bbox 520 927 689 987; x_wconf 75' lang='grc' dir='ltr'><em>σάρκας</em></span> <span class='ocrx_word' id='word_1_83' title='bbox 719 930 879 983; x_wconf 77' lang='grc' dir='ltr'><em>μου·“</em></span> 
     </span>
     <span class='ocr_line' id='line_1_12' title="bbox 87 1001 1510 1064; baseline -0.001 -12"><span class='ocrx_word' id='word_1_84' title='bbox 87 1024 183 1058; x_wconf 87' lang='grc' dir='ltr'><em>τος·</em></span> <span class='ocrx_word' id='word_1_85' title='bbox 225 1010 306 1064; x_wconf 83' lang='grc' dir='ltr'><em>,,εῗ</em></span> <span class='ocrx_word' id='word_1_86' title='bbox 327 1007 369 1062; x_wconf 85' lang='grc'><em>2)</em></span> <span class='ocrx_word' id='word_1_87' title='bbox 413 1006 464 1049; x_wconf 84' lang='grc' dir='ltr'><em>δὲ</em></span> <span class='ocrx_word' id='word_1_88' title='bbox 503 1009 580 1049; x_wconf 88' lang='grc' dir='ltr'><em>καὶ</em></span> <span class='ocrx_word' id='word_1_89' title='bbox 619 1001 755 1049; x_wconf 79' lang='grc' dir='ltr'><em>εἶπαν</em></span> <span class='ocrx_word' id='word_1_90' title='bbox 798 1008 845 1048; x_wconf 84' lang='grc' dir='ltr'><em>αἱ</em></span> <span class='ocrx_word' id='word_1_91' title='bbox 878 1002 1162 1061; x_wconf 80' lang='grc' dir='ltr'><em>θεράπαιναί</em></span> <span class='ocrx_word' id='word_1_92' title='bbox 1194 1020 1306 1062; x_wconf 88' lang='grc' dir='ltr'><em>μου·</em></span> <span class='ocrx_word' id='word_1_93' title='bbox 1348 1011 1412 1056; x_wconf 87' lang='grc' dir='ltr'><em>τίς</em></span> <span class='ocrx_word' id='word_1_94' title='bbox 1451 1004 1510 1050; x_wconf 75' lang='grc' dir='ltr'><em>ἰέν</em></span> 
     </span>
    </p>
   </div>
   <div class='ocr_carea' id='block_1_3' title="bbox 923 926 1510 986">
    <p class='ocr_par' dir='ltr' id='par_1_3' title="bbox 923 926 1510 986">
     <span class='ocr_line' id='line_1_13' title="bbox 923 926 1510 986; baseline 0.007 -16"><span class='ocrx_word' id='word_1_95' title='bbox 923 931 998 970; x_wconf 86' lang='grc' dir='ltr'><em>καὶ</em></span> <span class='ocrx_word' id='word_1_96' title='bbox 1030 929 1079 971; x_wconf 71' lang='grc' dir='ltr'><em>ἐκ</em></span> <span class='ocrx_word' id='word_1_97' title='bbox 1110 931 1188 972; x_wconf 93' lang='grc' dir='ltr'><em>τοῦ</em></span> <span class='ocrx_word' id='word_1_98' title='bbox 1215 926 1314 983; x_wconf 76' lang='grc' dir='ltr'><em>Ἰὼβ</em></span> <span class='ocrx_word' id='word_1_99' title='bbox 1343 932 1510 986; x_wconf 79' lang='grc' dir='ltr'><em>λέγον-</em></span> 
     </span>
    </p>
   </div>
   <div class='ocr_carea' id='block_1_4' title="bbox 83 1081 1513 2449">
    <p class='ocr_par' dir='ltr' id='par_1_4' title="bbox 83 1081 1509 1833">
     <span class='ocr_line' id='line_1_14' title="bbox 87 1081 1508 1142; baseline -0.001 -12"><span class='ocrx_word' id='word_1_100' title='bbox 87 1087 188 1140; x_wconf 87' lang='grc' dir='ltr'><em>δοίη</em></span> <span class='ocrx_word' id='word_1_101' title='bbox 228 1083 341 1142; x_wconf 85' lang='grc' dir='ltr'><em>ἡμῖν</em></span> <span class='ocrx_word' id='word_1_102' title='bbox 378 1086 468 1127; x_wconf 85' lang='grc' dir='ltr'><em>τῶν</em></span> <span class='ocrx_word' id='word_1_103' title='bbox 507 1085 689 1139; x_wconf 81' lang='grc' dir='ltr'><em>σαρκῶν</em></span> <span class='ocrx_word' id='word_1_104' title='bbox 727 1081 866 1126; x_wconf 83' lang='grc' dir='ltr'><em>αὐτοῦ</em></span> <span class='ocrx_word' id='word_1_105' title='bbox 907 1088 1100 1140; x_wconf 78' lang='grc' dir='ltr'><em>φαγεῖν,</em></span> <span class='ocrx_word' id='word_1_106' title='bbox 1143 1086 1279 1139; x_wconf 90' lang='grc' dir='ltr'><em>λιμοῦ</em></span> <span class='ocrx_word' id='word_1_107' title='bbox 1306 1088 1508 1142; x_wconf 76' lang='grc' dir='ltr'><em>χρηστοῦ</em></span> 
     </span>
     <span class='ocr_line' id='line_1_15' title="bbox 90 1157 1509 1218; baseline -0.001 -11"><span class='ocrx_word' id='word_1_108' title='bbox 90 1160 288 1216; x_wconf 74' lang='grc' dir='ltr'><em>ὅντος,·“</em></span> <span class='ocrx_word' id='word_1_109' title='bbox 325 1157 523 1205; x_wconf 76' lang='grc' dir='ltr'><em>Τοιαῦτα</em></span> <span class='ocrx_word' id='word_1_110' title='bbox 555 1160 648 1203; x_wconf 71' lang='grc' dir='ltr'><em>ἔστι.</em></span> <span class='ocrx_word' id='word_1_111' title='bbox 687 1162 764 1202; x_wconf 84' lang='grc' dir='ltr'><em>καὶ</em></span> <span class='ocrx_word' id='word_1_112' title='bbox 800 1158 854 1202; x_wconf 78' lang='grc' dir='ltr'><em>τα</em></span> <span class='ocrx_word' id='word_1_113' title='bbox 893 1158 1019 1218; x_wconf 76' lang='grc' dir='ltr'><em>παρὰ</em></span> <span class='ocrx_word' id='word_1_114' title='bbox 1059 1163 1119 1216; x_wconf 80' lang='grc' dir='ltr'><em>τῷ</em></span> <span class='ocrx_word' id='word_1_115' title='bbox 1159 1159 1402 1217; x_wconf 75' lang='grc' dir='ltr'><em>ἀποστόλῳ</em></span> <span class='ocrx_word' id='word_1_116' title='bbox 1433 1165 1509 1205; x_wconf 79' lang='grc' dir='ltr'><em>αἷ-</em></span> 
     </span>
     <span class='ocr_line' id='line_1_16' title="bbox 86 1233 1508 1298; baseline 0 -15"><span class='ocrx_word' id='word_1_117' title='bbox 86 1243 289 1298; x_wconf 82' lang='grc' dir='ltr'><em>τιωμένῳ</em></span> <span class='ocrx_word' id='word_1_118' title='bbox 317 1237 421 1288; x_wconf 78' lang='grc' dir='ltr'><em>τοὺς</em></span> <span class='ocrx_word' id='word_1_119' title='bbox 451 1233 772 1286; x_wconf 74' lang='grc' dir='ltr'><em>στασιάζοντας</em></span> <span class='ocrx_word' id='word_1_120' title='bbox 800 1235 914 1295; x_wconf 86' lang='grc' dir='ltr'><em>πρὸς</em></span> <span class='ocrx_word' id='word_1_121' title='bbox 946 1234 1164 1292; x_wconf 77' lang='grc' dir='ltr'><em>ἀλλήλους</em></span> <span class='ocrx_word' id='word_1_122' title='bbox 1203 1239 1255 1281; x_wconf 76' lang='grc' dir='ltr'><em>ἔν</em></span> <span class='ocrx_word' id='word_1_123' title='bbox 1282 1253 1401 1281; x_wconf 84' lang='grc' dir='ltr'><em>τισιν</em></span> <span class='ocrx_word' id='word_1_124' title='bbox 1430 1240 1508 1283; x_wconf 70' lang='grc' dir='ltr'><em>ἕκ-</em></span> 
     </span>
     <span class='ocr_line' id='line_1_17' title="bbox 88 1311 1506 1372; baseline 0.001 -13"><span class='ocrx_word' id='word_1_125' title='bbox 88 1319 315 1370; x_wconf 86' lang='grc' dir='ltr'><em>κλησίαις·</em></span> <span class='ocrx_word' id='word_1_126' title='bbox 362 1318 443 1371; x_wconf 75' lang='grc' dir='ltr'><em>,,εῗ</em></span> <span class='ocrx_word' id='word_1_127' title='bbox 465 1315 507 1371; x_wconf 76' lang='lat'><em>3)</em></span> <span class='ocrx_word' id='word_1_128' title='bbox 547 1314 597 1357; x_wconf 78' lang='grc' dir='ltr'><em>δὲ</em></span> <span class='ocrx_word' id='word_1_129' title='bbox 642 1312 859 1368; x_wconf 82' lang='grc' dir='ltr'><em>ἀλλήλους</em></span> <span class='ocrx_word' id='word_1_130' title='bbox 891 1311 1079 1358; x_wconf 76' lang='grc' dir='ltr'><em>δάκνετε</em></span> <span class='ocrx_word' id='word_1_131' title='bbox 1117 1317 1195 1357; x_wconf 87' lang='grc' dir='ltr'><em>καὶ</em></span> <span class='ocrx_word' id='word_1_132' title='bbox 1233 1320 1506 1372; x_wconf 75' lang='grc' dir='ltr'><em>κατεσθίετε,</em></span> 
     </span>
     <span class='ocr_line' id='line_1_18' title="bbox 85 1387 1506 1447; baseline 0.003 -13"><span class='ocrx_word' id='word_1_133' title='bbox 85 1396 291 1447; x_wconf 80' lang='grc' dir='ltr'><em>βλέπετε,</em></span> <span class='ocrx_word' id='word_1_134' title='bbox 335 1390 398 1446; x_wconf 89' lang='grc' dir='ltr'><em>μὴ</em></span> <span class='ocrx_word' id='word_1_135' title='bbox 429 1388 519 1433; x_wconf 87' lang='grc' dir='ltr'><em>ὑπὸ</em></span> <span class='ocrx_word' id='word_1_136' title='bbox 560 1387 766 1444; x_wconf 78' lang='grc' dir='ltr'><em>ἀλλήλων</em></span> <span class='ocrx_word' id='word_1_137' title='bbox 803 1391 1126 1445; x_wconf 78' lang='grc' dir='ltr'><em>ἀναλωθῆτε.“</em></span> <span class='ocrx_word' id='word_1_138' title='bbox 1178 1395 1324 1436; x_wconf 88' lang='grc' dir='ltr'><em>Τοῦτο</em></span> <span class='ocrx_word' id='word_1_139' title='bbox 1366 1393 1417 1436; x_wconf 83' lang='grc' dir='ltr'><em>δὲ</em></span> <span class='ocrx_word' id='word_1_140' title='bbox 1456 1392 1506 1438; x_wconf 81' lang='grc' dir='ltr'><em>τὸ</em></span> 
     </span>
     <span class='ocr_line' id='line_1_19' title="bbox 85 1465 1508 1528; baseline 0.001 -15"><span class='ocrx_word' id='word_1_141' title='bbox 85 1467 271 1513; x_wconf 80' lang='grc' dir='ltr'><em>δάκνειν</em></span> <span class='ocrx_word' id='word_1_142' title='bbox 308 1470 384 1510; x_wconf 89' lang='grc' dir='ltr'><em>καὶ</em></span> <span class='ocrx_word' id='word_1_143' title='bbox 422 1471 698 1522; x_wconf 75' lang='grc' dir='ltr'><em>κατεσθίειν,</em></span> <span class='ocrx_word' id='word_1_144' title='bbox 741 1465 800 1515; x_wconf 82' lang='grc' dir='ltr'><em>ὠς</em></span> <span class='ocrx_word' id='word_1_145' title='bbox 836 1471 1050 1523; x_wconf 86' lang='grc' dir='ltr'><em>γίνεσθαι</em></span> <span class='ocrx_word' id='word_1_146' title='bbox 1094 1466 1170 1512; x_wconf 88' lang='grc' dir='ltr'><em>τό·</em></span> <span class='ocrx_word' id='word_1_147' title='bbox 1212 1472 1441 1528; x_wconf 83' lang='grc' dir='ltr'><em>,,πατέρες</em></span> <span class='ocrx_word' id='word_1_148' title='bbox 1462 1470 1508 1526; x_wconf 76' lang='lat'><em>¹²)</em></span> 
     </span>
     <span class='ocr_line' id='line_1_20' title="bbox 86 1543 1509 1606; baseline 0.003 -17"><span class='ocrx_word' id='word_1_149' title='bbox 86 1543 328 1604; x_wconf 80' lang='grc' dir='ltr'><em>φάγωνται</em></span> <span class='ocrx_word' id='word_1_150' title='bbox 377 1548 512 1598; x_wconf 79' lang='grc' dir='ltr'><em>τέκνα</em></span> <span class='ocrx_word' id='word_1_151' title='bbox 557 1546 607 1588; x_wconf 71' lang='grc' dir='ltr'><em>ἐν</em></span> <span class='ocrx_word' id='word_1_152' title='bbox 651 1548 776 1602; x_wconf 82' lang='grc' dir='ltr'><em>με’σῳ</em></span> <span class='ocrx_word' id='word_1_153' title='bbox 820 1559 926 1601; x_wconf 90' lang='grc' dir='ltr'><em>σου,</em></span> <span class='ocrx_word' id='word_1_154' title='bbox 979 1549 1056 1589; x_wconf 88' lang='grc' dir='ltr'><em>καὶ</em></span> <span class='ocrx_word' id='word_1_155' title='bbox 1093 1550 1225 1591; x_wconf 76' lang='grc' dir='ltr'><em>τέκνα</em></span> <span class='ocrx_word' id='word_1_156' title='bbox 1267 1545 1509 1606; x_wconf 81' lang='grc' dir='ltr'><em>φάγωνται</em></span> 
     </span>
     <span class='ocr_line' id='line_1_21' title="bbox 83 1619 1508 1681; baseline 0.002 -15"><span class='ocrx_word' id='word_1_157' title='bbox 83 1623 347 1681; x_wconf 77' lang='grc' dir='ltr'><em>πατέρας·“</em></span> <span class='ocrx_word' id='word_1_158' title='bbox 391 1622 473 1678; x_wconf 84' lang='grc' dir='ltr'><em>οὐχ</em></span> <span class='ocrx_word' id='word_1_159' title='bbox 517 1621 538 1665; x_wconf 86' lang='grc' dir='ltr'>ὁ</span> <span class='ocrx_word' id='word_1_160' title='bbox 578 1619 684 1670; x_wconf 87' lang='grc' dir='ltr'><em>θεὸς</em></span> <span class='ocrx_word' id='word_1_161' title='bbox 721 1623 919 1678; x_wconf 71' lang='grc' dir='ltr'><em>ἐνεργεῖ,</em></span> <span class='ocrx_word' id='word_1_162' title='bbox 961 1623 1210 1668; x_wconf 83' lang='grc' dir='ltr'><em>ἀκολουθεῖ</em></span> <span class='ocrx_word' id='word_1_163' title='bbox 1247 1626 1297 1668; x_wconf 83' lang='grc' dir='ltr'><em>δὲ</em></span> <span class='ocrx_word' id='word_1_164' title='bbox 1334 1632 1427 1675; x_wconf 87' lang='grc' dir='ltr'><em>τοῖς</em></span> <span class='ocrx_word' id='word_1_165' title='bbox 1453 1627 1508 1669; x_wconf 77' lang='grc' dir='ltr'><em>τὰ</em></span> 
     </span>
     <span class='ocr_line' id='line_1_22' title="bbox 86 1697 1506 1761; baseline 0.003 -18"><span class='ocrx_word' id='word_1_166' title='bbox 86 1698 369 1757; x_wconf 82' lang='grc' dir='ltr'><em>δικαιώματα</em></span> <span class='ocrx_word' id='word_1_167' title='bbox 408 1702 485 1743; x_wconf 90' lang='grc' dir='ltr'><em>τοῦ</em></span> <span class='ocrx_word' id='word_1_168' title='bbox 515 1701 627 1743; x_wconf 84' lang='grc' dir='ltr'><em>θεοῦ</em></span> <span class='ocrx_word' id='word_1_169' title='bbox 658 1697 1020 1755; x_wconf 76' lang='grc' dir='ltr'><em>ἀποθουμένοις,</em></span> <span class='ocrx_word' id='word_1_170' title='bbox 1060 1703 1138 1742; x_wconf 85' lang='grc' dir='ltr'><em>καὶ</em></span> <span class='ocrx_word' id='word_1_171' title='bbox 1168 1701 1217 1743; x_wconf 73' lang='grc' dir='ltr'><em>ἓν</em></span> <span class='ocrx_word' id='word_1_172' title='bbox 1246 1707 1338 1750; x_wconf 88' lang='grc' dir='ltr'><em>τοῖς</em></span> <span class='ocrx_word' id='word_1_173' title='bbox 1369 1708 1506 1761; x_wconf 88' lang='grc' dir='ltr'><em>νομί-</em></span> 
     </span>
     <span class='ocr_line' id='line_1_23' title="bbox 86 1775 816 1833; baseline -0.004 -13"><span class='ocrx_word' id='word_1_174' title='bbox 86 1794 191 1833; x_wconf 84' lang='grc' dir='ltr'><em>μοις</em></span> <span class='ocrx_word' id='word_1_175' title='bbox 220 1775 358 1820; x_wconf 83' lang='grc' dir='ltr'><em>αὐτοῦ</em></span> <span class='ocrx_word' id='word_1_176' title='bbox 389 1777 452 1832; x_wconf 84' lang='grc' dir='ltr'><em>μὴ</em></span> <span class='ocrx_word' id='word_1_177' title='bbox 477 1777 816 1833; x_wconf 77' lang='grc' dir='ltr'><em>πορευομένοις.</em></span> 
     </span>
    </p>

    <p class='ocr_par' dir='ltr' id='par_1_5' title="bbox 84 1849 1506 2064">
     <span class='ocr_line' id='line_1_24' title="bbox 198 1849 1506 1911; baseline 0.002 -15"><span class='ocrx_word' id='word_1_178' title='bbox 198 1852 398 1909; x_wconf 73' lang='grc' dir='ltr'><em>,,Καὶ5)</em></span> <span class='ocrx_word' id='word_1_179' title='bbox 440 1849 841 1906; x_wconf 82' lang='grc' dir='ltr'><em>συντελεσθήσεται</em></span> <span class='ocrx_word' id='word_1_180' title='bbox 881 1850 904 1896; x_wconf 84' lang='grc' dir='ltr'>ὁ</span> <span class='ocrx_word' id='word_1_181' title='bbox 943 1852 1091 1910; x_wconf 87' lang='grc' dir='ltr'><em>θυμός</em></span> <span class='ocrx_word' id='word_1_182' title='bbox 1131 1857 1279 1911; x_wconf 81' lang='grc' dir='ltr'><em>μου.“</em></span> <span class='ocrx_word' id='word_1_183' title='bbox 1359 1860 1506 1902; x_wconf 76' lang='grc' dir='ltr'><em>Τοῦτο</em></span> 
     </span>
     <span class='ocr_line' id='line_1_25' title="bbox 85 1927 1505 1994; baseline 0.003 -20"><span class='ocrx_word' id='word_1_184' title='bbox 85 1932 227 1985; x_wconf 87' lang='grc' dir='ltr'><em>δηλοῖ,</em></span> <span class='ocrx_word' id='word_1_185' title='bbox 262 1928 328 1973; x_wconf 80' lang='grc' dir='ltr'><em>ὅτι</em></span> <span class='ocrx_word' id='word_1_186' title='bbox 357 1933 503 1987; x_wconf 77' lang='grc' dir='ltr'><em>πέραν</em></span> <span class='ocrx_word' id='word_1_187' title='bbox 536 1929 623 1978; x_wconf 76' lang='grc' dir='ltr'><em>ἕξει</em></span> <span class='ocrx_word' id='word_1_188' title='bbox 656 1927 678 1972; x_wconf 84' lang='grc' dir='ltr'>ὁ</span> <span class='ocrx_word' id='word_1_189' title='bbox 708 1927 858 1983; x_wconf 87' lang='grc' dir='ltr'><em>θυμὸς</em></span> <span class='ocrx_word' id='word_1_190' title='bbox 886 1932 965 1972; x_wconf 89' lang='grc' dir='ltr'><em>τοῦ</em></span> <span class='ocrx_word' id='word_1_191' title='bbox 996 1933 1108 1974; x_wconf 83' lang='grc' dir='ltr'><em>θεοῦ</em></span> <span class='ocrx_word' id='word_1_192' title='bbox 1135 1930 1302 1987; x_wconf 85' lang='grc' dir='ltr'><em>ὁμοίως</em></span> <span class='ocrx_word' id='word_1_193' title='bbox 1322 1936 1372 1994; x_wconf 78' lang='grc' dir='ltr'><em>τῇ</em></span> <span class='ocrx_word' id='word_1_194' title='bbox 1393 1950 1505 1978; x_wconf 82' lang='grc' dir='ltr'><em>συν-</em></span> 
     </span>
     <span class='ocr_line' id='line_1_26' title="bbox 84 2003 560 2064; baseline -0.002 -14"><span class='ocrx_word' id='word_1_195' title='bbox 84 2012 228 2064; x_wconf 72' lang='grc' dir='ltr'><em>τελεία</em></span> <span class='ocrx_word' id='word_1_196' title='bbox 256 2009 336 2050; x_wconf 87' lang='grc' dir='ltr'><em>τοῦ</em></span> <span class='ocrx_word' id='word_1_197' title='bbox 367 2003 560 2061; x_wconf 87' lang='grc' dir='ltr'><em>κόσμου.</em></span> 
     </span>
    </p>

    <p class='ocr_par' dir='ltr' id='par_1_6' title="bbox 85 2083 1511 2285">
     <span class='ocr_line' id='line_1_27' title="bbox 195 2083 1509 2145; baseline 0.002 -18"><span class='ocrx_word' id='word_1_198' title='bbox 195 2087 328 2140; x_wconf 89' lang='grc' dir='ltr'><em>,,Τοῦ</em></span> <span class='ocrx_word' id='word_1_199' title='bbox 359 2083 549 2127; x_wconf 77' lang='grc' dir='ltr'><em>αὐτοῦ.“</em></span> <span class='ocrx_word' id='word_1_200' title='bbox 612 2083 764 2138; x_wconf 84' lang='grc' dir='ltr'><em>Θυμός</em></span> <span class='ocrx_word' id='word_1_201' title='bbox 792 2086 903 2127; x_wconf 87' lang='grc' dir='ltr'><em>θεοῦ</em></span> <span class='ocrx_word' id='word_1_202' title='bbox 934 2085 1056 2128; x_wconf 73' lang='grc' dir='ltr'><em>ἐστιν</em></span> <span class='ocrx_word' id='word_1_203' title='bbox 1086 2087 1266 2142; x_wconf 76' lang='grc' dir='ltr'><em>ἔλεγχος</em></span> <span class='ocrx_word' id='word_1_204' title='bbox 1288 2086 1358 2143; x_wconf 72' lang='grc'><em>6),</em></span> <span class='ocrx_word' id='word_1_205' title='bbox 1397 2087 1509 2145; x_wconf 86' lang='grc' dir='ltr'><em>ὀργὴ</em></span> 
     </span>
     <span class='ocr_line' id='line_1_28' title="bbox 85 2159 1511 2222; baseline 0.001 -16"><span class='ocrx_word' id='word_1_206' title='bbox 85 2164 136 2206; x_wconf 81' lang='grc' dir='ltr'><em>δὲ</em></span> <span class='ocrx_word' id='word_1_207' title='bbox 165 2163 368 2205; x_wconf 86' lang='grc' dir='ltr'><em>παιδεία.</em></span> <span class='ocrx_word' id='word_1_208' title='bbox 432 2163 533 2209; x_wconf 78' lang='grc' dir='ltr'><em>Πᾶς</em></span> <span class='ocrx_word' id='word_1_209' title='bbox 576 2160 626 2204; x_wconf 78' lang='grc' dir='ltr'><em>δὲ</em></span> <span class='ocrx_word' id='word_1_210' title='bbox 668 2159 691 2203; x_wconf 86' lang='grc' dir='ltr'>ὁ</span> <span class='ocrx_word' id='word_1_211' title='bbox 733 2161 930 2217; x_wconf 70' lang='grc' dir='ltr'><em>ἐλέγχων</em></span> <span class='ocrx_word' id='word_1_212' title='bbox 970 2164 1048 2203; x_wconf 87' lang='grc' dir='ltr'><em>καὶ</em></span> <span class='ocrx_word' id='word_1_213' title='bbox 1087 2160 1322 2207; x_wconf 81' lang='grc' dir='ltr'><em>παιδεύων</em></span> <span class='ocrx_word' id='word_1_214' title='bbox 1362 2164 1511 2222; x_wconf 84' lang='grc' dir='ltr'><em>πατὴρ</em></span> 
     </span>
     <span class='ocr_line' id='line_1_29' title="bbox 87 2242 328 2285; baseline -0.012 -2"><span class='ocrx_word' id='word_1_215' title='bbox 87 2242 328 2285; x_wconf 80' lang='grc' dir='ltr'><em>δείκνυται.</em></span> 
     </span>
    </p>

    <p class='ocr_par' dir='ltr' id='par_1_7' title="bbox 87 2314 1513 2449">
     <span class='ocr_line' id='line_1_30' title="bbox 199 2314 1513 2378; baseline 0.003 -19"><span class='ocrx_word' id='word_1_216' title='bbox 199 2319 330 2371; x_wconf 90' lang='grc' dir='ltr'><em>,,Τοῦ</em></span> <span class='ocrx_word' id='word_1_217' title='bbox 372 2315 560 2359; x_wconf 77' lang='grc' dir='ltr'><em>αὐτοῦ.“</em></span> <span class='ocrx_word' id='word_1_218' title='bbox 618 2319 838 2372; x_wconf 86' lang='grc' dir='ltr'><em>Κρεῖττον</em></span> <span class='ocrx_word' id='word_1_219' title='bbox 876 2314 1175 2360; x_wconf 83' lang='grc' dir='ltr'><em>παιδεύεσθαι</em></span> <span class='ocrx_word' id='word_1_220' title='bbox 1217 2318 1267 2360; x_wconf 73' lang='grc' dir='ltr'><em>ἓν</em></span> <span class='ocrx_word' id='word_1_221' title='bbox 1309 2320 1359 2377; x_wconf 81' lang='grc' dir='ltr'><em>τῇ</em></span> <span class='ocrx_word' id='word_1_222' title='bbox 1401 2319 1513 2378; x_wconf 80' lang='grc' dir='ltr'><em>ἀκοῇ</em></span> 
     </span>
     <span class='ocr_line' id='line_1_31' title="bbox 87 2390 1513 2449; baseline 0.002 -13"><span class='ocrx_word' id='word_1_223' title='bbox 87 2396 162 2447; x_wconf 86' lang='grc' dir='ltr'><em>τῆς</em></span> <span class='ocrx_word' id='word_1_224' title='bbox 189 2395 414 2447; x_wconf 80' lang='grc' dir='ltr'><em>θλίψεως,</em></span> <span class='ocrx_word' id='word_1_225' title='bbox 458 2395 534 2435; x_wconf 85' lang='grc' dir='ltr'><em>καὶ</em></span> <span class='ocrx_word' id='word_1_226' title='bbox 574 2391 637 2448; x_wconf 87' lang='grc' dir='ltr'><em>μὴ</em></span> <span class='ocrx_word' id='word_1_227' title='bbox 680 2390 788 2435; x_wconf 76' lang='grc' dir='ltr'><em>αὐτὸ</em></span> <span class='ocrx_word' id='word_1_228' title='bbox 820 2390 868 2435; x_wconf 81' lang='grc' dir='ltr'><em>τὸ</em></span> <span class='ocrx_word' id='word_1_229' title='bbox 900 2393 1037 2449; x_wconf 76' lang='grc' dir='ltr'><em>ἔργον</em></span> <span class='ocrx_word' id='word_1_230' title='bbox 1066 2396 1141 2447; x_wconf 90' lang='grc' dir='ltr'><em>τῆς</em></span> <span class='ocrx_word' id='word_1_231' title='bbox 1171 2395 1380 2444; x_wconf 77' lang='grc' dir='ltr'><em>παιδείας</em></span> <span class='ocrx_word' id='word_1_232' title='bbox 1408 2413 1513 2441; x_wconf 88' lang='grc' dir='ltr'><em>πει-</em></span> 
     </span>
    </p>
   </div>
   <div class='ocr_carea' id='block_1_5' title="bbox 88 2635 1261 2966">
    <p class='ocr_par' dir='ltr' id='par_1_8' title="bbox 202 2635 1261 2901">
     <span class='ocr_line' id='line_1_32' title="bbox 204 2635 1066 2693; baseline -0.001 -16"><span class='ocrx_word' id='word_1_233' title='bbox 204 2636 244 2691; x_wconf 83' lang='lat'><em>¹)</em></span> <span class='ocrx_word' id='word_1_234' title='bbox 279 2635 364 2677; x_wconf 84' lang='lat' dir='ltr'><strong>Cfr.</strong></span> <span class='ocrx_word' id='word_1_235' title='bbox 396 2635 550 2676; x_wconf 84' lang='lat' dir='ltr'><strong>Psalm.</strong></span> <span class='ocrx_word' id='word_1_236' title='bbox 581 2636 761 2685; x_wconf 84' lang='lat' dir='ltr'><strong>XXVII,</strong></span> <span class='ocrx_word' id='word_1_237' title='bbox 792 2636 831 2678; x_wconf 85' lang='lat'><em>2.</em></span> <span class='ocrx_word' id='word_1_238' title='bbox 865 2636 1066 2693; x_wconf 86' lang='lat' dir='ltr'><strong>(XXVI.)</strong></span> 
     </span>
     <span class='ocr_line' id='line_1_33' title="bbox 202 2704 1260 2761; baseline 0.002 -15"><span class='ocrx_word' id='word_1_239' title='bbox 202 2705 244 2761; x_wconf 84' lang='grc'><em>2)</em></span> <span class='ocrx_word' id='word_1_240' title='bbox 277 2706 361 2747; x_wconf 86' lang='lat' dir='ltr'><strong>Cfr.</strong></span> <span class='ocrx_word' id='word_1_241' title='bbox 392 2706 490 2745; x_wconf 86' lang='lat' dir='ltr'><strong>Job.</strong></span> <span class='ocrx_word' id='word_1_242' title='bbox 524 2705 684 2754; x_wconf 87' lang='lat' dir='ltr'>XXXI,</span> <span class='ocrx_word' id='word_1_243' title='bbox 715 2704 780 2748; x_wconf 85' lang='lat'><em>31.</em></span> <span class='ocrx_word' id='word_1_244' title='bbox 902 2707 944 2761; x_wconf 87' lang='lat'><em>³)</em></span> <span class='ocrx_word' id='word_1_245' title='bbox 979 2707 1073 2748; x_wconf 87' lang='lat' dir='ltr'><strong>Gal.</strong></span> <span class='ocrx_word' id='word_1_246' title='bbox 1106 2709 1156 2757; x_wconf 88' lang='lat' dir='ltr'><em>V,</em></span> <span class='ocrx_word' id='word_1_247' title='bbox 1196 2709 1260 2751; x_wconf 80' lang='lat'><em>15,</em></span> 
     </span>
     <span class='ocr_line' id='line_1_34' title="bbox 202 2774 1261 2831; baseline 0.003 -16"><span class='ocrx_word' id='word_1_248' title='bbox 202 2775 254 2830; x_wconf 63' lang='lat'><em>⁴)</em></span> <span class='ocrx_word' id='word_1_249' title='bbox 287 2775 373 2816; x_wconf 89' lang='lat' dir='ltr'>Csr.</span> <span class='ocrx_word' id='word_1_250' title='bbox 404 2775 556 2818; x_wconf 84' lang='lat' dir='ltr'><strong>Ezech.</strong></span> <span class='ocrx_word' id='word_1_251' title='bbox 588 2776 640 2824; x_wconf 82' lang='lat' dir='ltr'><em>V,</em></span> <span class='ocrx_word' id='word_1_252' title='bbox 673 2774 738 2817; x_wconf 84' lang='lat'><em>10.</em></span> <span class='ocrx_word' id='word_1_253' title='bbox 859 2776 900 2831; x_wconf 75' lang='grc'><em>5)</em></span> <span class='ocrx_word' id='word_1_254' title='bbox 931 2777 1081 2818; x_wconf 85' lang='lat' dir='ltr'><strong>Ezech.</strong></span> <span class='ocrx_word' id='word_1_255' title='bbox 1114 2779 1164 2826; x_wconf 85' lang='lat' dir='ltr'><em>V,</em></span> <span class='ocrx_word' id='word_1_256' title='bbox 1199 2777 1261 2821; x_wconf 84' lang='lat'><em>13.</em></span> 
     </span>
     <span class='ocr_line' id='line_1_35' title="bbox 202 2842 781 2901; baseline 0.003 -16"><span class='ocrx_word' id='word_1_257' title='bbox 202 2846 244 2901; x_wconf 71' lang='lat' dir='ltr'><em>fi)</em></span> <span class='ocrx_word' id='word_1_258' title='bbox 277 2846 354 2886; x_wconf 88' lang='lat' dir='ltr'><em>Ed.</em></span> <span class='ocrx_word' id='word_1_259' title='bbox 387 2846 545 2886; x_wconf 78' lang='lat' dir='ltr'>Ruaei:</span> <span class='ocrx_word' id='word_1_260' title='bbox 580 2842 781 2901; x_wconf 78' lang='grc' dir='ltr'><em>ἒλεγμὸς.</em></span> 
     </span>
    </p>

    <p class='ocr_par' dir='ltr' id='par_1_9' title="bbox 88 2923 1205 2966">
     <span class='ocr_line' id='line_1_36' title="bbox 88 2923 1205 2966; baseline -0.001 -1"><span class='ocrx_word' id='word_1_261' title='bbox 88 2923 310 2965; x_wconf 76' lang='lat' dir='ltr'><strong>OmGEms</strong></span> <span class='ocrx_word' id='word_1_262' title='bbox 335 2923 506 2966; x_wconf 77' lang='lat' dir='ltr'><strong>OPERA.</strong></span> <span class='ocrx_word' id='word_1_263' title='bbox 552 2923 672 2964; x_wconf 70' lang='lat' dir='ltr'>Tum.</span> <span class='ocrx_word' id='word_1_264' title='bbox 690 2923 803 2962; x_wconf 84' lang='lat' dir='ltr'>XIV.</span> <span class='ocrx_word' id='word_1_265' title='bbox 1156 2924 1205 2965; x_wconf 75' lang='lat'><em>13</em></span> 
     </span>
    </p>
   </div>
  </div>
 </body>
</html>
