1759 3134
210 116 266 160 50
606 113 826 155 Ommzms
854 123 901 153 m
930 111 1225 153 Ezsscmnmm

216 227 434 285 quomodo
451 237 713 283 praesentem
731 224 955 278 transigant
975 223 1113 273 vitam,
1128 222 1172 262 hi
1195 222 1466 274 cogitationes
1483 240 1574 264 suas
1591 224 1635 279 ι)

218 316 383 361 ponunt
413 303 456 343 in
488 303 684 344 cordibus
714 303 810 352 suis,
839 314 885 342 ut
908 314 1021 358 puta,
1054 301 1088 341 si
1114 299 1267 340 videris
1293 301 1508 341 hominem
1524 302 1636 354 *nihil

219 383 336 423 aliud
367 380 619 433 cogitantem
648 380 726 422 nisi
758 380 904 421 mundi
933 378 1118 431 negocia,
1152 378 1268 418 lucra
1301 378 1561 433 corporalia,
1597 391 1637 418 ct

222 459 415 499 ciborum
444 457 758 499 abundantiam:
801 474 846 498 ex
885 456 968 505 his,
1001 472 1104 510 quae
1140 454 1384 506 indiguerit,
1416 455 1457 495 in
1490 455 1640 510 quibus

222 535 430 577 sollicitus
461 547 542 585 est,
582 535 623 575 in
656 535 806 590 quibus
847 533 1046 589 suspirat,
1088 534 1269 572 suturam
1298 543 1461 572 tantum
1491 533 1640 572 alimo—

222 613 334 654 niam
365 630 461 653 cum
491 613 641 653 dolore
674 611 945 666 conquirens,
986 626 1168 666 poenam
1209 609 1511 661 cogitationum
1547 626 1638 650 sua-

221 707 315 731 rum
348 690 492 746 posuit
521 689 563 730 in
595 690 721 730 corde
761 705 850 728 suo.
910 690 1098 740 Arguens
1138 686 1263 738 igitur
1302 688 1506 742 quosdam
1544 704 1639 742 pre-

220 768 409 824 sbyteros
425 765 676 816 istiusmodi,
694 765 750 806 ait
770 767 822 806 ad
838 766 1089 821 prophetam
1104 780 1241 804 sermo
1261 764 1446 805 divinus:
1473 765 1580 814 „viri
1595 765 1638 820 2)

223 843 316 893 isti,
349 868 398 876 —
430 843 475 883 id
506 855 566 884 cst
595 843 824 899 supradicti
854 842 1087 900 presbyteri
1118 867 1192 892 —,
1226 853 1458 897 posuerunt
1489 841 1643 893 cogita-

220 920 357 961 tiones
395 937 487 961 suas
524 920 567 961 in
598 920 794 960 cordibus
823 919 929 968 suis,
972 931 1013 959 et
1042 935 1223 974 poenam
1255 918 1522 974 iniquitatum
1553 936 1642 960 sua-

220 1015 315 1039 rum
343 1009 577 1053 posuerunt
607 1009 700 1037 ante
731 996 882 1036 faciem
912 1002 1070 1037 suam.“
1129 998 1267 1037 Nemo
1288 1008 1473 1036 vestrum
1505 995 1642 1036 existi-

220 1087 309 1115 met
336 1075 541 1116 cruciatus
571 1073 694 1114 nobis
726 1074 777 1113 ab
808 1073 907 1123 alio,
940 1090 1065 1129 quam
1094 1090 1117 1114 a
1139 1073 1262 1114 nobis
1288 1073 1474 1125 irrogari.
1523 1073 1642 1113 Deus

219 1168 306 1192 non
336 1151 438 1192 facit
465 1167 645 1207 poenas,
683 1151 757 1191 sed
789 1166 855 1199 ea,
888 1166 992 1205 quae
1021 1150 1230 1206 patimur,
1261 1150 1342 1205 ipsi
1371 1150 1493 1190 nobis
1524 1165 1645 1204 prac-

220 1244 428 1284 paramus.
487 1227 634 1282 Itaque
672 1225 941 1275 testimonio,
983 1243 1066 1282 quo
1106 1228 1349 1281 frequenter
1383 1226 1450 1266 usi
1488 1243 1644 1276 sumus,

224 1305 349 1346 etiam
386 1320 497 1344 nunc
539 1315 780 1360 opportune
818 1314 1005 1344 utamur:
1045 1303 1293 1353 „ambulate
1317 1304 1359 1359 3)
1399 1303 1443 1344 in
1482 1304 1643 1344 lumine

221 1383 325 1435 ignis
364 1381 514 1431 vestri,
556 1393 598 1422 et
636 1381 679 1422 in
718 1380 910 1430 flamma,
949 1396 1075 1435 quam
1108 1380 1397 1425 accendistis,“
1454 1382 1551 1421 Non
1583 1392 1644 1421 est

223 1459 328 1512 ignis
358 1457 530 1499 alterius
560 1457 640 1498 nisi
670 1468 819 1507 vester,
854 1456 926 1513 qui
956 1457 1079 1509 ligna,
1113 1457 1185 1513 qui
1214 1449 1426 1512 stipulam,
1458 1458 1529 1513 qui
1561 1474 1649 1499 ma-

221 1536 371 1577 teriam
399 1536 544 1576 futuro
573 1535 615 1591 ⁴)
646 1534 842 1575 incendio
876 1534 1160 1576 coacervastis.

331 1612 370 1655 8.
415 1612 534 1652 Dicit
573 1629 671 1664 ergo
713 1613 764 1653 de
796 1611 1073 1669 presbyteris,
1111 1612 1264 1667 procul
1304 1623 1445 1652 autem
1485 1611 1590 1652 absit
1621 1628 1644 1652 a

220 1688 365 1730 nobis:
411 1688 525 1738 „viri
548 1689 588 1745 ⁵)
628 1687 697 1728 isti
734 1699 967 1743 posuerunt
1009 1688 1282 1741 cogitationes
1313 1704 1405 1728 suas
1434 1688 1478 1728 in
1507 1689 1646 1729 cordi-

220 1766 299 1806 bus
338 1764 444 1815 suis,
483 1777 524 1806 et
561 1782 745 1821 poenam
786 1764 1060 1822 iniquitatum
1090 1780 1258 1805 suarum
1287 1777 1521 1820 posuerunt
1550 1777 1646 1806 ante

218 1841 373 1884 faciem
411 1859 541 1883 suam.
615 1843 703 1884 Sed
741 1843 1001 1898 respondens
1038 1843 1306 1899 respondebo
1345 1842 1458 1885 iis?“
1531 1844 1645 1884 Num

221 1920 421 1976 quidnam
464 1919 636 1971 dignum
675 1931 735 1960 est
775 1919 863 1960 istis
900 1935 969 1959 me
1014 1919 1295 1974 respondere,
1335 1921 1406 1974 qui
1439 1931 1645 1960 venerunt

220 1998 274 2038 ad
304 2003 345 2037 te
376 1997 644 2052 prophetam,
675 1995 866 2036 volentes
899 1994 1059 2035 discere
1081 2011 1294 2035 sermones
1320 1994 1466 2036 meos?
1511 1995 1643 2045 „Pro—

219 2086 314 2129 pter
338 2074 380 2129 5)
410 2074 492 2113 hoc
523 2072 699 2128 loquere
729 2073 782 2112 ad
813 2088 908 2121 eos,
940 2083 981 2112 et
1011 2071 1078 2112 dic
1109 2072 1180 2112 iis:
1211 2073 1313 2113 haec
1344 2071 1447 2112 dicit
1475 2072 1644 2113 Adonai

217 2149 451 2191 Dominus:
493 2149 623 2189 homo
662 2149 793 2189 homo
835 2165 882 2189 ex
921 2150 1050 2189 domo
1088 2149 1257 2190 Israel.“
1318 2149 1477 2191 Omnes
1506 2149 1643 2190 homi-

219 2242 292 2268 nes
320 2226 409 2267 nati
438 2242 579 2266 sumus
610 2225 825 2274 homines,
868 2226 943 2265 sed
979 2242 1063 2266 non
1106 2242 1251 2266 omnes
1282 2226 1474 2267 homines
1504 2226 1644 2267 homi-

218 2319 292 2344 nes
321 2298 487 2353 sumusj
524 2302 632 2343 sicut
660 2302 902 2358 saepissime
932 2302 1099 2343 notavi:
1140 2302 1185 2343 id
1226 2304 1340 2359 quod
1378 2303 1421 2343 in
1449 2303 1639 2344 Levitico

218 2379 424 2437 scriptum
454 2390 531 2420 est:
572 2379 739 2428 „homo
766 2380 808 2436 ⁷)
845 2381 976 2421 homo
1007 2379 1196 2420 filiorum
1227 2380 1378 2429 Israel,
1418 2392 1487 2420 aut
1517 2381 1642 2421 adve-

217 2472 377 2507 narum,
409 2454 481 2511 qui
511 2454 695 2510 appositi
725 2468 821 2497 sunt
851 2456 894 2497 in
923 2457 1088 2497 nobis.“
1146 2457 1296 2497 Estote
1326 2457 1532 2507 homines,
1562 2457 1639 2497 ho-

334 2623 376 2678 ¹)
406 2623 539 2663 Deest
568 2629 732 2674 „su-‘³5⁴‘
762 2624 803 2665 in
837 2625 935 2665 edd.
966 2624 1025 2664 M.
1146 2623 1189 2679 ²)
1220 2623 1371 2664 Ezech.
1404 2623 1520 2672 XIV,
1552 2622 1589 2666 3.

331 2694 373 2746 ³)
405 2692 529 2733 Jesai.
559 2694 606 2743 L,
640 2694 703 2737 11.
825 2696 869 2751 ⁴)
900 2694 1006 2734 Edd.
1039 2693 1236 2734 Merlini:
1268 2694 1520 2734 futurorum.

329 2763 374 2815 5)
403 2762 554 2803 Ezech.
585 2764 700 2813 XIV,
733 2763 770 2807 3.
892 2765 933 2820 ⁶)
965 2764 1115 2805 Ezech.
1147 2763 1266 2814 XIV,
1301 2763 1337 2806 4.

327 2833 369 2888 ⁷)
399 2832 550 2874 Ezech.
582 2834 699 2884 XIV,
732 2834 768 2876 7.
