1759 3134
219 170 301 215 ‚136
511 171 732 212 Omcfflms
762 183 808 212 m
840 170 1021 214 CANT1c.
1056 171 1359 216 CANTmouom

221 283 327 323 sicut
357 282 606 338 sapientiam
639 295 680 323 et
711 283 908 325 virtutem
940 295 981 324 et
1011 285 1251 327 thesaurum
1282 286 1503 338 scientiae,
1546 288 1645 329 alia-

220 377 301 416 que
332 361 478 410 multa,
508 360 564 400 ita
597 372 637 400 et
666 359 794 401 vitem
825 378 965 402 veram
997 362 1091 403 dici.
1150 362 1269 404 Sicut
1302 379 1398 416 ergo
1431 364 1514 414 his,
1555 366 1643 421 qui-

217 439 296 479 bus
337 438 520 478 efficitur
555 437 757 494 sapientia
791 451 835 486 et
874 439 1070 490 scientia,
1115 456 1201 480 non
1231 441 1283 480 ad
1315 440 1525 490 subitum,
1570 443 1643 482 sed

216 531 296 571 per
335 516 554 571 profectus
597 517 802 571 quosdam
842 528 883 557 et
920 518 1092 569 gradus,
1133 532 1212 572 pro
1252 517 1399 559 studiis
1439 530 1479 558 et
1513 518 1646 559 inten-

218 591 335 633 tione
366 609 413 633 ac
443 593 528 632 fide
563 608 724 643 eorum,
758 593 829 649 qui
860 594 898 635 ei
930 595 997 634 vel
1028 594 1069 634 in
1100 594 1315 650 sapientia,
1347 595 1413 635 vel
1445 594 1485 634 in
1514 594 1646 635 scien-

215 669 296 720 tia,
328 671 396 710 vel
427 670 472 710 in
503 670 656 710 virtute
687 671 1015 726 participantur,
1056 671 1262 727 sapientes
1294 688 1365 713 eos
1399 684 1439 712 et
1468 672 1645 712 scientes

217 748 358 788 reddit
398 747 666 802 vigentesque
703 746 949 789 virtutibus:
994 748 1052 788 ita
1091 760 1132 788 et
1169 749 1211 789 in
1243 749 1393 805 quibus
1423 749 1518 789 vitis
1550 765 1647 789 vera

219 824 423 875 efficitur,
468 841 556 865 non
586 822 635 864 iis
666 825 719 864 ad
748 824 992 882 subitum1)
1031 838 1218 867 maturos
1260 828 1407 868 botros
1447 826 1647 883 producit

220 912 261 942 et
291 901 456 952 dulces,
495 917 573 941 nec
612 913 786 956 repente
828 902 877 943 iis
909 903 1093 944 efficitur
1122 904 1267 944 vinum
1297 921 1422 945 suave
1456 916 1497 945 et
1527 902 1646 944 laeti-

216 978 343 1019 ficans
376 994 450 1019 cor
479 978 676 1030 hominis,
707 980 781 1020 sed
804 979 945 1035 primo
970 981 1170 1036 producit
1201 981 1250 1022 iis
1280 982 1526 1022 suavitatem
1557 993 1646 1022 tan-

215 1057 441 1097 tummodo
482 1055 625 1096 odoris
666 1055 709 1095 in
747 1057 910 1097 florem.
969 1057 1126 1098 Botrus
1157 1058 1224 1098 hic
1254 1059 1409 1099 florens
1441 1075 1526 1099 esse
1557 1076 1644 1099 me-

214 1144 407 1173 moratur
446 1131 490 1171 in
528 1131 660 1172 vineis
698 1132 913 1185 Engaddi,
959 1145 1005 1174 ut
1053 1134 1181 1186 gratia
1228 1135 1476 1187 fragrantiae
1517 1135 1645 1190 ipsius

215 1209 469 1251 immittatur
487 1209 531 1265 2)
563 1208 606 1249 in
641 1197 772 1249 initiis
804 1209 989 1261 animae,
1028 1222 1076 1251 ut
1111 1222 1210 1267 post
1249 1212 1352 1252 haec
1387 1212 1475 1268 pati
1513 1212 1646 1267 possit

215 1277 488 1330 acerbitatem
516 1286 844 1327 tribulationum
884 1299 926 1328 et
964 1288 1273 1340 tentationum,
1323 1305 1427 1345 quae
1469 1300 1648 1345 propter

214 1367 393 1407 verbum
422 1363 507 1405 Dei
539 1363 805 1405 credentibus
839 1364 1090 1406 excitantur:
1135 1378 1175 1407 et
1218 1367 1276 1407 ita
1307 1367 1479 1407 demum
1509 1378 1645 1407 matu-

214 1442 347 1484 ritatis
378 1441 465 1498 ejus
497 1441 767 1482 dulcedinem
796 1444 994 1498 praebet,
1032 1460 1164 1500 usque
1206 1444 1308 1484 dum
1337 1445 1543 1500 perducat
1573 1460 1645 1484 eos

215 1521 269 1561 ad
298 1518 548 1569 torcularia,
593 1519 667 1559 ubi
707 1520 941 1560 effunditur
979 1520 1142 1573 sanguis
1175 1537 1305 1571 uvae,
1351 1521 1513 1573 sanguis
1543 1520 1646 1561 novi

215 1596 488 1646 Testamenti,
520 1596 592 1652 qui
620 1596 791 1636 bibatur
820 1596 863 1637 in
893 1598 962 1638 die
991 1598 1100 1638 festo
1144 1597 1188 1638 in
1217 1598 1529 1654 superioribus,
1571 1597 1643 1638 ubi

219 1686 395 1717 stratum
424 1691 623 1727 magnum
652 1685 846 1730 paratum
885 1686 956 1717 est.
1016 1674 1087 1716 Sic
1120 1691 1218 1728 ergo
1248 1691 1327 1731 per
1354 1675 1539 1727 singulos
1569 1675 1646 1715 hos

217 1754 435 1809 profectus
475 1753 680 1805 graduum
715 1751 913 1792 incedere
958 1763 1129 1808 oportet
1167 1768 1259 1803 eos,
1307 1752 1379 1808 qui
1407 1769 1485 1808 per
1514 1768 1649 1793 sacra-

213 1842 408 1871 mentum
445 1828 562 1879 vitis,
608 1841 650 1870 et
678 1830 853 1869 botrum
884 1829 1002 1886 cypri
1033 1829 1206 1879 initiati,
1255 1830 1307 1870 ad
1337 1830 1646 1885 perfectionem

216 1909 430 1957 feruntur,
472 1917 513 1947 et
552 1906 728 1946 calicem
765 1906 868 1946 novi
898 1906 1160 1948 Testamenti
1189 1908 1240 1947 ab
1271 1908 1373 1948 Jesu
1403 1919 1645 1964 susceptum

217 1985 366 2026 bibere
401 1984 674 2026 contendunt.
732 1982 864 2037 Quod
894 1983 928 2025 si
960 2001 1110 2042 cyprus
1140 1984 1204 2026 sui
1233 1984 1394 2037 generis
1423 1986 1551 2026 arbor
1580 2002 1647 2025 ac-

215 2061 435 2118 cipiendus
470 2073 551 2112 est,
587 2060 703 2119 cujus
733 2062 894 2103 fructus
925 2061 1052 2103 etiam
1081 2063 1160 2102 flos
1189 2079 1276 2103 non
1307 2074 1469 2103 tantum
1500 2061 1644 2103 odoris

213 2140 485 2189 suavitatem,
526 2150 729 2194 quantum
768 2150 809 2179 et
850 2138 938 2180 vim
977 2139 1252 2180 calefaciendi
1291 2156 1337 2179 ac
1373 2138 1549 2180 fovendi
1579 2137 1643 2178 di·

215 2216 324 2258 citur
360 2217 604 2272 possidere:
650 2216 726 2258 illa
763 2216 850 2257 sine
892 2215 1022 2256 dubio
1062 2216 1268 2271 accipitur
1314 2215 1458 2271 sponsi
1497 2215 1642 2264 virtus,

212 2311 294 2352 qua
321 2294 580 2334 incalescunt
609 2293 771 2335 animae
802 2308 898 2344 erga
926 2293 1057 2334 fidem
1087 2293 1174 2351 ejus
1206 2305 1247 2333 et
1273 2292 1501 2342 caritatem,
1534 2308 1640 2347 quae

212 2370 607 2424 contingebat-eos,
638 2370 710 2426 qui
743 2369 959 2410 dicebant:
990 2386 1158 2421 „nonne
1174 2371 1216 2427 ³)
1244 2386 1318 2410 cor
1335 2381 1527 2411 nostrum
1554 2380 1642 2409 erat

213 2450 362 2491 ardens
392 2448 501 2489 intra
529 2464 621 2499 nos,
653 2464 750 2488 cum
780 2446 1018 2503 adaperiret
1045 2448 1168 2489 nobis
1201 2447 1502 2503 Scripturas?“
1559 2446 1640 2487 Vel

215 2538 327 2569 certe
366 2525 567 2583 quoniam
609 2525 662 2566 de
701 2524 834 2566 vineis
874 2524 1067 2579 Engaddi
1096 2527 1246 2567 botrus
1275 2525 1345 2566 hic
1381 2524 1535 2565 florens
1565 2539 1641 2563 no-

333 2724 374 2779 ¹)
404 2724 507 2765 B'Iss.
548 2724 820 2775 ‚,subitum.“
878 2724 996 2767 Editi
1036 2724 1096 2781 (v.
1139 2740 1172 2764 c.
1206 2723 1300 2764 edd.
1332 2722 1438 2779 M.):
1494 2737 1639 2772 „sum-

217 2787 382 2822 mum.“
440 2781 493 2821 R.

332 2851 376 2906 2)
406 2850 516 2891 Edd.
548 2851 608 2892 M.
642 2849 940 2908 ‚,injiciatur.“

332 2920 374 2976 3)
405 2921 505 2962 Luc.
536 2921 695 2973 XXIV,
726 2921 793 2966 32.
828 2948 879 2955 —-
909 2922 1019 2964 Edd.
1052 2922 1112 2963 M.
1147 2919 1413 2977 ,‚aperiret.“
