1759 3134
236 103 322 147 250
528 104 750 146 Omenms
779 116 826 146 m
856 104 1038 146 Carme.
1073 103 1375 146 cmm-monum

239 215 383 256 tremis
413 216 636 256 fluminum
667 217 846 257 afferent
877 217 1074 257 hostias.“
1133 216 1188 256 Et
1220 233 1408 257 rursum:
1450 217 1659 266 „Aethio-

239 293 310 350 pia
338 294 378 348 ¹)
418 294 661 349 praeveniet
690 311 836 335 manus
868 294 954 351 ejus
985 295 1125 334 Deo.“
1184 293 1366 333 Pulchre
1397 293 1662 348 praeveniet3

241 372 462 426 quomodo
510 371 621 411 enim
643 371 685 427 ²)
730 371 774 412 in
820 373 1036 424 evangelio
1086 371 1242 411 mulier
1284 371 1379 421 illa,
1425 387 1530 426 quac
1570 387 1662 411 san-

239 447 363 500 guine
393 448 436 503 3)
464 449 642 498 fluebat,
682 449 993 506 archisynagogi
1024 449 1153 489 filiam
1187 449 1401 489 curatione
1431 448 1662 504 praevenit,

238 525 298 566 sic
337 527 567 582 Aethiopia
604 527 732 568 Israel
772 538 1012 578 aegrotante
1052 539 1189 567 sanata
1230 538 1302 567 est.
1371 527 1586 576 „Illorum
1614 525 1659 577 4)

239 603 397 645 delicto
443 605 553 646 salus
596 605 786 657 gentibus
835 606 942 644 sacta
991 617 1072 652 est,
1119 605 1170 644 ad
1209 603 1508 644 aemulandum
1547 608 1661 643 eos.“

237 681 399 733 „Nigra
428 683 470 736 ⁵)
508 699 598 723 sum
643 694 683 722 et
721 682 932 737 speciosa,
974 682 1084 722 filiae
1125 682 1443 722 Hierusalem.“
1515 681 1572 721 Et
1614 692 1661 723 tu

238 759 517 800 ecclesiastica
556 759 692 800 anima
729 761 780 800 ad
820 760 926 800 filias
967 760 1236 800 Hierusalem
1260 759 1302 814 ὃ)
1343 769 1540 799 converte
1577 773 1662 797 ser-

236 853 431 887 monem,
463 849 504 878 et
535 838 625 878 dic:
656 854 724 878 me
755 838 851 893 plus
882 850 992 878 amat
1022 854 1222 893 sponsus,
1253 853 1320 876 me
1351 836 1480 888 magis
1511 834 1661 886 diligit,

236 931 361 970 quam
399 931 500 965 vos,
540 932 646 971 quae
684 916 842 956 multae
882 915 993 956 filiae
1028 915 1292 956 Hierusalem
1319 915 1373 970 7).
1432 915 1520 953 Vos
1559 911 1662 952 foris

235 992 376 1041 statis,
407 1004 448 1032 et
470 992 512 1048 8)
542 1009 738 1048 sponsam
771 993 1012 1033 cubiculum
1045 993 1194 1034 videtis
1225 994 1462 1033 intrantem.
1522 993 1660 1031 Nemo

236 1069 416 1119 dubitet,
444 1070 605 1121 nigram
635 1081 827 1109 vocatam
861 1087 947 1111 esse
979 1072 1223 1111 formosam.
1285 1069 1372 1123 Qui
1402 1086 1478 1109 nos
1506 1084 1661 1117 sumus,

235 1158 282 1186 ut
322 1162 622 1198 cognoscamus
665 1146 830 1195 Deum,
876 1158 923 1186 ut
965 1147 1124 1187 cantica
1164 1147 1314 1187 cantici
1353 1145 1660 1201 praedicemus,

233 1234 283 1263 ut
319 1225 370 1264 ab
408 1223 662 1278 Aethiopiae
701 1223 875 1273 finibus,
914 1235 962 1263 ut
1004 1225 1055 1264 ab
1095 1236 1282 1264 extremo
1321 1235 1455 1264 terrae
1497 1222 1662 1262 veneri-

233 1317 327 1341 mus
350 1300 392 1356 9)
439 1300 686 1356 sapientiam
731 1301 821 1341 veri
864 1301 1009 1341 audire
1045 1301 1319 1343 Salomonis?
1393 1300 1450 1341 Et
1489 1301 1657 1355 quando

235 1377 465 1420 Salvatoris
496 1395 577 1418 vox
607 1378 835 1419 intonantis
865 1379 1053 1419 auditur:
1095 1379 1273 1431 „regina
1304 1380 1370 1433 ¹⁰)
1410 1379 1556 1419 Austri
1587 1395 1658 1418 ve·

233 1455 322 1496 niet
359 1455 402 1495 in
447 1454 676 1511 judicium,
728 1466 770 1495 et
809 1456 1110 1497 condemnabit
1149 1456 1341 1497 homines
1381 1455 1659 1508 generationis

234 1532 370 1590 hujus,
403 1533 499 1588 quia
531 1532 646 1573 venit
677 1549 700 1573 a
731 1533 884 1574 finibus
915 1546 1050 1575 terrae
1084 1534 1229 1574 audire
1259 1534 1506 1589 sapientiam
1538 1534 1660 1576 Salo-

231 1610 393 1650 monis:
425 1621 466 1649 et
498 1625 594 1649 eece
614 1609 711 1664 plus
734 1626 859 1665 quam
877 1611 1082 1652 Salomon
1109 1611 1236 1652 hic-:⁴⁶
1267 1612 1365 1652 audi
1384 1612 1557 1669 mystica
1574 1612 1658 1665 ¹¹),

232 1703 337 1743 quae
375 1686 579 1727 dicantur.
638 1686 799 1738 Regina
827 1688 974 1728 Austri
1015 1688 1130 1729 venit
1167 1705 1190 1728 a
1224 1688 1378 1729 finibus
1415 1701 1551 1729 terrae
1593 1706 1660 1730 ec·-

231 1764 378 1814 clesia,
421 1776 462 1804 et
492 1765 746 1805 condemnat
776 1765 970 1807 homines
1000 1765 1280 1818 generationis
1318 1765 1461 1824 hujus,
1500 1766 1544 1807 id
1585 1778 1659 1817 est,

228 1842 414 1882 Judaeos
445 1841 559 1882 carni
591 1853 632 1882 et
661 1842 850 1894 sanguini
882 1844 1061 1885 deditos.
1117 1844 1244 1883 Venit
1274 1860 1295 1884 a
1326 1844 1479 1886 finibus
1508 1856 1657 1896 terrae,

231 1919 377 1960 audire
406 1919 653 1974 sapientiam
670 1920 926 1971 Salomonis,
957 1938 1043 1961 non
1074 1921 1201 1971 illius,
1234 1922 1306 1977 qui
1336 1923 1378 1962 in
1404 1935 1655 1964 testamento

231 1996 364 2037 veteri
392 1996 678 2052 praedicatur,
710 1999 785 2039 sed
814 1997 958 2055 hujus,
999 1999 1070 2055 qui
1101 1999 1143 2039 in
1175 2000 1392 2051 evangelio
1424 2001 1655 2042 Salomone

351 2219 393 2273 ¹)
422 2220 575 2261 Psalm.
607 2222 803 2273 LXVIII,
834 2221 900 2265 31.

349 2289 393 2344 ²)
422 2290 556 2334 Deest
585 2292 768 2342 „enim“
800 2293 842 2333 in
873 2293 968 2333 edd.
999 2293 1061 2334 M.

349 2359 394 2413 3)
423 2359 533 2402 Edd.
562 2361 757 2403 Merlini:
789 2363 1030 2415 sanguinem
1061 2365 1285 2406 defluebat.
1318 2391 1368 2397 —
1403 2366 1653 2407 Cf1·.Mauh.

234 2417 308 2466 IX,
339 2416 405 2458 20.
436 2433 550 2472 seqq.

349 2486 392 2542 4)
421 2487 547 2527 Rom.
576 2488 654 2538 XI,
686 2488 750 2531 11.
871 2491 913 2546 5)
946 2492 1103 2533 Cantic.
1137 2494 1168 2542 Ι,
1201 2494 1239 2535 5.

347 2556 391 2609 ⁶)
422 2555 530 2597 Edd.
562 2557 759 2600 'Merliniz
791 2561 931 2601 Israel.
1069 2564 1112 2618 ⁷)
1141 2563 1250 2605 Edd.
1283 2563 1481 2605 Merlini:
1513 2564 1651 2604 lsrael.

347 2627 390 2682 8)
419 2627 552 2668 Deest
581 2635 696 2678 ,‚et“
726 2629 769 2670 in
800 2632 895 2673 edd.
926 2633 987 2675 M.

349 2697 391 2752 9)
421 2697 530 2738 Edd.
562 2699 757 2740 Merlini:
792 2702 1038 2744 veniremus.

323 2767 390 2819 ¹⁰)
425 2767 511 2808 Cfr.
542 2767 693 2810 Mauh.
727 2771 827 2821 XII,
858 2771 924 2814 42.
956 2774 1053 2814 coll.
1087 2774 1153 2817 41-

325 2837 392 2892 ¹¹)
421 2837 531 2889 Edd.
563 2838 756 2882 Merlini:
787 2843 973 2899 mystice.
