1759 3134
713 138 854 178 LmER
884 136 938 177 ΙΙ.
1073 165 1086 182 .
1454 138 1532 183 401

111 248 204 304 ipso
236 249 318 306 jam
348 249 486 305 posita
515 248 568 289 sit
596 248 768 299 itinere,
810 261 851 290 et
880 248 1076 289 incedere
1106 249 1189 306 jam
1221 263 1418 302 conetur,
1464 270 1533 294 cu-

111 326 229 382 piens
268 343 372 382 quae
416 325 457 366 in
495 337 588 366 ante
625 338 721 366 sunt
749 327 1033 382 apprendere,
1080 338 1120 367 et
1156 343 1262 383 quae
1293 340 1406 369 retro
1438 341 1534 370 sunt

112 403 318 454 oblivisci,
348 403 422 443 sed
451 403 640 443 nondum
670 402 1092 459 appropinquaverit:
1124 416 1194 444 aut
1223 405 1415 460 proxima
1442 406 1531 461 qui-

111 481 208 522 dem
237 480 311 530 sit,
340 480 531 522 nondum
559 492 701 521 tamen
729 481 781 521 ad
811 480 1119 536 perfectionem
1153 482 1323 523 venerit.
1384 483 1470 524 Sed
1492 485 1527 541 ¹)

111 569 152 598 et
188 557 230 598 in
267 572 318 598 eo
359 573 465 613 opus
505 557 671 599 videtur
701 574 797 613 *esse
836 557 1020 608 animae,
1066 559 1354 611 cognoscentis
1397 573 1529 601 semet

107 632 402 689 ipsam‚.scire,
432 634 466 674 si
496 634 596 676 haec
625 634 736 690 ipsa,
768 650 873 691 quae
905 621 1105 691 operatur
1132 636 1266 686 mala,
1298 653 1344 677 ex
1374 638 1532 678 affectu

109 721 150 751 et
178 710 319 752 studio
353 722 566 767 operetur,
596 727 646 753 an
676 711 899 765 fragilitate
920 713 1113 769 quadam,
1146 724 1199 763 et,
1228 724 1276 754 ut
1298 713 1372 755 ille
1399 714 1457 756 ait
1471 716 1528 772 ²),

107 789 223 844 quod
253 788 368 844 quasi
397 804 485 830 non
515 788 605 829 vult
635 805 780 842 agens,
821 800 862 830 et
893 805 998 846 quae
1032 789 1123 830 odit
1152 790 1328 842 faciens,
1368 804 1409 833 et
1438 809 1530 834 rur-

107 882 174 906 sus
205 882 273 915 ea,
305 883 410 922 quae
440 868 552 906 bona
582 878 700 916 sunt,
732 866 954 908 affectibus
986 878 1027 908 et
1057 879 1174 908 recto
1205 870 1429 925 proposito
1461 888 1530 923 ge-

104 960 195 984 rere
227 944 430 984 videatur.
489 944 620 985 Verbi
658 944 807 996 gratia,
846 944 880 985 si
919 945 1180 986 iracundiam
1210 949 1323 1002 apud
1363 948 1526 1004 aliquos

105 1021 277 1077 quidem
318 1020 509 1072 cohibet,
549 1022 662 1076 apud
699 1022 863 1078 aliquos
903 1034 1042 1064 autem
1085 1025 1231 1074 effert,
1273 1041 1323 1066 an
1361 1043 1529 1082 semper

105 1115 195 1140 eam
228 1098 416 1149 cohibet,
460 1110 501 1139 et
530 1099 643 1154 apud
672 1100 839 1140 nullum
870 1101 1044 1141 omnino
1084 1102 1261 1157 profert.
1322 1102 1531 1144 Similiter

104 1189 146 1218 et
173 1176 464 1233 tristitiam3),
500 1176 535 1217 si
565 1175 608 1216 in
638 1176 848 1233 aliquibus
879 1178 1051 1234 quidem
1081 1179 1267 1238 negotiis·
1290 1180 1445 1238 rejicit,
1485 1182 1527 1222 in

102 1255 312 1311 aliquibus
342 1266 482 1295 autem
512 1254 684 1310 recipit,
716 1270 766 1294 an
797 1254 840 1295 in
872 1255 1067 1297 omnibus
1099 1257 1272 1298 omnino
1304 1275 1390 1299 non
1421 1260 1527 1301 reci—

101 1333 177 1390 pit.
237 1335 301 1374 Ita
333 1344 373 1373 et
402 1331 613 1382 timorem,
645 1331 809 1388 aliaque
839 1332 1046 1385 similiter,
1083 1352 1187 1390 quae
1215 1335 1439 1378 virtutibus
1471 1339 1531 1379 vi-

102 1412 255 1452 dentur
285 1426 371 1451 esse
403 1409 621 1454 contraria.
681 1411 831 1451 Adhuc
863 1423 905 1451 et
934 1411 1044 1453 illud
1062 1413 1102 1469 ⁴)
1137 1430 1242 1469 opus
1276 1426 1336 1455 est
1367 1416 1528 1459 animae

100 1487 388 1543 cognoscentis
418 1503 474 1538 se,
506 1486 539 1528 si
570 1487 729 1539 gloriae
759 1489 942 1530 multum
975 1489 1127 1546 cupida
1158 1491 1234 1541 sit,
1265 1504 1336 1533 aut
1362 1510 1526 1550 parum,

100 1578 171 1608 aut
203 1566 376 1607 omnino
407 1564 525 1606 nihil.
588 1564 719 1619 Quod
749 1566 848 1607 inde
889 1567 1073 1620 colligit,
1113 1568 1147 1608 si
1187 1569 1380 1612 laudibus
1418 1575 1529 1615 mul-

102 1656 216 1694 tum,
262 1654 333 1684 aut
371 1641 646 1682 mediocriter
685 1643 940 1694 delectetur,
991 1656 1061 1685 aut
1103 1646 1278 1687 omnino
1322 1649 1446 1691 nihil:
1488 1665 1528 1693 et

100 1722 136 1763 si
164 1722 209 1762 in
239 1719 482 1777 opprobriis
513 1719 633 1770 satis,
669 1731 740 1760 aut
768 1736 939 1776 parum,
978 1734 1049 1763 aut
1080 1722 1254 1763 omnino
1286 1725 1393 1767 nihil
1430 1746 1530 1770 con-

102 1799 300 1841 tristetur.
360 1797 447 1839 Sed
472 1798 570 1854 et5)
598 1797 642 1838 in
674 1798 838 1848 dando,
879 1810 919 1840 et
956 1799 1205 1856 accipiendo
1238 1807 1527 1855 cognoscentis

101 1877 264 1918 animae
293 1887 428 1918 semet
465 1875 600 1931 ipsam
639 1887 736 1916 sunt
774 1877 981 1932 quaedam
1018 1876 1194 1928 indicia,
1243 1879 1276 1920 si
1309 1884 1425 1938 quod
1456 1885 1529 1925 tri-

100 1954 214 2005 buit,
256 1966 296 1995 ct
324 1953 521 2010 praebuit
549 1953 607 1995 ita
639 1954 983 1995 communicabili
1022 1956 1200 2006 affectu,
1232 1969 1274 1998 et
1311 1961 1427 2014 quasi
1459 1961 1526 2002 cui

99 2031 354 2088 aequitatem
383 2030 528 2072 haberi
558 2031 667 2072 inter
687 2032 880 2073 homines
899 2033 1088 2088 placeat:
1120 2051 1184 2085 an,
1214 2047 1262 2076 ut
1290 2035 1364 2078 ille
1396 2038 1452 2079 ait
1469 2038 1526 2095 ⁶),

102 2127 150 2151 ex
178 2109 366 2159 tristitia,
399 2121 470 2149 aut
502 2125 549 2149 ex
570 2109 611 2165 7)
641 2109 901 2160 necessitate,
934 2111 1002 2151 vel
1034 2123 1145 2152 certe
1175 2113 1348 2165 gratiam
1371 2115 1458 2157 sive
1478 2119 1528 2158 ab

99 2187 420 2243 accipientibus,
451 2186 538 2227 sive
569 2188 620 2228 ab
651 2188 918 2229 audientibus
938 2205 1153 2245 quaerens.
1203 2193 1289 2233 Sed
1322 2205 1363 2234 et
1390 2195 1433 2234 in
1463 2211 1529 2236 ac·-

101 2265 300 2321 cipiendo
332 2264 492 2316 anima,
537 2281 643 2321 quae
675 2266 892 2319 cognoscit
920 2279 1054 2308 semet
1082 2267 1240 2323 ipsam,
1273 2271 1527 2323 observabit,

100 2354 243 2383 utrum
272 2341 568 2383 indifferenter
596 2343 747 2384 habeat
777 2360 848 2395 ea,
889 2361 994 2401 quae
1024 2346 1200 2403 accipit,
1232 2363 1282 2388 an
1314 2349 1432 2390 velut
1461 2366 1529 2390 su—

99 2436 178 2475 per
215 2419 358 2476 aliquo
398 2420 516 2460 bono
556 2421 744 2473 gaudeat.
803 2421 890 2463 Sed
936 2434 977 2465 et
1015 2423 1058 2464 in
1079 2423 1122 2480 8)
1164 2424 1384 2466 intellectu
1424 2443 1528 2483 pen-

218 2595 258 2652 ¹)
288 2593 397 2636 Edd.
429 2595 490 2636 M.
521 2596 644 2647 „Sed
674 2609 716 2639 et
744 2609 886 2640 utrum
916 2598 960 2640 in
992 2615 1042 2640 eo
1057 2604 1081 2624 “
1114 2610 1190 2641 etc.

213 2665 255 2723 ²)
290 2665 376 2706 Cfr.
407 2666 532 2707 Rom.
562 2667 658 2717 VII,
691 2667 757 2711 15.
877 2670 920 2727 3)
950 2670 1062 2712 Edd.
1096 2670 1156 2712 M.
1189 2669 1478 2729 ,‚justitiam.“

214 2735 257 2792 ⁴)
287 2735 396 2777 Edd.
429 2736 489 2777 M.
522 2736 721 2787 „istud.“
844 2741 888 2793 ⁵)
917 2740 1050 2781 Deest
1080 2744 1192 2790 „et“
1224 2740 1266 2781 in
1298 2743 1390 2783 edd.
1421 2744 1482 2786 M.

211 2808 254 2862 ⁶)
287 2808 374 2850 Cfr.
407 2808 449 2848 II
472 2806 569 2848 Cor.
601 2808 676 2857 IX,
708 2808 744 2850 7.
868 2810 909 2865 ⁷)
940 2811 1073 2852 Deest
1102 2817 1223 2862 ‚,ex“
1261 2811 1304 2852 in
1336 2813 1430 2855 edd.
1463 2814 1525 2857 M.

210 2878 254 2933 8)
283 2879 417 2919 Deest
447 2876 561 2928 „in“
598 2879 638 2917 in
673 2879 766 2919 edd.
794 2880 855 2922 M.

99 2956 320 2999 OmGEms
347 2956 518 2998 OPERA.
564 2954 685 2996 ΤοΜ.
701 2955 816 2997 XIV.
1165 2939 1240 2999 26*
