1759 3134
637 168 835 210 HommA
863 166 918 206 ΙΙ.
1401 162 1482 206 267

69 284 112 325 in
142 283 392 336 gentibus:“
432 292 474 321 et
506 283 558 322 ab
586 282 736 321 umbra
764 279 818 319 ad
847 278 1039 317 umbram
1070 277 1193 318 aliam
1221 275 1484 328 transmigra-

70 378 175 402 mus.
236 358 522 410 „sedentibus
546 358 586 413 l)
627 359 738 398 enim
775 355 818 395 in
857 354 1026 406 regione
1067 365 1107 394 et
1145 355 1292 394 umbra
1322 352 1483 401 mortis,

72 438 143 477 lux
175 448 266 477 orta
296 447 356 476 est
384 435 475 476 iis.“
533 436 588 476 Et
615 445 870 474 transeamus
900 432 951 471 ab
981 432 1130 470 umbra
1159 431 1306 471 mortis
1323 432 1375 471 ad
1394 447 1486 470 um-

72 516 189 554 bram
211 512 330 553 vitae.
375 513 557 568 Semper
583 509 821 552 istiusmodi
851 519 946 548 sunt
969 508 1200 563 profectus,
1228 519 1276 546 ut
1300 508 1341 547 in
1370 524 1484 548 exor-

75 591 144 631 dio
184 589 393 630 desideret
432 588 660 645 quispiam,
698 586 847 627 saltem
887 585 929 626 in
961 585 1164 625 virtutum
1200 585 1350 624 umbra
1389 601 1488 624 con-

73 668 229 708 sistere.
289 666 379 718 Ego
417 677 547 721 puto,
592 665 690 705 ideo
730 675 771 704 et
809 662 1071 704 nativitatem
1112 662 1213 702 Jesu
1251 662 1302 702 ab
1340 663 1489 701 umbra

74 743 277 798 coepisse,
309 755 350 783 et
378 760 463 783 non
490 743 533 782 in
563 743 732 790 umbra,
763 741 837 781 sed
866 740 909 780 in
938 738 1111 779 veritate
1142 737 1325 778 finitam:
1355 738 1490 792 „Spi-

73 820 177 860 ritus
200 820 265 875 ²)‚
304 819 460 874 inquit,
500 829 664 860 sanctus
702 818 842 858 veniet
878 817 922 857 in
960 829 1022 867 te,
1061 829 1103 857 et
1132 817 1262 857 virtus
1301 815 1491 857 altissimi

78 895 348 937 obumbrabit
376 895 495 936 tibi.“
540 894 916 936 Nativitas'Christi
939 897 990 935 ab
1018 896 1170 934 umbra
1197 893 1346 934 sumsit
1374 909 1493 933 exor-

74 973 211 1013 dium:
250 988 337 1013 non
377 972 517 1012 solum
559 983 699 1012 autem
729 971 771 1011 in
801 972 937 1013 Maria
967 974 1017 1013 ab
1045 973 1195 1013 umbra
1227 970 1314 1027 ejus
1345 969 1493 1010 nativi-

73 1062 134 1091 tas
166 1049 320 1105 coepit,
350 1050 424 1090 sed
456 1048 569 1099 etin
598 1061 654 1098 te,
685 1049 776 1105 si3)
808 1049 953 1102 dignus
980 1048 1121 1099 fueris,
1151 1048 1336 1089 nascitur
1354 1064 1492 1088 sermo

75 1126 171 1168 Dei.
230 1126 318 1167 Fac
347 1126 494 1179 igitur,
533 1138 580 1167 ut
610 1126 744 1182 possis
777 1143 926 1182 capere
954 1128 1149 1167 umbram
1180 1125 1288 1183 ejus,
1329 1136 1369 1165 et
1400 1141 1494 1164 cum

75 1205 224 1245 umbra
252 1203 381 1244 fueris
413 1203 559 1255 dignus
590 1204 787 1252 effectus,
826 1204 967 1245 veniet
990 1204 1030 1259 ⁴)
1071 1204 1123 1244 ad
1160 1215 1223 1252 te,
1268 1213 1316 1241 ut
1344 1201 1402 1241 ita
1433 1200 1494 1240 di-

77 1297 188 1330 cam,
234 1297 385 1336 corpus
417 1278 525 1336 ejus,
567 1296 614 1320 ex
647 1296 730 1335 quo
760 1281 911 1321 umbra
938 1281 1133 1321 nascitur.
1192 1281 1302 1320 Nam
1330 1279 1374 1319 in
1403 1295 1495 1318 mo-

75 1358 172 1398 dico
204 1357 364 1407 fidelis,
410 1368 451 1397 et
489 1357 532 1398 in
570 1356 800 1415 majoribus
839 1357 917 1397 erit
955 1357 1105 1397 fidelis.
1164 1357 1249 1407 „In
1277 1357 1318 1411 5)
1348 1357 1498 1396 umbra

77 1433 164 1491 ejus
197 1433 435 1489 concupivi,
468 1445 508 1474 et
537 1433 668 1474 sedi.“
725 1433 868 1483 Vides,
898 1434 995 1489 quia
1023 1451 1110 1474 non
1138 1450 1307 1489 semper
1334 1433 1378 1473 in
1406 1449 1498 1472 um-

78 1511 153 1551 bra
184 1510 318 1560 stetit,
359 1511 433 1550 sed
463 1510 562 1551 inde
593 1511 645 1551 ad
674 1509 854 1551 meliora
881 1511 1114 1562 transierit,
1155 1511 1317 1552 dicens:
1358 1521 1429 1560 „et
1454 1510 1496 1565 6)

77 1589 238 1629 fructus
270 1586 356 1644 ejus
388 1588 522 1628 dulcis
555 1587 597 1627 in
629 1599 795 1640 gutture
819 1595 961 1630 meo.“
1017 1590 1123 1642 Ego,
1154 1587 1304 1644 inquit,
1335 1587 1500 1628 deside-—

79 1665 168 1706 ravi
197 1665 240 1705 'm
270 1666 420 1705 umbra
450 1664 536 1723 ejus
566 1664 843 1720 requiescere,
874 1667 948 1706 sed
977 1678 1203 1721 postquam
1221 1681 1290 1705 me
1309 1681 1383 1704 sua
1400 1681 1500 1719 pro-

82 1742 186 1783 texit
214 1743 386 1792 umdra,
419 1742 545 1783 etiam
574 1743 715 1782 fructu
744 1742 858 1784 illius
888 1755 1092 1784 saturatus
1121 1760 1236 1792 sum,
1271 1752 1313 1782 et
1341 1741 1501 1782 fructus

86 1819 173 1877 ejus
205 1819 338 1860 dulcis
370 1819 414 1859 in
444 1830 609 1871 gutture
639 1836 750 1861 meo.

198 1896 235 1938 7.
285 1896 576 1947 „Introducite
598 1897 638 1953 ⁷)
667 1914 735 1937 me
765 1897 810 1937 in
841 1897 1017 1937 domum
1047 1896 1177 1937 vini.“
1235 1895 1360 1937 Foris
1390 1896 1505 1936 stetit

83 1990 283 2029 sponsus,
325 1985 366 2013 et
403 1974 454 2013 ab
495 1989 648 2028 sponsa
686 1986 902 2030 susceptus
941 1987 1014 2015 est.
1075 1976 1124 2015 In
1160 1974 1304 2015 medio
1345 1974 1503 2030 quippe

83 2052 265 2091 uberum
291 2050 407 2091 illius
441 2050 662 2106 requievit.
717 2052 998 2108 Proximaess)
1028 2052 1275 2108 juvenculae
1300 2068 1385 2092 non
1409 2062 1505 2091 sunt

85 2127 336 2177 istiusmodi,
366 2139 413 2168 ut
442 2144 644 2183 sponsum
673 2128 886 2185 hospitem
911 2131 1064 2171 habere
1093 2141 1344 2171 mereantur.
1392 2129 1507 2170 Mul-

86 2205 261 2246 titudini
297 2205 401 2246 foris
440 2205 483 2245 in
524 2206 737 2261 parabolis
782 2207 983 2263 loquitur.
1058 2207 1199 2262 Quam
1240 2223 1410 2256 vereor,
1454 2222 1506 2246 ne

90 2283 249 2323 multae
286 2283 625 2324 adolescentulae
662 2285 774 2324 forte
812 2301 890 2325 nos
921 2284 1070 2325 simus.
1140 2284 1438 2335 „Introducite
1464 2284 1506 2337 9)

92 2374 160 2398 me
200 2358 244 2398 in
283 2359 458 2400 domum
496 2360 623 2402 vini.“
683 2361 769 2402 Cur
806 2373 892 2402 tam
923 2361 995 2402 diu
1025 2362 1128 2403 foris
1159 2361 1340 2404 maneo?
1396 2362 1507 2402 Ecce

190 2554 255 2609 ‚¹)
287 2554 373 2595 Cfr.
403 2556 527 2596 Jesai.
558 2558 632 2608 IX,
662 2558 701 2600 2.
820 2559 864 2613 ²)
895 2560 994 2600 Luc.
1027 2561 1060 2610 I,
1091 2560 1158 2604 35.

214 2625 257 2679 3)
286 2624 397 2665 Edd.
426 2626 624 2666 Merlini:
655 2627 690 2667 si
718 2627 908 2680 dignatus
937 2630 1078 2670 fuerit.

211 2695 255 2749 4)
284 2695 392 2736 Edd.
423 2696 619 2737 Merlini:
652 2697 804 2738 veniat.
921 2700 962 2755 ⁵)
995 2699 1154 2742 Cantic.
1188 2699 1244 2748 ΙΙ,
1274 2697 1313 2742 3.

215 2765 258 2820 6)
292 2765 451 2822 Cantic.
481 2767 537 2817 II,
567 2765 606 2809 3.
727 2767 768 2823 ⁷)
800 2767 959 2810 Cantic.
989 2771 1046 2820 II,
1078 2770 1116 2812 4.
1164 2790 1169 2795 ·

217 2834 259 2889 ε’)
291 2834 397 2876 Cod.
429 2835 716 2879 Belvacensis:
749 2838 1032 2893 „plurimae.“
1075 2840 1129 2881 R.

220 2904 262 2959 ⁹)
296 2905 453 2948 Cantic.
486 2908 542 2958 II,
573 2908 610 2950 4.
