1759 3134
686 113 945 155 PROLOGUS·
1451 116 1535 160 325

102 227 304 271 universis
333 226 525 281 gentibus
554 241 631 283 per
662 223 906 267 circuitum:
948 234 990 265 ct
1029 224 1197 266 loeutus
1228 235 1289 266 est
1318 226 1526 269 Salomon

100 307 180 349 tria
217 304 353 347 millia
390 304 708 360 parabolarum,
753 313 796 343 et
840 312 958 343 erant
1004 302 1163 345 cantica
1210 302 1298 361 ejus
1339 303 1527 361 quinque

100 383 235 425 millia
261 382 345 438 ¹).“
404 381 467 422 Ex
505 380 568 422 his
604 396 702 434 ergo
736 377 920 436 quinque
949 377 1141 420 millibus
1173 380 1342 422 canticis
1372 382 1524 424 volunt

99 459 258 510 videri,
304 459 386 500 hoc
428 474 562 500 unum
606 473 694 499 esse
740 455 975 507 canticum,
1022 456 1139 512 quod
1184 457 1404 501 habemus:
1450 462 1526 503 sed

98 553 331 594 usquequo,
362 535 430 577 vel
459 536 534 577 ubi
565 546 726 577 cantata
754 533 849 585 sint,
878 550 967 575 non
991 533 1134 575 solum
1152 534 1206 575 ad
1226 551 1362 587 usum,
1391 538 1526 596 sed2)

97 631 149 656 ne
189 614 244 655 ad
280 613 477 655 notitiam
508 612 682 669 quidem
719 610 916 669 pervenit
947 610 1220 654 ecclesiarum
1248 612 1346 654 Dei.
1409 614 1525 670 Ope,

95 708 239 734 rosum
268 702 330 732 est
360 702 501 731 autem
533 701 575 731 et
602 689 755 746 procul
784 690 836 730 ab
868 706 999 747 opere
1016 689 1258 746 proposito,
1289 689 1324 732 si
1343 690 1524 733 velimus

94 786 205 812 nune
232 767 467 825 inquirere,
511 784 636 823 quam
664 767 898 808 multorum
929 767 1141 809 librorum
1171 769 1523 811 commemoratio

95 848 167 889 fiat
196 847 239 888 in
268 844 484 902 scripturis
518 843 685 896 divinis,
715 861 898 901 quorum
916 844 1047 887 lectio
1068 845 1188 888 nulla
1203 845 1326 887 nobis
1346 847 1522 889 omnino

94 937 156 967 est
184 923 346 966 tradita.
393 921 480 964 Sed
508 937 645 978 neque
675 922 788 978 apud
808 923 994 964 Judaeos
1024 923 1171 965 haberi
1196 923 1369 980 quidem
1397 942 1521 966 usum

91 999 333 1059 hujusmodi
362 998 596 1056 reperimus
626 999 881 1053 lectionum,
926 1018 1027 1058 quas
1057 1000 1144 1042 sive
1173 1017 1253 1058 pro
1287 1017 1360 1053 eo,
1402 1003 1520 1060 quod

90 1078 232 1135 aliqua
259 1094 384 1134 supra
412 1077 637 1118 humanam
666 1077 989 1131 intelligentiam
1022 1078 1314 1131 continebant,
1354 1080 1518 1136 placuit

90 1155 258 1212 spiritui
287 1165 429 1196 saneto
461 1153 617 1196 auferri
645 1154 698 1195 de
727 1155 886 1206 medio,
915 1155 1002 1196 sive
1035 1157 1152 1212 quod
1183 1169 1317 1199 essent
1335 1158 1388 1198 de
1417 1158 1519 1199 scri-

90 1233 225 1290 pturis
262 1232 348 1283 his,
389 1248 493 1288 quae
533 1231 802 1289 appellantur
837 1233 1129 1291 apocryphae,
1168 1251 1249 1291 pro
1288 1251 1362 1286 eo,
1404 1238 1520 1293 quod

90 1310 222 1351 multa
251 1309 295 1350 in
325 1308 375 1349 iis
408 1321 628 1367 corrupta,
669 1321 711 1350 et
742 1320 887 1351 contra
916 1310 1047 1351 fidem
1077 1327 1220 1353 veram
1249 1312 1520 1355 inveniuntur

91 1405 113 1429 a
142 1386 370 1446 majoribus
401 1387 576 1437 tradita,
620 1401 708 1427 non
738 1386 899 1443 placuit
929 1387 978 1429 iis
1009 1388 1099 1429 dari
1130 1389 1296 1441 locum,
1334 1408 1413 1432 nee
1445 1393 1517 1433 adn

88 1465 199 1506 mitti
232 1467 284 1506 ad
314 1466 619 1507 auctoritatem.
672 1465 810 1521 Supra
839 1481 916 1506 nos
947 1477 1020 1516 est,
1050 1468 1327 1522 pronuntiare
1350 1470 1402 1510 de
1422 1470 1517 1511 taliq

89 1544 178 1585 bus.
239 1543 353 1584 Illud
394 1555 532 1584 tamen
570 1543 711 1599 palam
734 1542 778 1599 3)
819 1554 900 1593 est,
941 1542 1074 1584 multa
1111 1546 1179 1585 vel
1214 1547 1265 1587 ab
1294 1548 1513 1603 apostolis,

91 1622 158 1662 vel
195 1622 245 1662 ab
278 1621 538 1673 evangelistis
571 1621 762 1676 exempla
793 1636 879 1661 esse
910 1622 1096 1676 prolata,
1139 1634 1180 1663 et
1211 1625 1335 1665 Novo
1368 1626 1513 1668 Testa*

89 1710 231 1742 mento
263 1698 428 1749 inserta,
459 1715 564 1756 quae
594 1698 638 1739 in
668 1698 730 1739 his
760 1697 990 1753 scripturis,
1023 1716 1123 1755 quas
1149 1702 1367 1744 canonicas
1386 1704 1513 1745 habes

89 1794 203 1828 muS,
233 1792 447 1832 nunquam
479 1775 668 1829 legimus,
701 1775 742 1816 in
773 1776 1025 1834 apocryphis
1056 1789 1195 1821 tamen
1226 1779 1511 1834 inveniuntur,

89 1868 130 1896 et
161 1854 377 1895 evidenter
407 1871 453 1895 ex
483 1854 584 1911 ipsis
618 1855 894 1895 ostenduntur
925 1867 1114 1897 assumta.
1176 1858 1262 1899 Sed
1300 1875 1352 1899 ne
1377 1859 1420 1915 ⁴)
1453 1860 1511 1901 sie

89 1934 261 1992 quidem
291 1933 410 1974 locus
440 1933 691 1991 apocryphis
722 1932 882 1973 dandus
914 1944 992 1973 est:
1024 1950 1109 1974 non
1137 1935 1250 1977 enim
1267 1938 1510 1979 transeundi

88 2024 184 2054 sunt
212 2010 403 2061 termini,
445 2026 550 2067 quos
583 2021 816 2051 statuerunt
844 2022 983 2067 patres
1012 2012 1157 2055 nostri.
1218 2014 1366 2056 Potuit
1396 2016 1510 2058 enim

88 2090 201 2141 fieri,
241 2101 287 2130 ut
326 2088 511 2145 apostoli
551 2088 617 2128 vel
660 2087 935 2140 evangelistae
977 2102 1119 2131 sancto
1157 2091 1308 2148 spiritu
1343 2094 1511 2150 repleti,

87 2168 305 2219 sciverint,
348 2166 449 2223 quid
473 2165 514 2222 ⁵)
561 2167 856 2208 assumendum
902 2184 950 2208 ex
994 2168 1079 2210 illis
1127 2182 1234 2211 esset
1276 2171 1506 2228 scripturis,

88 2247 242 2304 quidve
272 2246 560 2287 refutandum:
591 2244 713 2285 nohis
749 2257 889 2286 autem
918 2261 1005 2287 non
1029 2257 1102 2297 est,
1134 2249 1289 2306 absque
1312 2250 1502 2306 periculo

90 2324 249 2382 aliquid
288 2315 371 2365 tale
394 2323 436 2380 6)
467 2339 754 2379 praesumere,
794 2322 945 2381 quibus
984 2340 1071 2366 non
1103 2338 1162 2368 est
1191 2338 1306 2369 tanta
1336 2327 1505 2384 spiritus

208 2465 248 2520 ¹)
278 2465 387 2506 Edd.
418 2464 611 2507 NIerlini:
643 2464 787 2508 millia.
845 2466 902 2507 Et
931 2482 978 2508 ex
1008 2467 1071 2508 his
1103 2468 1289 2525 quinque
1319 2469 1507 2511 millibus

91 2522 260 2565 canticis
294 2522 442 2563 volunt
470 2522 624 2563 Judaei
653 2523 735 2563 hoc
765 2540 897 2565 unum
931 2540 1017 2566 esse
1049 2536 1126 2566 etc.

208 2593 252 2650 ²)
282 2592 391 2633 Edd.
421 2592 618 2634 R'Ierliniz
648 2593 722 2634 sed
750 2609 829 2635 nec
859 2595 912 2636 ad
943 2607 1019 2637 etc.

203 2665 248 2719 3)
277 2663 386 2704 Edd.
416 2662 609 2704 Merlini:
642 2664 835 2720 „palamx
871 2677 913 2706 et
940 2666 1073 2708 multa
1103 2668 1209 2708 vcl“
1239 2679 1316 2710 etc.

205 2734 248 2790 ¹²)
278 2733 387 2774 Edd.
418 2732 612 2774 Merlini:
643 2749 721 2774 nec
751 2734 810 2775 sic
840 2736 1013 2792 quidem
1042 2749 1121 2780 etc.

206 2805 248 2861 ⁵)
275 2804 385 2845 Edd.
415 2802 609 2844 Merlini:
641 2804 744 2860 quid
772 2809 1020 2852 sumendum
1051 2826 1100 2852 ex
1129 2809 1212 2853 illis
1244 2821 1349 2852 esset
1380 2821 1456 2852 etc.

206 2876 250 2934 ⁶)
281 2874 390 2918 Edd.
420 2873 614 2918 Merlini;
644 2885 747 2918 tute.
