1759 3134
163 103 247 147 344
460 102 680 144 Omessms
712 114 757 144 m
789 101 972 145 CANrtc.
1007 102 1311 147 cmi-monum

174 232 301 273 super
347 215 547 257 vinum:“
594 217 731 272 quod,
777 216 966 273 quamvis
1013 217 1235 259 videantur
1263 216 1303 274 ¹)
1350 218 1599 271 significasse

175 293 409 335 evidentius
442 309 488 334 ea
520 292 631 350 ipsa,
663 311 767 351 quae
788 294 831 350 ²)
864 293 985 334 nohis
1015 293 1223 350 spirituali
1255 294 1601 352 interpretatione

177 372 349 414 disserta
386 384 505 423 sunt,
544 383 684 414 tamen
723 389 798 414 nos
830 371 1102 429 Septuaginta
1141 371 1419 430 interpretum
1451 375 1604 432 scripta

176 466 254 507 per
285 449 427 492 omnia
458 449 731 501 custodimus,
763 451 864 492 certi
895 451 1011 508 quod
1043 450 1228 507 Spiritus
1259 463 1422 493 sanctus
1451 465 1605 512 myste-
1642 499 1646 503 ,

176 531 338 569 riorum
369 529 526 570 formas
558 529 746 571 obtectas
775 529 909 571 inesse
940 528 1078 569 voluit
1113 527 1157 569 in
1190 528 1407 586 scripturis
1438 530 1604 583 divinis,

178 617 220 647 et
247 622 334 648 non
362 606 502 663 palam
535 618 658 664 atque
688 607 732 648 in
763 606 993 665 propatulo
1025 604 1181 647 haberi·

291 684 602 738 „Unguentum
624 685 668 741 3)
707 684 961 727 exinanitum
991 699 1147 726 nomen
1179 695 1312 727 tuum.
1372 685 1607 742 Propterea

179 762 520 804 adolescentulae
544 762 781 805 dilexerunt
801 774 857 814 te,
888 779 934 804 ac
961 773 1175 804 traxerunt
1204 774 1246 804 te
1276 774 1375 820 post
1410 780 1475 805 se:
1507 763 1549 805 in
1565 764 1608 821 ⁴)

183 840 362 881 odorem
393 853 704 894 unguentorum
739 852 912 882 tuorum
953 846 1208 882 curremus.“
1268 840 1482 883 Historica
1521 841 1612 899 qui-

183 918 280 960 dem
327 918 534 975 expositio
581 920 750 970 eadem,
799 934 905 976 quae
949 918 992 959 in
1037 917 1350 975 superioribus,
1401 919 1611 976 percurrit

182 996 308 1038 etiam
339 996 380 1038 in
412 997 623 1054 praesenti
653 998 775 1048 loco,
821 997 957 1038 donec
987 996 1059 1037 fiat
1088 995 1228 1053 aliqua
1256 994 1435 1037 mutatio
1466 1013 1611 1053 perso-

182 1091 350 1116 narum:
387 1074 444 1116 ita
466 1076 508 1131 ⁵)
549 1074 707 1131 quippe
753 1074 859 1115 ordo
893 1072 1111 1125 dramatis,
1156 1073 1228 1129 qui
1258 1090 1280 1115 a
1308 1074 1432 1116 nobis
1462 1074 1506 1116 in
1535 1076 1612 1118 hac

183 1151 446 1208 expositione
475 1164 669 1208 receptus
703 1163 785 1202 est,
821 1150 973 1207 poscit.
1032 1150 1181 1192 Potest
1208 1150 1250 1207 6)
1284 1166 1380 1192 sane
1404 1150 1444 1207 ⁷)
1475 1151 1519 1193 in
1547 1153 1611 1195 his

179 1229 406 1286 prophetia
447 1230 651 1287 quaedam
694 1228 830 1270 videri
862 1245 909 1271 ex
943 1244 1124 1286 persona
1154 1244 1332 1285 sponsae
1362 1228 1529 1285 prolata
1560 1231 1612 1272 de

183 1305 376 1358 Christo,
409 1309 524 1364 quod
555 1308 745 1349 futurum
777 1319 884 1350 esset
912 1307 957 1349 in
989 1308 1172 1349 adventu
1200 1305 1380 1349 Domini
1411 1318 1453 1348 et
1481 1308 1613 1350 salva-

182 1385 287 1427 toris
325 1385 480 1437 nostri,
518 1397 566 1427 ut
603 1402 761 1428 nomen
802 1385 887 1444 ejus
922 1385 980 1428 ita
1009 1401 1087 1443 per
1117 1386 1266 1427 orbem
1298 1397 1434 1427 terrae
1466 1397 1507 1428 et
1535 1403 1614 1444 per

181 1464 424 1507 universum
451 1465 658 1506 mundum
679 1465 1003 1515 diffunderetur,
1033 1475 1082 1504 ut
1109 1463 1231 1506 fieret
1262 1465 1371 1506 odor
1400 1464 1612 1507 suavitatis

184 1542 226 1584 in
259 1543 374 1585 omni
405 1544 528 1593 loco,
568 1543 677 1585 sicut
714 1555 755 1584 et
784 1543 1019 1600 Apostolus
1061 1541 1184 1583 dixit:
1224 1542 1359 1599 „quia
1383 1543 1427 1600 8)
1458 1543 1614 1586 Christi

182 1623 318 1664 bonus
351 1622 462 1666 odor
491 1638 634 1665 sumus
664 1621 709 1664 in
753 1621 869 1664 omni
910 1621 1032 1662 loco:
1073 1619 1165 1662 aliis
1203 1618 1376 1677 quidem
1417 1620 1526 1662 odor
1564 1637 1612 1664 ex

300 1835 341 1890 ¹)
374 1835 483 1877 Edd.
514 1832 714 1877 Merlini:
745 1832 950 1877 videatur.

300 1906 344 1960 2)
377 1906 486 1947 Edd.
518 1905 718 1948 Merlini:
752 1922 856 1963 quae
888 1923 912 1948 a
940 1904 1064 1948 nobis
1096 1927 1147 1936 -=-
1179 1903 1333 1947 diserta
1364 1917 1470 1948 sunt.

301 1976 345 2031 ³)
378 1976 536 2019 Cantic.
571 1978 603 2027 Ι,
634 1975 673 2021 3.
705 1976 743 2019 4.

300 2046 342 2101 ⁴²)
375 2047 484 2090 Edd.
516 2047 712 2089 Merlini:
744 2047 787 2088 in
818 2048 953 2089 odore
985 2074 1034 2080 —
1067 2045 1282 2090 currimus.

301 2118 342 2174 ⁵)
371 2117 481 2159 Edd.
512 2118 707 2160 Merlini:
742 2118 883 2175 itaque
916 2119 1022 2159 ordo
1055 2129 1132 2160 etc.

300 2188 343 2245 ὃ)
373 2189 477 2232 IVIss.
514 2189 698 2240 „Potest
734 2205 830 2231 sane
868 2188 911 2230 in
951 2189 1012 2231 his
1049 2188 1313 2254 prophetia“
1355 2200 1432 2230 etc.
1492 2190 1608 2232 Libri

185 2244 288 2286 editi
320 2245 378 2302 (v.
411 2262 444 2287 c.
478 2247 572 2287 edd.
605 2246 711 2302 M.:)
745 2246 961 2297 „Possunt
991 2263 1087 2288 sane
1117 2262 1160 2286 1n
1190 2246 1452 2302 prophetia“
1485 2258 1562 2289 etc.

303 2316 344 2371 ⁷)
375 2314 537 2357 Graeca
574 2317 687 2372 apud
716 2316 981 2373 Procopium
1022 2317 1125 2357 haec
1163 2328 1279 2358 sunt:
1329 2315 1461 2374 Τάχα
1490 2335 1609 2377 προ-

186 2384 372 2445 φητεύει
414 2389 494 2431 τοῦ
541 2385 764 2445 ὀνόματος
809 2390 888 2431 τοῦ
935 2391 1137 2447 Χριστοῦ
1184 2386 1265 2443 τὴν
1310 2386 1390 2433 τὸν
1433 2388 1612 2448 κόσμον

185 2454 497 2518 πληρώσασαν
526 2455 728 2516 δύναμιν
756 2457 870 2502 κατὰ
899 2456 982 2514 τὴν
1011 2459 1150 2503 αὐτοῦ
1180 2465 1464 2519 παρουσίαν,
1497 2459 1610 2507 ὥστε

185 2532 417 2587 γενέσθαι,
450 2527 564 2574 κατὰ
593 2528 675 2575 τὸν
699 2532 902 2585 Παῦλον,
938 2524 1002 2579 οἷς
1030 2530 1119 2585 μὲν
1149 2530 1297 2588 ὀσμὴν
1326 2533 1375 2576 ἐκ
1405 2531 1610 2578 θανάτου

187 2602 250 2649 εἰς
274 2596 506 2656 θάνατον,
547 2594 612 2651 οἷς
649 2600 701 2645 δὲ
742 2600 792 2644 ἐκ
831 2602 940 2657 ζωῆς
979 2602 1040 2650 εἰς
1070 2599 1195 2657 ζωήν.
1256 2605 1316 2646 Εἰ
1345 2601 1434 2661 γὰρ
1463 2607 1610 2648 πᾶσιν

185 2663 243 2726 ἦν
272 2673 334 2720 εἰς
362 2670 492 2727 ζωὴν,
525 2666 653 2716 εἶπεν
679 2667 741 2716 ἂν
768 2670 794 2726 ἡ
826 2669 1014 2731 νύμφη·
1047 2671 1123 2717 διὰ
1155 2675 1285 2719 τοῦτο
1304 2672 1470 2725 πάντες
1489 2673 1609 2732 ἠγά-

186 2738 342 2797 πησαν
370 2755 438 2800 σε,
471 2741 563 2786 ἀλλ’
600 2740 652 2786 οὐ
681 2739 831 2800 μόνον
860 2745 907 2786 αἱ
936 2744 1139 2795 νεανίὸες
1169 2747 1217 2787 αἱ
1248 2742 1467 2805 ὁσημέραι
1490 2745 1607 2790 ἀνα-

188 2809 446 2871 νεούμεναι,
478 2815 556 2856 καὶ
583 2811 647 2870 μὴ
679 2814 864 2871 ἔχουσαι
891 2816 1050 2874 ῥυτίδα
1078 2812 1106 2871 ἢ
1137 2819 1316 2862 σπῖλον.
1377 2818 1554 2860 Ruaeus.

305 2882 349 2941 ⁶)
379 2884 422 2926 11
447 2883 546 2928 cor.
579 2884 637 2936 11,
668 2883 734 2929 15.
766 2883 832 2929 16.
