1759 3134
241 126 329 173 242
529 125 752 168 Omossms
782 138 826 168 m
860 125 1047 168 CANTIC·
1078 123 1385 169 CAurxcoRUM

259 241 404 280 labore
433 240 691 280 contendere
719 239 783 296 ¹),
824 251 870 279 ut
910 255 997 279 non
1026 238 1141 296 juxta
1171 255 1339 280 carnem
1372 250 1412 279 et
1442 239 1680 290 sanguinem

259 328 552 366 conversetur,
593 333 677 372 quo
720 317 854 372 possit
891 317 1037 369 dignus
1068 316 1160 356 fieri
1188 316 1471 372 spiritualium
1503 328 1683 357 secreto-

259 412 378 444 rum,
420 406 462 434 et
502 406 550 435 ut
590 394 752 450 aliquid
793 394 1013 435 audentius
1046 394 1205 444 (licam,
1245 394 1453 449 spirituali
1488 393 1683 448 cupidine

262 473 328 512 vel
367 488 511 512 amore
550 473 822 513 accendatur:
870 472 1077 527 siquidem
1117 483 1177 511 cst
1217 483 1258 512 et
1296 471 1521 527 spiritualis
1553 488 1683 510 amor.

262 550 318 590 Et
350 551 571 605 quomodo
607 562 667 590 est
700 550 867 605 quidam
902 549 1078 589 carnalis
1110 549 1248 598 cibus,
1286 561 1326 589 et
1358 550 1462 589 alius
1493 549 1686 604 spiritua·

263 627 333 667 lis:
381 639 421 667 et
464 627 543 667 alia
588 628 720 668 earnis
764 628 908 683 potio,
949 627 1028 667 alia
1073 627 1264 682 spiritus:
1310 628 1367 667 sic
1413 639 1473 667 est
1514 627 1683 681 quidam

261 721 380 745 amor
413 706 544 744 carnis
576 721 595 744 a
632 706 780 745 Salana
814 704 1004 753 veniens,
1046 704 1150 743 alius
1181 720 1301 744 amor
1331 704 1502 759 spiritus
1533 722 1553 744 a
1589 705 1682 743 Deo

263 783 481 822 exordium
515 783 689 822 habens:
735 795 775 821 et
816 799 942 821 nemo
975 794 1116 836 potest
1147 783 1312 821 «luobus
1344 782 1557 821 amoribus
1586 798 1685 836 pos-

262 860 403 900 sideri.
465 859 511 900 Si
549 860 680 900 carnis
722 872 884 899 amator
914 878 977 909 vs,
1018 877 1207 899 amorem
1239 859 1407 914 spiritus
1446 876 1530 898 non
1563 859 1686 913 capis.

261 937 305 977 Si
339 937 479 977 omnia
511 937 747 992 corporalia
778 937 1026 992 despexisti,
1058 954 1143 977 nou
1169 938 1265 977 dico
1299 954 1465 977 carm-111
1497 949 1567 977 aut
1597 953 1686 976 san-

259 1015 448 1066 guinem,
491 1017 563 1055 sed
595 1026 813 1066 argentum
847 1028 886 1055 ct.
918 1016 1223 1070 possessiones,
1265 1017 1334 1055 sed
1370 1015 1500 1069 ipsam
1533 1027 1685 1054 terram

260 1092 483 1147 ipsumque
517 1093 706 1131 coelum:
750 1115 800 1120 —-
841 1093 942 1132 haec
986 1092 1143 1147 quippe
1187 1093 1499 1147 pertransibunt
1542 1109 1612 1131 ——:
1654 1091 1684 1130 si

260 1169 337 1209 ista
376 1169 517 1209 omnia
557 1168 837 1216 contemsisti,
882 1180 923 1208 et
961 1170 1013 1208 ad
1051 1170 1219 1209 nullum
1260 1171 1412 1208 horum
1451 1168 1587 1208 anima
1620 1180 1686 1207 tua

263 1246 445 1297 obligata
477 1257 561 1295 est,
592 1261 728 1300 neque
761 1260 975 1300 quoquam
1007 1246 1207 1286 vitiorum
1235 1247 1276 1300 ²)
1308 1263 1451 1303 amore
1482 1245 1688 1294 retineris,

258 1336 380 1379 potes
420 1339 608 1364 amorem
650 1339 799 1378 capere
841 1322 1119 1378 spiritualem.
1189 1324 1319 1379 11:13)
1362 1324 1494 1364 locuti
1533 1339 1689 1373 sumus,

261 1401 358 1457 quia
388 1400 527 1441 evenit
557 1400 723 1440 occasio
745 1433 755 1449 ,
785 1411 833 1440 ut
865 1401 915 1440 de
945 1417 1088 1441 amore
1120 1402 1328 1457 spirituali
1359 1403 1499 1457 aliqua
1529 1401 1691 1440 dicere-

261 1496 366 1519 mus.
445 1478 630 1534 Expedit
676 1489 828 1518 autem.
849 1479 994 1529 nobis,
1037 1479 1280 1521 Salomonis
1319 1478 1532 1520 custodire
1569 1494 1690 1532 prae-

262 1568 456 1611 ceptum,
498 1567 539 1595 et
566 1555 695 1606 magis
734 1555 871 1606 illius,
911 1556 983 1611 qui
1023 1573 1101 1612 per
1128 1557 1405 1598 Salomonem
1437 1556 1691 1610 loquebatur

263 1635 314 1673 de
345 1632 569 1688 sapientia,
611 1632 667 1672 ita
712 1632 876 1673 dicens:
918 1650 1046 1682 „ama
1066 1633 1108 1688 ⁴²)
1149 1634 1290 1683 illam,
1333 1645 1374 1673 et
1412 1633 1594 1673 servabit
1623 1644 1686 1672 te:

263 1711 477 1750 circumda
507 1709 647 1760 illam,
681 1722 722 1750 et
754 1710 951 1751 exaltabit
980 1722 1042 1751 te:
1087 1712 1250 1751 honora
1280 1710 1422 1760 illam,
1453 1722 1500 1750 ut
1529 1723 1570 1750 te
1602 1727 1687 1750 am-

260 1788 521 1843 plectatur.“
599 1786 674 1826 Est
720 1786 892 1842 quidam
917 1789 958 1841 5)
1003 1788 1231 1843 spiritualis
1277 1788 1514 1843 amplexus,
1564 1799 1687 1843 atque

260 1865 422 1905 utinam
454 1864 681 1916 contingat,
711 1876 759 1904 ut
788 1882 926 1905 meam
957 1881 1157 1921 sponsam
1187 1866 1395 1920 arctiusfi)
1427 1865 1572 1920 sponsi
1602 1881 1689 1905 am-

260 1943 407 1998 plexus
437 1942 645 1992 includat,
679 1953 726 1982 ut
767 1959 842 1995 ego
884 1958 1055 1998 quoque
1094 1942 1252 1997 possim
1295 1943 1457 1992 dicere,
1498 1943 1613 1997 quod
1644 1943 1686 1982 in

263 2020 415 2059 eodem
454 2019 565 2060 libro
606 2021 808 2076 scriptum
852 2033 932 2061 est:
981 2019 1180 2069 „sinistra
1209 2021 1248 2075 7)
1302 2019 1388 2077 ejus
1433 2021 1509 2059 sub
1550 2019 1686 2074 capite

261 2113 384 2146 meo,
417 2108 458 2137 et
488 2098 631 2138 dextra
660 2098 775 2138 illius
806 2096 1114 2153 amplexabitur
1145 2103 1255 2136 me.“

384 2237 422 2292 ¹)
453 2237 563 2278 Edd.
594 2237 791 2278 Merlini:
833 2238 1112 2285 contendere,
1146 2252 1229 2291 quo
1260 2237 1395 2291 possit
1425 2237 1572 2289 dignus
1602 2237 1686 2292 spi-

263 2293 497 2334 ritualium
515 2294 606 2334 fieri
645 2311 907 2334 sermonum.
951 2306 991 2334 et
1030 2305 1076 2333 ut
1115 2293 1274 2349 aliquid
1316 2317 1367 2323 -—
1410 2294 1560 2343 dicam,
1600 2294 1685 2349 spi-

263 2350 405 2390 rituali
450 2351 647 2406 cupidine
694 2351 758 2390 iel
807 2367 964 2390 amore.
1041 2350 1085 2390 Si
1135 2350 1306 2404 quidem
1353 2361 1412 2390 est
1456 2350 1683 2406 spiritualis

264 2424 403 2447 amor:
450 2419 490 2447 et
524 2408 742 2471 quomodo
776 2431 826 2436 —
861 2408 1001 2455 cibus,
1035 2418 1075 2446 et
1104 2407 1208 2447 alius
1239 2406 1491 2462 spiritualis:
1533 2418 1575 2447 et
1604 2407 1683 2447 alia

265 2463 439 2504 carnalis
469 2464 615 2519 potio,
647 2463 725 2504 alia
757 2463 1006 2518 spiritualis:
1039 2463 1096 2503 sic
1130 2475 1189 2503 est
1224 2475 1329 2503 etc.

380 2536 422 2590 2)
453 2533 1023 2574 Edd.Me1lini:vi1-.01um

379 2605 421 2659 3)
452 2604 560 2645 Edd.
592 2603 788 2644 Merlini:
821 2605 915 2644 Ista.
1036 2603 1079 2659 ⁴)
1110 2604 1237 2644 Prov.
1268 2605 1340 2654 IV,
1374 2603 1413 2646 7.
1444 2603 1482 2647 8.

379 2674 419 2728 ⁵)
450 2674 559 2713 Edd.
592 2673 790 2713 Nlerlini:
824 2674 1007 2729 quidem.

378 2743 815 2840 6)11ζ[155.,,ειιέῐίιιε.“
874 2744 990 2785 Libri
1023 2744 1124 2785 editi
1156 2744 1212 2801 (e.
1249 2761 1283 2785 c.
1316 2745 1410 2785 edd.
1443 2744 1547 2800 M.):
1586 2745 1679 2795 „al-

264 2802 372 2841 tior}

379 2869 421 2924 ⁷)
455 2869 612 2910 Cantic.
647 2870 699 2919 ll,
731 2869 769 2912 6.
