1738 3134
250 152 301 194 16
643 153 863 193 Omossms
895 164 939 193 m
970 151 1263 194 Ezncmmm

247 276 373 304 tatem
414 264 527 305 illius
568 276 614 305 ut
652 265 894 320 phantasma
935 265 1129 306 eludunt:
1180 280 1306 321 quare
1340 266 1527 307 Christus
1571 267 1681 307 silius

245 341 427 382 hominis
472 342 742 398 appellatur?
806 342 896 395 Ego
948 343 1114 383 affirmo
1167 342 1305 383 filium
1355 343 1538 384 hominis
1586 361 1683 384 eum

244 419 384 460 fuisse.
445 421 554 461 Nam
585 419 657 475 qui
687 420 899 475 passiones
933 420 1125 461 assumsit
1156 420 1370 471 humanas,
1405 436 1572 461 necesse
1606 434 1682 472 est,

244 507 290 537 ut
335 508 429 537 ante
475 497 714 552 passionem
760 498 991 552 susceperit
1042 498 1314 539 nativitatem.
1376 498 1524 554 Neque
1570 498 1682 538 enim

243 573 385 628 potuit
427 573 632 614 humanos
673 574 872 623 affectus,
919 576 1066 624 verba,
1110 575 1458 624 consuetudines,
1500 591 1681 625 crucem,

244 662 428 691 mortem
467 651 678 707 recipere,
725 651 758 692 si
788 667 874 692 non
906 652 1115 707 reciperet
1144 651 1414 692 humanitatis
1446 652 1678 692 exordium.

246 728 302 769 Et
333 744 592 784 consequens
625 740 733 778 erat,
780 728 1039 769 nativitatem
1082 728 1168 785 ejus
1210 730 1466 778 auferentes,
1514 730 1679 770 auferre

245 805 372 846 etiam
402 805 654 861 passionem,
693 817 734 846 et
766 805 1016 862 simpliciter
1047 807 1207 847 dicere:
1249 823 1335 846 non
1369 818 1428 846 est
1461 805 1681 847 crucifixus

242 884 375 924 Jesus.
435 884 558 924 Nunc
603 899 703 923 vero
752 899 918 923 crucem
967 884 1204 934 confiteris,
1256 895 1297 924 et
1338 900 1424 924 non
1471 884 1680 924 erubescis

240 959 411 1000 Judaeis
439 959 480 1016 ¹)
521 961 765 1001 scandalum
804 960 1049 1017 praedicans
1091 961 1361 1012 crucifixum,
1405 972 1446 1001 et
1487 961 1678 1015 gentibus

241 1036 487 1089 stultitiam;
528 1048 568 1077 et
607 1037 744 1077 minus
785 1039 1028 1079 scandalum
1060 1038 1254 1095 passione
1287 1038 1354 1079 vel
1384 1050 1545 1089 morte,
1587 1056 1680 1079 eru-

238 1113 375 1154 bescis
405 1113 667 1155 nativitatem
699 1115 787 1172 ejus
819 1115 1023 1156 confiteri.
1083 1114 1296 1156 Nimirum
1326 1115 1463 1156 minus
1493 1116 1678 1156 scandali

242 1202 303 1232 est
332 1191 478 1231 Jesum
508 1203 655 1232 natum
686 1191 840 1241 fuisse,
884 1209 1010 1248 quam
1038 1203 1268 1232 mortuum.
1329 1194 1416 1233 Aut
1446 1192 1480 1233 si
1511 1195 1679 1234 scanda—

240 1267 331 1308 lum
363 1266 584 1308 christiana
614 1268 717 1309 fides
747 1285 836 1309 non
865 1280 1047 1318 veretur,
1080 1285 1153 1309 cur
1181 1268 1305 1309 times
1338 1269 1477 1310 dicere
1500 1269 1677 1320 minora,

241 1345 313 1399 qui
351 1343 512 1401 majora
553 1361 675 1386 ausus
716 1361 758 1386 es
798 1345 1019 1388 confiteri?
1075 1345 1329 1387 Praesertim
1362 1363 1457 1386 cum
1485 1345 1678 1387 nativitas

239 1421 354 1462 illius
392 1437 480 1462 non
523 1438 571 1462 ex
608 1422 768 1463 semine
803 1422 882 1463 viri
914 1435 955 1464 et
984 1422 1174 1464 mulieris
1205 1439 1355 1464 somno
1390 1423 1677 1464 convenientis
1725 1408 1731 1412 .

241 1514 326 1539 esse
371 1499 586 1550 credatur,
631 1501 705 1541 sed
744 1498 858 1556 juxta
903 1499 1139 1556 prophetae
1192 1500 1431 1557 eloquium,
1478 1501 1675 1542 dicentis:

239 1591 380 1626 ‚,ecce‚
404 1575 448 1632 ²)
489 1575 607 1629 virgo
648 1576 691 1617 in
730 1588 852 1618 utero
896 1577 1129 1633 concipiet,
1175 1589 1218 1618 et
1256 1577 1394 1637 pariet
1429 1578 1590 1628 filium,
1637 1590 1677 1619 et

238 1651 461 1692 vocabitur
505 1669 663 1693 nomen
710 1651 796 1710 ejus
841 1653 1137 1696 Emmanuel.“
1197 1655 1316 1704 Hoc,
1367 1656 1482 1711 quod
1523 1656 1677 1696 dicitur

237 1728 517 1778 Emmanuel,
554 1745 643 1769 non
679 1745 812 1770 unum
851 1747 1008 1773 nomen
1046 1743 1191 1782 sonat,
1234 1732 1308 1772 sed
1337 1748 1428 1773 rem
1459 1733 1674 1786 significat.

240 1804 505 1845 Adveniente
562 1806 720 1862 quippe
765 1808 866 1848 Jesu
925 1808 1125 1850 dicimus:
1176 1808 1398 1850 nobiscum
1451 1809 1674 1851 Dominus.

234 1883 334 1924 Non
377 1882 532 1922 frustra
571 1898 669 1935 ergo
711 1883 754 1924 in
793 1885 1008 1938 trigesimo
1050 1902 1158 1927 anno
1199 1886 1426 1942 prophetat
1463 1885 1673 1931 Ezechiel,

233 1960 344 2000 Nam
377 1970 418 1998 et
445 1973 605 1999 nomen
626 1959 713 2016 ejus
735 1961 866 2014 figura
891 1963 1046 2004 Christi
1067 1974 1141 2003 est.
1185 1963 1494 2017 Interpretatur
1516 1962 1674 2018 quippe

234 2034 434 2075 Ezechiel
478 2034 741 2090 „imperium
780 2037 924 2078 Dei:“
965 2039 1193 2096 imperium
1234 2050 1374 2079 autem
1414 2038 1499 2079 Dei
1532 2039 1673 2080 nullus

236 2122 323 2160 est,
369 2110 450 2152 nisi
491 2111 679 2154 Christus
719 2114 851 2156 Jesus.
924 2116 1059 2157 Filius
1110 2132 1279 2172 quoque
1318 2116 1424 2157 Buzi
1462 2116 1674 2166 scribitur,

236 2189 354 2245 quod
384 2182 686 2244 interpretatur
718 2201 1024 2242 „contemtus.“
1085 2193 1132 2236 Si
1162 2193 1303 2233 venias
1335 2194 1388 2234 ad
1422 2192 1670 2242 haereticos,

234 2277 276 2306 et
306 2264 450 2307 audias
483 2281 555 2306 eos
585 2280 853 2322 spernentes,
895 2283 934 2311 et
974 2287 1052 2327 pro
1092 2270 1227 2311 nihilo
1267 2271 1467 2311 ducentes
1508 2280 1668 2310 creato-

233 2358 338 2394 rem,
370 2354 411 2384 et
440 2342 613 2399 insuper
644 2344 771 2386 etiam
803 2347 1083 2398 criminantes,
1114 2347 1276 2388 videbis
1306 2345 1418 2403 juxta
1445 2345 1542 2386 illos
1569 2361 1669 2386 con-

233 2419 472 2461 temtissimi
504 2421 703 2463 creatoris
736 2423 875 2464 filium
897 2425 1133 2465 Dominum
1161 2435 1353 2464 nostrum
1377 2423 1523 2463 Jesum
1548 2421 1667 2464 Chri·
1718 2456 1722 2460 .

233 2509 357 2538 stum.
408 2496 541 2552 Quod
572 2497 605 2538 si
637 2498 727 2553 quis
759 2501 1003 2552 reluctatur,
1037 2513 1078 2541 et
1107 2517 1194 2541 non
1224 2501 1313 2540 vult
1344 2499 1458 2549 haec,
1485 2499 1528 2555 ³)
1559 2514 1664 2554 quae

234 2574 498 2630 exponimus,
522 2575 567 2631 ⁶)
600 2575 717 2631 quasi
746 2578 1016 2634 prophetiam
1046 2577 1249 2634 recipere,
1282 2593 1481 2633 quaeram
1511 2577 1562 2617 ab
1593 2592 1659 2625 eo,

350 2734 391 2789 ¹)
414 2734 509 2785 Cfr.
541 2735 573 2775 Ι.
608 2735 706 2777 Cor,
739 2737 773 2788 I,
803 2737 870 2782 23.
992 2738 1037 2795 ²)
1067 2738 1191 2781 Jesai.
1223 2739 1320 2788 VII,
1358 2736 1423 2781 14.

347 2804 391 2860 ³)
420 2805 553 2846 Deest
585 2806 742 2857 ,‚haec“
773 2806 816 2847 in
848 2809 912 2849 ed.
945 2808 1090 2849 Ruaei.

350 2873 394 2929 ⁴)
426 2873 504 2915 Ed.
536 2875 584 2917 R.
615 2876 726 2919 sola:
760 2878 1040 2934 exposuimus·
