1759 3134
244 112 327 155 140
652 113 872 156 Omcssms
902 127 947 156 m
976 114 1269 157 Ezsscfflssmm

243 227 559 281 tempestatibus
599 224 846 281 dissipetur:
887 238 953 275 ut,
1001 243 1096 266 cum
1127 225 1319 267 flaverint
1352 226 1462 266 venti
1492 227 1664 277 diaboli,

244 302 288 342 id
320 314 403 351 est,
434 301 603 356 spiritus
633 302 825 357 pessimi,
858 319 987 359 opera
1015 315 1157 344 nostra
1188 303 1432 358 persistant,
1464 318 1567 358 quae
1598 320 1664 343 us-

245 395 324 435 que
355 380 408 419 ad
438 380 544 419 hanc
574 379 688 420 diem
716 381 1002 436 perstiterunt,
1032 380 1066 421 si
1095 392 1235 420 tamen
1265 396 1352 420 non
1377 391 1472 419 suut
1498 381 1663 420 occulte

243 458 439 506 subruta,
478 468 519 496 et
549 456 592 497 in
623 458 902 513 expeditionis
933 458 1122 499 accinctu
1148 458 1186 513 ¹)
1217 457 1530 499 manifestemus
1562 456 1665 496 cari-

242 545 372 575 tatem
401 545 599 585 nostram,
631 552 755 591 quam
786 537 986 576 habemus
1017 537 1069 576 ad
1098 536 1240 575 Deum
1270 534 1314 575 in
1344 534 1510 576 Christo
1540 535 1662 574 Jesu:

243 610 311 653 cui
340 623 402 652 est
430 612 564 665 gloria
594 624 636 653 et
664 612 892 669 imperium
922 613 964 653 in
987 613 1151 654 saecula
1180 612 1459 653 saeculorum.
1506 611 1664 653 Amen!

616 993 1106 1043 IIOMILlA
1182 994 1280 1043 Xl.

239 1118 305 1158 De
336 1135 412 1167 eo,
444 1119 560 1173 quod
590 1118 749 1158 dictum
781 1129 862 1157 est:
896 1116 993 1166 „fili
1017 1116 1059 1171 ²)
1091 1115 1296 1164 hominis,
1326 1132 1520 1170 propone
1554 1115 1664 1155 aeni-

238 1211 332 1246 gma
363 1206 403 1234 et
435 1194 501 1234 die
532 1194 777 1249 parabolam
807 1194 860 1233 ad
891 1194 1064 1233 domum
1098 1192 1247 1240 Israel,
1281 1202 1322 1231 et
1353 1190 1485 1231 dices:
1526 1192 1664 1246 aquila

573 1288 816 1324 magnarum
846 1271 1065 1319 ala1·um,“
1098 1280 1139 1309 et
1170 1279 1318 1309 cetera.

352 1398 391 1440 1.
436 1397 692 1438 Exercitatio
733 1413 986 1452 corporum,
1028 1407 1069 1436 et
1108 1395 1151 1435 in
1190 1406 1329 1435 totum
1368 1393 1663 1434 fortitudinem

238 1487 453 1531 comparat
490 1475 559 1524 iis,
600 1474 672 1531 qui
714 1485 983 1523 exercentur,
1023 1484 1064 1512 et
1092 1488 1170 1528 per
1198 1483 1337 1527 partes
1366 1487 1497 1511 unum
1530 1472 1664 1526 quod-

238 1570 317 1609 que
354 1554 595 1593 membrum
633 1568 860 1607 sensusque
892 1552 1184 1592 membrorum
1215 1548 1448 1600 vegetiores
1480 1549 1580 1589 facit
1610 1550 1662 1589 ad

236 1631 526 1671 sufferendum
558 1629 681 1685 quid,
713 1641 784 1669 aut
814 1630 867 1669 ad
897 1613 1188 1668 sentiendum:
1230 1636 1277 1665 ut
1305 1637 1408 1680 puta
1439 1627 1661 1668 oculorum

235 1707 343 1748 acies
384 1706 419 1747 si
457 1705 708 1746 exercitetur
737 1705 781 1745 in
811 1705 921 1755 visu,
961 1704 1124 1745 acutior
1162 1703 1235 1743 fiat
1257 1702 1299 1757 ³)
1329 1702 1383 1742 ad
1412 1702 1661 1744 videndum:

236 1800 354 1824 aures
393 1782 427 1823 si
465 1783 727 1837 frequentius
767 1783 960 1833 audiant,
999 1783 1152 1823 melius
1190 1790 1367 1837 possunt
1406 1796 1559 1821 vocum
1600 1797 1664 1822 ca·

236 1878 337 1918 pere
368 1860 654 1902 dissonantias.
709 1862 804 1901 Hoc
835 1873 976 1901 autem
1008 1872 1049 1901 et
1080 1860 1123 1900 in
1155 1857 1303 1900 ceteris
1333 1857 1533 1898 membris
1565 1858 1662 1899 licet

237 1940 578 1996 deprehendere,
619 1940 735 1995 quod
766 1939 807 1979 in
839 1939 983 1995 paucis
1015 1937 1287 1979 ostendimus.
1348 1936 1529 1985 Verum,
1561 1935 1662 1991 quid

235 2016 341 2057 mihi
369 2018 546 2072 prodest
577 2017 629 2056 ad
658 2016 988 2066 beatitudinem,
1029 2027 1071 2056 et
1109 2015 1162 2055 ad
1193 2013 1322 2054 vitam
1351 2012 1661 2068 sempiternam,

236 2094 271 2135 si
324 2110 477 2149 corpus
529 2093 895 2135 exercitationibus
945 2090 1200 2133 roboretur?
1274 2089 1407 2143 Quod
1452 2089 1555 2130 mihi
1601 2103 1661 2132 est

235 2172 593 2220 emolumentum,
642 2171 804 2212 etiamsi
845 2169 1076 2212 fortissimo
1119 2182 1299 2222 corpore
1340 2167 1459 2217 fiam,
1501 2167 1661 2209 etiamsi

238 2249 431 2290 omnibus
469 2249 669 2289 membris
709 2260 877 2301 vegetus
916 2244 1137 2288 incedam?
1193 2244 1229 2285 E
1269 2243 1479 2285 contrario
1519 2257 1660 2287 autem

235 2327 270 2368 si
299 2343 439 2368 sensus
470 2326 631 2367 animae
661 2327 848 2366 habuero
882 2324 1127 2365 exercitatos
1164 2324 1218 2364 ad
1247 2323 1515 2364 sentiendum
1545 2324 1660 2380 quid,

236 2406 289 2446 ad
320 2404 623 2459 discendum⁴)
657 2403 744 2444 dies
774 2415 1004 2458 noctesque
1038 2401 1299 2450 contrivero,
1330 2417 1417 2441 non
1446 2402 1586 2442 solum
1616 2401 1658 2442 in

236 2483 311 2522 hae
344 2481 427 2523 vita
458 2481 562 2522 mihi
594 2480 805 2529 conducit,
836 2481 909 2521 sed
941 2479 1067 2520 etiam
1097 2480 1366 2520 recedentem
1397 2480 1449 2519 de
1478 2495 1659 2535 corpore

237 2571 529 2615 prosequetur.
588 2558 753 2599 Idcirco
794 2557 834 2598 in
872 2557 1084 2613 parabolis
1117 2569 1158 2598 et
1188 2556 1230 2598 in
1261 2556 1562 2610 aenigmatibus
1593 2556 1657 2595 lo-

355 2729 393 2783 ¹)
424 2728 532 2769 Edd.
564 2727 759 2769 Merlini:
793 2726 1041 2768 accinctum.

352 2795 393 2854 ²)
423 2799 572 2839 Ezech.
605 2799 743 2848 XVII,
774 2798 812 2840 2.
845 2797 882 2841 3.
1003 2798 1046 2851 ³)
1077 2797 1186 2839 Edd.
1219 2795 1417 2839 Merlini:
1449 2795 1507 2836 fit.

351 2870 393 2924 ⁴)
425 2869 534 2910 Edd.
566 2869 760 2911 Merlini:
794 2869 1031 2910 dicendum.
