1759 3134
256 148 338 190 418
547 147 768 187 Ommzms
800 158 843 187 m·
876 147 1056 188 ess-wc.
1091 146 1392 189 mmmmm

256 260 379 312 elegit
410 275 484 300 nos
507 260 544 313 ¹)
576 259 618 300 in
648 259 813 305 Christo
846 272 938 300 ante
972 259 1313 301 constitutionem
1347 261 1507 310 mundi,
1537 273 1578 301 ut
1616 251 1702 302 es·-

255 355 392 379 sernus
423 337 550 378 sancti
583 349 621 377 et
652 337 908 379 immaculati
943 354 1081 379 coram
1122 338 1214 393 ipso
1253 338 1294 378 in
1328 337 1518 388 caritate,
1558 355 1676 394 prae-

254 415 462 458 destinans
492 431 568 455 nos
599 414 642 454 in
672 415 948 470 adoptionem
995 415 1193 455 filiorum.
1210 421 1232 438 ‘²
1294 415 1379 456 Sed
1420 428 1459 456 et
1489 415 1533 457 in
1562 416 1677 457 Psal-

255 494 331 533 mis
362 492 578 534 scribitur:
620 505 869 542 „memento
890 494 931 548 ²)
965 492 1297 545 congregationis
1328 505 1445 544 tuae,
1477 494 1677 545 Domine,

256 588 380 627 quam
423 571 679 622 congregasti
731 572 780 610 ab
828 570 962 611 initio.
1032 570 1173 612 Prima
1214 570 1366 611 etenim
1407 572 1678 613 fundamenta

255 648 585 701 congregationis
617 648 816 688 ecclesiae
847 648 986 688 statim
1018 650 1067 688 ab
1099 648 1220 689 initio
1251 660 1346 689 sunt
1384 650 1535 705 posita,
1567 652 1677 690 unde

255 740 296 768 et
331 727 558 784 Apostolus
591 726 772 782 dicit3),
808 726 1017 766 aedificari
1050 727 1269 768 ecclesiam
1309 743 1396 768 non
1436 727 1576 768 solum
1613 744 1680 768 su-

254 822 330 862 per
373 805 668 861 apostolorum
715 804 1036 845 fundamentum
1054 804 1117 860 4),
1167 804 1239 844 sed
1289 804 1414 845 etiam
1452 806 1680 861 propheta—

254 901 360 930 rum.
420 885 536 926 Inter
567 883 796 940 prophetas
827 894 966 923 autem
997 893 1242 923 numeratur
1273 895 1313 923 et
1344 883 1493 934 Adam,
1527 884 1678 940 quia⁵)

254 979 450 1015 magnum
482 961 729 1021 mysterium
758 960 1027 1017 prophetavit
1066 960 1107 1000 in
1138 959 1303 1001 Christo
1347 972 1386 1000 et
1416 960 1458 1002 in
1491 961 1680 1011 ecclesia,

258 1041 420 1083 dicens:
461 1041 735 1096 ,‚pr0pter5)
767 1040 849 1080 hoc
879 1038 1090 1094 relinquet
1130 1039 1260 1078 homo
1292 1050 1457 1094 patrem
1487 1056 1608 1080 suum
1640 1050 1680 1079 et

254 1131 432 1160 matrem
463 1135 603 1168 suam,
648 1128 690 1157 et
728 1116 970 1157 adhaerebit
1006 1115 1130 1155 uxori
1170 1131 1288 1165 suae,
1333 1127 1373 1157 et
1404 1128 1525 1157 erunt
1554 1118 1678 1157 ambo

254 1197 296 1238 in
330 1213 450 1238 carne
481 1202 610 1237 una.“
669 1193 902 1235 Evidenter
942 1192 1052 1233 enim
1096 1193 1147 1233 de
1185 1192 1247 1233 his
1289 1193 1409 1234 dictis
1452 1193 1537 1252 ejus
1579 1194 1681 1235 dicit

254 1274 510 1330 Apostolus,
564 1271 661 1330 quia
708 1271 988 1330 „mysterium
1016 1270 1056 1325 ⁷)
1098 1271 1180 1311 hoc
1218 1288 1415 1325 magnum
1456 1272 1520 1313 sit.
1587 1272 1677 1325 Ego

255 1364 396 1395 autem
445 1352 542 1393 dico
583 1351 627 1391 in
669 1350 836 1392 Christo
881 1361 921 1390 et
962 1349 1012 1390 ‘in
1061 1348 1283 1390 ecclesia.“
1343 1350 1428 1391 Sed
1476 1361 1518 1390 et
1565 1350 1679 1391 idem

257 1429 510 1486 Apostolus,
542 1446 675 1484 quum
704 1428 827 1471 dicit:
861 1427 954 1478 „sic
973 1427 1014 1483 ι3)
1049 1426 1159 1467 enim
1191 1427 1412 1468 ecclesiam
1444 1428 1602 1479 dildxiss
1631 1441 1679 1469 ut

253 1519 385 1549 semet
416 1507 555 1563 ipsum
586 1508 770 1548 traderet
799 1523 877 1562 pro
912 1523 971 1556 ea,
1001 1505 1261 1546 sanctificans
1293 1506 1459 1547 lavacro
1491 1513 1677 1562 aquae:“

252 1603 339 1627 uon
377 1585 524 1641 utique
565 1585 770 1634 ostendit,
817 1600 908 1625 eam
952 1583 1068 1640 prius
1107 1600 1194 1624 nou
1231 1583 1371 1625 fuisse.
1445 1582 1678 1638 Quomodo

255 1664 366 1705 enim
407 1661 621 1704 dilexisset
660 1679 773 1712 eam,
820 1678 925 1718 quae
955 1678 1042 1702 nou
1075 1661 1190 1702 erat?
1249 1662 1335 1702 Sed
1367 1677 1458 1702 eam
1487 1661 1574 1703 sine
1606 1662 1681 1702 du-

254 1742 326 1783 bio
357 1741 525 1790 dilexit,
576 1757 679 1797 quae
723 1752 820 1781 erat.
879 1740 981 1781 Erat
1021 1751 1163 1781 autem
1200 1739 1244 1779 in
1286 1739 1480 1780 omnibus
1515 1740 1680 1790 sanctis,

254 1820 327 1876 qui
357 1821 408 1860 ab
438 1818 559 1860 initio
592 1819 749 1860 saeculi
778 1820 949 1859 fuerunt
963 1818 1004 1874 ⁹)
1035 1818 1147 1859 facti.
1196 1816 1389 1870 Diligens
1418 1817 1544 1870 igitur
1573 1834 1678 1868 eam,

255 1897 368 1938 venit
409 1898 461 1938 ad
493 1913 597 1938 eam.
655 1898 712 1939 Et
742 1897 850 1939 sicut
889 1895 1131 1954 „pueri¹⁰)
1163 1895 1227 1936 sui
1259 1894 1676 1937 communicaverunt

254 1975 367 2017 carni
407 1986 448 2015 et
486 1975 698 2028 sanguini,
746 1975 939 2016 similiter
988 1985 1028 2015 et
1064 1973 1154 2029 ipse
1193 1973 1403 2030 particeps
1442 1972 1576 2012 factus
1619 1982 1679 2013 est

255 2054 547 2104 eommdem,“
587 2070 635 2095 ac
675 2065 807 2095 semet
844 2053 986 2110 ipsum
1014 2068 1093 2108 pro
1125 2051 1175 2092 iis
1206 2050 1390 2092 tradidit.
1449 2049 1538 2106 Ipsi
1568 2049 1680 2091 enim

254 2143 370 2173 erant
411 2131 609 2180 ecclesia,
659 2149 782 2188 quam
824 2131 993 2180 dilexit,
1036 2141 1084 2170 ut
1123 2146 1215 2170 eam
1259 2128 1322 2168 vel
1375 2127 1676 2168 numerositate

252 2220 443 2261 augeret,
474 2209 543 2249 vel
573 2208 800 2253 virtutibus
831 2209 1064 2256 excoleret,
1106 2207 1174 2247 vel
1203 2204 1477 2261 perfeetionis
1509 2204 1678 2245 caritate

254 2287 306 2327 de
335 2286 455 2327 terris
494 2287 742 2326 transferret
780 2287 833 2330 ad
872 2285 1052 2326 coelum.
1113 2283 1459 2325 Ministmverunt
1499 2298 1597 2334 ergo
1638 2294 1679 2323 et

250 2363 489 2420 prophetae*
514 2365 564 2404 ab
597 2362 744 2413 initio,
775 2362 1116 2404 ministraverunt
1148 2373 1189 2402 et
1219 2360 1366 2414 angeli.
1417 2359 1533 2414 Quid
1564 2358 1678 2401 enim

608 2424 637 2450 ο

369 2555 411 2608 ¹)
442 2554 575 2594 Deest
605 2560 755 2603 ‚,nos“
786 2553 827 2594 in
860 2553 955 2594 edd,
986 2553 1048 2594 M.
1170 2552 1213 2607 ²)
1242 2551 1396 2594 Psalm.
1418 2549 1612 2601 LXXIV,
1633 2549 1671 2593 2.

366 2625 408 2681 3)
442 2624 527 2665 Cfr.
559 2623 714 2680 Ephes.
747 2624 802 2670 ll,
834 2622 899 2665 20.

366 2693 407 2749 4)
437 2694 547 2734 Edd.
578 2693 641 2735 Μ.
672 2725 695 2743 ‚‚
709 2693 994 2734 fundamenta.
1008 2699 1032 2717 “

365 2764 406 2819 ⁵)
437 2763 548 2804 Edd.
577 2763 639 2814 Μ.
671 2760 830 2818 ‚.qui.“
950 2763 992 2819 ⁶)
1023 2762 1129 2804 Gen.
1161 2763 1218 2814 II,
1249 2761 1317 2805 24.

363 2831 407 2885 ⁷)
441 2832 527 2874 Cfr.
557 2831 710 2887 Ephes.
741 2831 791 2882 V,
823 2830 889 2875 32.
1010 2833 1053 2889 ³3)
1083 2832 1237 2888 Ephes.
1271 2832 1323 2881 V,
1352 2830 1420 2875 25.
1455 2830 1523 2878 26,

366 2902 406 2958 9)
438 2902 546 2945 Edd.
577 2902 638 2942 M.
671 2897 924 2951 ‚,snerant.“
1049 2904 1117 2958 Η))
1151 2903 1239 2945 Cfr.
1268 2903 1398 2945 Hebr.
1433 2903 1486 2954 Π,
1520 2903 1583 2947 14.
