1759 3134
655 133 854 176 ΗοΜῐιῙΑ
884 132 916 174 T.
1415 135 1501 180 239

81 245 160 288 tibi
192 257 253 288 est
284 247 336 288 ad
364 245 555 297 Esaiam,
584 256 631 287 ut
662 261 758 286 cum
787 245 864 286 illo
897 243 1031 286 dicas:
1061 245 1273 296 „cantabo
1295 244 1336 302 ¹)
1374 248 1503 288 canti-

85 341 182 366 cum
213 325 369 365 dilecto
387 325 429 381 ²)
463 325 607 366 vineae
637 328 798 364 meae.“
839 321 897 363 Et
928 322 1247 369 cumuniversa
1275 324 1501 376 transieris,

83 403 137 443 ad
166 402 316 443 altiora
348 403 602 452 conscende,
631 412 678 442 ut
706 398 842 456 possis
871 399 1010 441 anima
1040 400 1195 442 decora
1226 418 1322 444 cum
1343 419 1500 460 sponso

85 491 127 520 et
156 480 238 520 hoc
268 495 415 520 canere
448 480 657 521 canticum
686 476 1019 535 canticorum3).
1079 479 1166 520 Sed
1195 492 1300 535 quot
1330 497 1378 522 ex
1405 498 1502 538 per-

84 556 198 597 sonis
229 568 414 607 constet,
454 557 636 598 incertus
665 571 773 597 sum.
832 555 1062 597 orantibus
1103 567 1245 597 autem
1275 558 1418 609 vohis,
1460 571 1501 601 et

82 634 294 675 revelante
324 633 536 685 Domino,
582 643 763 690 quatuor
797 631 903 672 mihi
940 631 984 673 in
1023 632 1085 674 his
1116 633 1266 676 videor
1294 635 1500 677 invenisse

82 727 305 766 personas,
344 711 482 752 virum
513 722 555 751 et
583 725 779 766 sponsam
794 708 860 765 ⁴),
899 725 997 750 cum
1025 726 1178 766 sponsa
1206 711 1500 755 adolescentu-

82 787 164 838 las,
195 805 290 829 cum
319 805 474 845 sponso
505 787 716 829 sodalium
745 802 900 840 greges,
945 786 1044 828 Alia
1066 786 1263 829 dicuntur
1289 805 1313 830 a
1334 805 1500 846 sponsa,

79 865 162 906 alia
191 882 215 906 a
242 882 424 922 sponso,
471 866 677 907 nonnulla
706 881 728 906 a
757 864 1011 923 juvenculis,
1057 866 1264 922 quaedam
1292 883 1315 908 a
1343 867 1502 908 sodali-

79 944 158 984 bus
187 943 343 1000 sponsi.
404 943 648 996 Congruum
679 942 837 999 quippe
869 954 953 994 est,
994 954 1042 985 ut
1079 942 1124 985 in
1160 943 1317 1000 nuptiis
1357 945 1502 986 adole-

79 1021 365 1062 scentularum
405 1020 459 1062 sit
495 1020 727 1062 multitudo
779 1038 876 1062 cum
913 1037 1085 1077 sponsa,
1132 1020 1334 1079 juvenum
1378 1023 1502 1063 turba

81 1116 179 1140 cum
207 1115 380 1155 sponso.
438 1099 554 1140 Haec
586 1098 728 1140 omnia
755 1099 848 1140 noli
876 1099 981 1141 soris
1012 1115 1235 1156 quaerere,
1264 1100 1358 1141 noli
1388 1111 1502 1141 extra

82 1192 178 1227 eos,
224 1176 296 1232 qui
331 1176 648 1233 praedicatione
689 1176 893 1230 evangelii
929 1177 1077 1218 salvati
1112 1189 1220 1220 sunt.
1288 1178 1501 1222 Christum

80 1270 284 1311 sponsum
313 1253 515 1307 intellige,
547 1253 768 1295 ecclesiam
792 1270 990 1311 sponsam
1012 1254 1101 1296 sine
1119 1256 1287 1298 macula
1317 1268 1359 1298 et
1386 1273 1502 1311 ruga,

83 1333 136 1373 de
168 1349 248 1388 qua
279 1331 483 1388 scriptum
517 1344 597 1373 est:
642 1333 780 1388 ‚,ut⁵)
812 1332 1028 1374 exhiberet
1067 1333 1147 1374 sibi
1177 1334 1406 1387 gloriosam
1436 1351 1503 1377 ec·-

85 1409 255 1451 clesiam
283 1426 371 1451 non
408 1410 634 1450 habentem
662 1411 894 1461 maculam,
938 1427 1076 1466 neque
1114 1427 1281 1464 rugam,
1326 1424 1397 1454 aut
1426 1413 1502 1454 ali-

84 1486 186 1543 quid
218 1502 389 1537 eorum,
418 1488 492 1528 sed
522 1499 570 1528 ut
598 1487 651 1529 sit
680 1499 820 1529 sancta
852 1499 893 1529 et
921 1487 1230 1530 immaculata.“
1273 1489 1360 1531 Eos
1385 1507 1502 1541 verO,

19 1598 24 1602 .
84 1563 178 1620 qui,
226 1581 322 1605 cum
350 1563 432 1606 sint
471 1565 640 1617 fideles,
685 1583 773 1607 non
802 1577 898 1609 sunt
926 1577 1066 1607 tamen
1096 1566 1358 1619 istiusmodi,
1403 1585 1504 1626 qua-

82 1642 143 1684 les
158 1641 200 1699 6)
238 1659 377 1684 sermo
416 1644 630 1699 praefatus
671 1655 755 1695 est,
798 1645 874 1685 sed
917 1643 1030 1701 juxta
1076 1645 1254 1686 modum
1294 1647 1503 1702 quendam

83 1719 228 1776 adepti
257 1720 456 1761 videntur
484 1721 684 1772 salutem,
715 1721 1024 1772 animadverte,
1054 1722 1316 1764 credentium
1346 1723 1503 1767 animas

83 1809 127 1840 et
155 1797 490 1839 adolescentulas
520 1814 607 1839 esse
638 1815 734 1839 cum
763 1815 928 1854 sponsa.
980 1800 1167 1852 Angelos
1196 1818 1313 1853 vern,
1345 1792 1388 1844 et
1417 1820 1503 1857 eos,

83 1874 155 1931 qui
185 1886 468 1931 pervenerunt
506 1874 550 1916 in
589 1876 727 1917 virum
756 1878 1017 1932 perfectum,
1054 1877 1242 1931 intellige
1271 1878 1384 1922 viros
1415 1898 1502 1923 esse

83 1969 179 1994 cum
206 1968 377 2008 sponso.
438 1953 542 1994 Inde
573 1952 699 2006 igitur
727 1954 831 1994 mihi
868 1954 1065 1996 videntur
1104 1968 1284 2012 quatuor
1321 1958 1504 2011 ordines,

82 2047 212 2072 unum
244 2041 286 2071 et
314 2046 464 2080 unam,
494 2029 601 2071 duos
633 2030 785 2072 choros
803 2031 844 2089 ⁷)
874 2032 985 2074 inter
1005 2050 1049 2075 sc
1066 2033 1349 2087 concinentes,
1377 2053 1504 2093 spon-

84 2125 171 2150 sam
201 2124 348 2149 canere
390 2124 485 2149 cum
522 2106 779 2164 juvenculis,
825 2127 1024 2166 sponsam
1063 2128 1210 2153 canere
1243 2130 1339 2154 cum
1366 2114 1504 2157 sociis.

84 2186 140 2227 Et
171 2203 266 2228 cum
295 2186 377 2227 hoc
393 2185 435 2242 Β)
466 2185 750 2240 intellexeris,
780 2187 878 2230 audi
910 2189 1120 2232 canticum
1152 2190 1432 2245 canticorum,
1466 2204 1508 2235 et

202 2357 244 2415 ¹)
276 2355 401 2398 Jesai.
431 2357 484 2408 V,
515 2355 553 2402 1.

202 2427 245 2483 ²)
278 2425 348 2468 Sic
378 2427 506 2468 habet
537 2427 643 2487 Cod.
665 2428 1009 2474 Selincurtianus.
1056 2431 1192 2475 Codd.
1219 2432 1506 2477 Laudunensis

87 2500 188 2525 vero
221 2495 262 2524 et
293 2483 573 2524 Turonensis:
607 2486 900 2535 ,‚dilectum.“
958 2489 1077 2530 Libri
1107 2502 1228 2532 antea
1259 2492 1362 2534 editi
1393 2494 1452 2550 (v.
1471 2511 1504 2534 c.

89 2542 181 2582 edd.
212 2540 317 2595 M.):
352 2540 615 2589 „dilectae-‘⁴
660 2543 711 2584 R.

203 2610 245 2667 3)
272 2610 382 2651 Edd.
412 2610 496 2650 M:
530 2611 807 2655 canticorum:
840 2618 955 2672 quod
988 2635 1034 2659 ex
1065 2631 1170 2675 quot
1203 2620 1394 2676 personis
1427 2632 1505 2662 etc.

204 2681 244 2736 ⁴)
277 2680 387 2721 Edd.
417 2680 610 2722 Merlini:
644 2699 857 2739 sponsum.
980 2690 1021 2746 ⁵)
1051 2689 1206 2746 Ephes.
1237 2693 1289 2742 V,
1318 2690 1386 2735 27.

204 2751 248 2807 6)
278 2750 387 2791 Edd.
419 2749 480 2791 M.
509 2752 640 2793 male:
672 2755 818 2810 qualis.

207 2822 248 2877 ⁷)
279 2820 388 2861 Edd.
421 2821 482 2862 M.
514 2822 641 2863 male:
674 2825 820 2868 thoros
849 2826 959 2870 inter
988 2846 1030 2871 se
1063 2830 1337 2872 continentes.

205 2890 248 2945 ⁸)
280 2890 413 2932 Deest.
444 2893 595 2943 ,‚hoc“
627 2894 669 2935 in
701 2896 782 2936 edd
826 2897 890 2938 M.
