1759 3134
643 151 839 193 HommA
869 151 938 190 VI.
1450 153 1500 196 81

82 261 326 303 necessitate
357 261 670 317 adspirationis,
700 263 772 302 sed
803 262 845 301 in
876 261 1089 300 voluntate
1122 261 1319 311 dicentis,
1348 262 1500 304 Domi-

80 355 158 379 nus
187 338 351 394 posuit,
389 350 434 379 ut
465 339 757 379 testificaretur
785 338 837 377 ad
866 338 1099 377 Jerusalem
1130 337 1367 394 iniquitates
1399 340 1499 398 ejus,

85 426 124 455 et
165 415 240 455 ait:
280 415 428 464 „dices
457 416 541 469 ¹).“
600 414 717 468 Quid
749 414 889 455 dices?
947 415 1082 464 Haec,
1122 431 1226 470 quae
1257 429 1497 472 sequuntur.

83 492 131 531 In
171 491 379 546 propheta
421 503 527 541 erat,
571 491 784 531 audiente:
832 489 979 539 „dices
1005 491 1107 544 2):“
1145 502 1287 531 utrum
1328 494 1499 544 diceret,

78 583 156 607 nec
193 583 270 617 ne,
316 570 534 623 quomodo
581 567 660 608 suit
699 567 886 622 positum
925 567 967 606 in
1007 568 1130 608 Jona.
1204 568 1252 608 In
1289 581 1498 623 potestate

79 643 235 699 quippe
269 643 355 701 ejus
387 656 486 694 erat,
518 644 740 685 audientis:
773 643 869 693 „dic
888 644 992 699 3):“
1023 645 1192 693 „adhuc
1208 645 1250 700 ⁴)
1280 657 1364 686 tres
1396 647 1497 697 dies,

81 731 122 760 et
158 720 311 761 Ninive
349 723 669 761 subvertetur:“
707 721 739 760 si
780 721 880 760 velit
919 721 1080 769 dicere,
1124 722 1190 762 vel
1230 734 1382 764 tacere.
1441 724 1497 764 Et

81 798 178 853 quia
205 798 248 838 in
279 797 453 838 arbitrio
488 797 574 852 ejus
605 797 793 852 positum
824 809 931 847 erat,
963 810 1003 837 et
1033 799 1171 838 noluit
1201 799 1354 851 dicere,
1385 801 1496 851 vide,

78 886 231 929 quanta
268 891 365 915 eum
403 886 497 914 sunt
538 886 759 914 consecuta
795 886 962 928 postea:
1010 876 1248 931 periclitata
1284 890 1346 918 est
1382 879 1498 920 navis

76 963 253 1006 propter
292 968 409 1001 eum,
447 962 558 991 sorte
599 964 788 1007 repertus
830 963 891 991 est
929 952 1081 1002 latens,
1125 966 1238 994 cetus
1263 952 1497 996 'devoravit

76 1027 296 1085 abjectum.
355 1029 412 1069 Hi
443 1045 540 1081 ergo
572 1029 826 1085 prophetae,
853 1028 1090 1084 quicunque
1119 1042 1219 1086 post
1245 1032 1400 1073 Jonam
1428 1034 1495 1073 fu-

76 1117 217 1156 erunt,
258 1106 568 1147 considerantes
605 1105 781 1146 forsitan
821 1121 885 1155 ea,
926 1122 1031 1161 quae
1070 1119 1275 1147 venerunt
1304 1107 1365 1158 ei,
1406 1109 1492 1149 sive

74 1183 165 1224 aliis
195 1184 428 1239 prophetis,
460 1184 659 1224 videbant
689 1182 886 1237 quoniam
913 1198 959 1222 ex
986 1183 1101 1223 omni
1130 1196 1248 1238 parte
1278 1186 1489 1236 angustiae

74 1260 123 1300 iis
160 1260 454 1301 imminebant:
496 1260 726 1300 secundum
765 1259 980 1299 saeculum
1009 1260 1274 1314 persecutio,
1312 1261 1345 1302 si
1377 1263 1489 1303 dice-

72 1349 166 1377 rent
205 1354 323 1377 vera:
354 1338 595 1377 ‘secundum
625 1335 861 1376 Dominum
901 1336 1081 1384 offensa,
1123 1337 1155 1375 si
1195 1337 1388 1379 timentes
1418 1340 1494 1380 ho—

72 1414 204 1455 mines
234 1415 474 1469 proferrent
504 1414 607 1453 falsa
635 1421 715 1468 pro
747 1412 868 1452 veris.

186 1489 224 1532 3.
271 1489 437 1530 Idcirco
470 1489 713 1530 testificatus
745 1501 806 1530 est
832 1489 1043 1537 Ezechiel,
1076 1501 1116 1529 et
1144 1502 1265 1532 notas
1294 1492 1396 1532 fecit
1423 1494 1495 1534 Je-

69 1567 250 1608 rusalem
280 1566 519 1622 iniquitates
550 1565 650 1623 ejus,
682 1578 729 1608 etx
754 1565 876 1606 dixit:
907 1566 1035 1615 „haec
1054 1568 1096 1619 ⁵)
1129 1567 1231 1608 dicit
1259 1569 1489 1609 Dominus:

70 1644 186 1685 radix
221 1656 293 1685 tua
332 1655 373 1684 et
412 1643 623 1695 generatio
655 1655 727 1683 tua
758 1644 809 1683 de
838 1654 948 1683 terra
979 1643 1186 1684 Chanaam
1243 1645 1370 1685 Pater
1397 1657 1492 1686 tuus

72 1722 375 1771 Amorrhaeus,
419 1733 459 1761 et
497 1732 632 1760 mater
669 1732 739 1760 tua
771 1720 968 1761 Cethea.“
1029 1719 1150 1773 Quae
1190 1720 1404 1761 civitatum
1433 1722 1492 1762 sic

71 1798 153 1838 fuit
191 1799 370 1849 elevata,
413 1809 454 1837 et
489 1798 621 1838 altum
657 1795 793 1851 sapuit
830 1795 874 1836 in
910 1798 1069 1837 mundo
1108 1809 1156 1837 ut
1196 1797 1337 1839 civitas
1379 1799 1493 1840 Dei?

71 1876 128 1915 Et
154 1886 297 1915 tamen
324 1875 426 1914 haec
455 1875 544 1929 ipsa
575 1874 656 1914 sihi
684 1889 832 1924 magna
860 1874 1125 1929 promittens,
1157 1875 1273 1929 quasi
1297 1876 1489 1930 proxima

71 1952 176 2002 Dei,
223 1964 264 1992 et
303 1951 445 1992 civitas
491 1951 600 2009 ejus,
647 1950 742 2006 quia
787 1950 998 2004 peccavit,
1043 1950 1229 2002 arguitur
1264 1967 1287 1991 a
1328 1952 1492 2007 Spiritu

71 2040 236 2078 sanct0,
273 2039 322 2068 ut
360 2029 539 2080 degener
578 2039 618 2068 et
657 2040 860 2068 extranea.
919 2027 1047 2067 Pater
1076 2027 1186 2067 enim
1221 2027 1307 2085 ejus
1337 2031 1492 2069 Amor-

71 2107 240 2156 rhaeus,
279 2105 364 2163 jam
391 2123 479 2146 non
507 2106 638 2146 Deus.
700 2103 916 2157 Quamdiu
938 2104 980 2158 ⁶)
1010 2119 1094 2143 non
1125 2105 1335 2159 peccavit,
1375 2118 1495 2162 pater

76 2184 163 2242 ejus
195 2195 282 2224 erat
309 2184 448 2234 Deus3
492 2183 657 2238 quando
689 2197 790 2222 vero
820 2180 1032 2236 peccavit,
1072 2194 1192 2237 pater
1223 2182 1309 2240 ejus
1339 2185 1490 2224 Amor-

72 2261 220 2301 rhaeus
248 2262 381 2301 factus
415 2272 486 2301 est.
537 2258 752 2313 Quamdiu
781 2273 867 2298 non
896 2259 1100 2313 peccavit,
1129 2272 1249 2315 pater
1280 2259 1366 2317 ejus
1398 2261 1495 2317 Spi-

73 2338 175 2378 ritus
212 2349 374 2379 sanctus
414 2336 518 2385 fuit,
565 2337 730 2392 quando
776 2335 988 2390 peccavit,
1031 2348 1165 2376 mater
1211 2336 1298 2392 ejus
1338 2338 1495 2380 Cethea

194 2517 233 2570 ¹)
265 2516 416 2557 Ezech.
444 2517 561 2568 XVI,
592 2517 630 2562 3.
752 2520 794 2572 2)
825 2518 976 2559 Ezech.
1006 2518 1123 2567 XVI,
1152 2517 1190 2561 3.

186 2585 230 2641 ³)
268 2585 353 2627 Cfr.
385 2587 482 2627 Jon.
515 2588 594 2638 III,
625 2588 662 2631 2.
781 2588 824 2645 ⁴²)
854 2589 951 2629 Jon.
983 2589 1061 2638 III,
1093 2589 1130 2630 4.

191 2654 232 2709 ⁵)
261 2653 412 2698 Ezech.
444 2656 559 2707 XVI,
580 2656 618 2701 3.
650 2681 699 2687 —-
731 2658 840 2699 Edd.
867 2660 928 2700 M.
958 2670 1216 2700 constanter:
1249 2660 1490 2699 Amorreus.

191 2724 233 2780 ⁶)
263 2725 313 2765 R.
345 2724 388 2765 in
417 2725 551 2766 notis:
586 2726 765 2768 Catenae
792 2729 894 2769 RIss.
955 2727 1045 2785 „‘H
1070 2727 1385 2785 Ἰερουσαλὴμ,
1419 2727 1487 2771 ὅτε

74 2797 152 2838 τοῦ
183 2797 294 2838 9εοῦ
328 2787 384 2849 ἦν
415 2793 564 2844 πόλις
605 2798 731 2853 ὅίζαν
768 2801 844 2841 καὶ
883 2802 1016 2856 γένος
1049 2795 1169 2856 εἶχεν
1200 2801 1245 2849 ἐξ
1271 2797 1489 2874 Ἀ3οαὰμ,

76 2866 240 2919 ἔχουσα
273 2869 442 2923 πατὲοα
474 2864 552 2910 τὸν
582 2865 714 2920 θεὸν,
748 2870 824 2910 καὶ
853 2886 1024 2928 μητερα
1053 2868 1134 2923 τὴν
1158 2868 1346 2927 2(ἒοιν.“

77 2941 294 2985 ORJGEle
315 2943 483 2984 ΟΡΕᾺΒΑ
531 2943 649 2985 ΤΟΜ.
670 2943 782 2984 XIV.
1161 2946 1188 2984 ὃ
