1759 3134
257 99 314 142 48
665 104 884 145 Omossms
915 116 959 144 m
988 103 1281 146 Ezecnmmzm

257 218 382 268 calla,
418 218 451 258 si
490 233 575 257 non
616 216 822 257 velamina
860 215 1100 272 disrumpo,
1141 232 1226 257 non
1257 217 1536 269 cognoscetis,
1576 218 1671 273 quia

256 313 332 348 ego
372 294 597 337 Dominus,
662 293 853 334 Deliciae
893 293 1072 350 quippe,
1112 305 1152 334 et
1191 294 1346 343 otium,
1391 306 1431 334 et
1467 295 1670 335 resolutio

254 390 339 413 non
371 372 510 413 sinunt
541 370 736 424 cognosci
768 388 884 419 eum,
918 372 987 427 qui
1017 371 1140 411 dicit:
1173 370 1300 423 „Ego
1330 371 1368 427 ¹)
1399 388 1490 411 sum
1519 372 1672 412 Domi-

253 467 342 491 nus.
410 450 495 490 Pro
537 465 610 499 eo,
650 449 765 504 quod
804 448 1006 489 evertistis
1049 465 1122 488 cor
1158 447 1255 504 justi
1294 447 1484 503 inique.“
1552 448 1671 502 Quo-

251 527 382 567 modo
424 527 465 567 in
496 527 594 567 loco
626 526 840 578 signorum
871 525 1029 566 dictum
1062 537 1145 574 est,
1183 525 1278 581 quia
1307 525 1518 581 decipiant
1547 526 1671 566 etiam

252 605 410 645 electos
439 604 543 654 Dei,
582 604 640 645 sic
673 605 812 644 evenit
848 619 992 658 saepe,
1031 615 1078 643 ut
1108 603 1238 660 justos
1270 619 1440 659 quoque
1470 603 1669 644 haeretici

249 682 533 737 supplantent.
593 683 748 721 Amant
781 680 891 721 enim
921 680 1112 720 homines
1145 680 1429 735 voluptatem:
1463 681 1558 736 quia
1588 693 1669 722 sta·

248 758 349 807 tim,
380 769 426 797 ut
456 758 717 813 apparuerit,
749 757 974 813 tranquilla
1007 769 1088 807 est,
1118 769 1158 797 et
1189 757 1351 807 lasciva,
1384 769 1425 798 et
1456 758 1665 798 delectans

248 851 436 884 sensum,
476 846 517 874 et
546 851 781 890 provocans
810 852 885 875 nos
917 836 969 875 ad
997 853 1119 876 usum
1149 835 1224 875 sui.
1284 835 1486 887 Fugimus
1516 852 1665 884 amara,

247 912 347 953 lieet
377 912 571 953 salutaria
600 913 694 962 sint,
725 923 765 952 et
795 913 992 952 nolumus
1023 913 1213 952 laborare
1243 912 1529 968 voluptatibus
1562 913 1667 953 deli-

244 989 343 1039 niti,
380 989 634 1039 nescientes,
675 989 771 1045 quia
810 990 1071 1046 impossibile
1114 1002 1174 1030 est
1213 991 1396 1030 eundem
1431 1002 1663 1031 amatorem

245 1082 332 1106 esse
361 1067 458 1108 Dei.
518 1068 702 1122 Propter
741 1069 856 1122 quod
884 1068 1117 1123 Apostolus
1148 1066 1206 1108 ait
1236 1068 1287 1107 de
1319 1067 1529 1123 pessimis,
1568 1069 1664 1124 quia

242 1142 323 1183 sint
354 1154 597 1192 „amatores
621 1144 662 1198 ²)
694 1144 922 1199 voluptatis
952 1145 1081 1197 magis
1112 1161 1236 1200 quam
1265 1157 1471 1186 amatores
1500 1146 1627 1186 Dei.“

355 1219 392 1262 6.
454 1219 545 1269 „Et
565 1220 607 1276 ³)
651 1236 726 1272 ego
766 1237 851 1260 non
890 1223 1130 1262 avertebam
1167 1223 1219 1262 ad
1249 1223 1545 1263 confortandas
1575 1238 1662 1263 ma-

239 1313 315 1337 nus
355 1296 640 1352 iniquorum.“
697 1297 786 1349 Ego
827 1314 913 1338 non
954 1300 1213 1348 avertebam,
1250 1299 1324 1339 sed
1356 1298 1516 1349 omnia,
1556 1316 1660 1356 quae

240 1385 355 1414 erant
385 1374 699 1424 aedificationis,
731 1374 1034 1430 dispensabam.
1092 1376 1200 1416 Istae
1240 1392 1340 1416 vero
1371 1377 1659 1432 prophetissae

240 1451 506 1492 effeminatae
555 1450 716 1492 animae
763 1453 1006 1492 avertebant
1053 1453 1106 1493 ad
1162 1453 1457 1494 confortandas
1511 1471 1657 1494 manus

238 1527 393 1583 iniqui,
442 1528 524 1569 hoc
556 1540 635 1578 est,
683 1540 731 1568 ut
774 1529 930 1569 fortior
973 1546 1119 1570 manus
1156 1530 1376 1586 iniquitate
1414 1531 1556 1581 fieret,
1605 1547 1657 1571 ne

239 1605 414 1645 omnino
440 1617 698 1646 averteretur
717 1607 768 1646 de
789 1606 854 1646 via
873 1623 946 1648 sua
974 1608 1096 1657 mala,
1128 1618 1169 1648 et
1198 1607 1492 1658 vivificaretur,
1521 1607 1565 1648 id
1596 1619 1657 1648 est

234 1682 376 1722 nullus
413 1683 581 1738 penitus
623 1695 939 1724 converteretur
976 1700 998 1724 a
1036 1684 1103 1724 via
1137 1699 1210 1724 sua
1238 1683 1440 1740 pessima,
1482 1696 1523 1725 et
1553 1684 1656 1725 vivi-

233 1760 440 1800 ficaretur.
501 1761 772 1816 „Propterea
794 1761 835 1816 ⁴)
874 1761 976 1801 falsa
1005 1777 1092 1801 non
1127 1760 1343 1811 videbitis,
1384 1761 1456 1817 qui
1493 1763 1654 1805 docetis

232 1837 376 1877 salsa.“
434 1839 529 1878 Jam
567 1854 641 1878 vos
679 1855 767 1878 non
804 1837 955 1878 faciam
991 1838 1103 1878 ultra
1141 1850 1293 1879 conatu
1321 1855 1528 1895 prospero
1559 1856 1654 1896 per-

233 1930 349 1966 gere,
387 1926 434 1955 ut
472 1914 640 1970 possitis
678 1914 909 1963 insinuare,
949 1930 1054 1970 quae
1084 1914 1235 1955 dicitis.
1295 1916 1396 1965 „Et
1419 1918 1460 1970 ⁵)
1495 1917 1654 1959 divina-

230 1991 367 2032 tiones
393 2008 480 2032 non
505 1991 745 2032 divinabitis
770 1991 972 2046 amplius:
1004 2002 1044 2030 et
1067 1991 1256 2031 liberabo
1280 1993 1492 2048 populum
1508 2010 1652 2036 meum

233 2069 284 2108 de
321 2085 448 2109 manu
487 2074 664 2110 vestra.“
734 2070 933 2118 Oramus,
971 2079 1019 2107 ut
1058 2080 1098 2108 et
1136 2085 1212 2109 nos
1251 2068 1404 2110 liberet
1441 2071 1558 2112 Deus
1599 2074 1650 2114 de

230 2162 356 2186 manu
394 2145 543 2186 talium
580 2145 896 2198 magistrorum,
933 2145 1009 2200 ‘qui
1037 2145 1280 2201 ubicunque
1309 2147 1466 2188 fuerint
1495 2150 1548 2190 ad
1577 2167 1651 2190 vo-

229 2224 410 2278 luptates
440 2223 699 2263 audientium
731 2223 965 2278 loquentes,
994 2222 1190 2263 scindunt
1217 2240 1264 2265 ae
1295 2224 1486 2265 dividunt
1518 2227 1653 2267 eccle-

229 2300 356 2351 siam,
388 2297 483 2355 quia
511 2301 654 2356 plures
684 2312 780 2341 sunt
809 2300 938 2352 magis
968 2312 1174 2342 amatores
1204 2301 1492 2357 voluptatum,
1524 2320 1649 2359 quam

230 2389 435 2419 amatores
464 2377 561 2418 Dei.
632 2377 722 2428 „Et
747 2378 789 2434 6)
828 2378 986 2430 scietis,
1032 2378 1128 2434 quia
1167 2394 1242 2431 ego
1281 2379 1534 2420 Dominus.“
1601 2380 1648 2422 Si

346 2615 385 2668 ¹)
417 2614 568 2655 Ezech.
586 2616 707 2666 XIII,
724 2616 793 2659 21.
809 2615 877 2660 22.
898 2640 949 2647 —
968 2616 1076 2658 Edd.
1094 2617 1154 2658 M.
1175 2633 1420 2673 perperam:
1447 2616 1643 2658 evertisti.

343 2684 387 2740 ²)
417 2685 461 2725 II
476 2684 587 2726 Tim.
618 2686 698 2736 III,
727 2686 766 2728 4.
884 2686 927 2740 3)
955 2687 1107 2728 Ezech.
1138 2686 1259 2737 XIII,
1289 2686 1356 2730 22.

345 2752 387 2809 ⁴)
420 2754 506 2795 Cfr.
530 2754 682 2796 Ezech.
713 2756 834 2806 XIII,
867 2755 933 2801 23.
1055 2758 1097 2813 5)
1131 2757 1282 2798 Ezech.
1311 2756 1435 2807 XIII,
1463 2754 1530 2800 23.

344 2824 387 2879 ⁶)
416 2823 567 2866 Ezech.
597 2826 719 2876 XIII,
748 2825 817 2871 23.
1211 2858 1215 2860 Ἴ

1755 2686 1758 2762 1

1755 2770 1757 2808 ⁴
