1759 3134
630 142 674 170 m
705 128 1006 170 EzEcfflELEm.
1455 129 1536 172 199

108 237 451 296 ἐπιλεξάμενος·
514 237 625 299 ὅπερ
677 235 938 283 ἀκόλουθόν
998 239 1088 282 ἐστι
1147 241 1208 294 τῷ
1233 253 1240 261 ·
1296 239 1455 293 ,,ἔγνω
1484 241 1528 294 ¹)

108 314 260 373 κύριος
302 314 404 364 τοὺς
452 310 583 364 ὄντας
632 315 791 358 αὐτοῦ·
815 315 844 363 “,
898 313 1068 369 ,,διὰ’“’)
1118 318 1250 358 τοῦτο
1302 314 1525 370 ἐκδικήσω

107 392 177 451 ἐφ’
200 391 353 448 ὑμᾶςκ
382 390 440 440 ὡς
470 391 628 450 ἐμούς·
650 415 700 422 -
730 395 807 435 καὶ
827 388 904 441 οὓς
928 393 1077 448 ἔγνων
1105 390 1193 448 ἐγώ
1215 391 1452 448 εὐεργετῶ·
1471 417 1521 423 -

106 467 293 528 „mione
321 467 398 518 τὰς
428 467 650 528 ἁμαρτίας
678 467 860 524 ὑμῶν.“
926 472 1019 511 Καὶ
1058 466 1116 516 ὠς
1147 467 1170 511 ὁ
1203 467 1338 518 καλός
1366 486 1418 526 γε
1448 474 1523 512 ἰα-

104 545 205 603 τρός
235 560 347 603 φησι
376 544 450 589 τό·
483 547 630 602 ,,οὐ3)
661 551 863 604 φείσεται
897 544 919 589 ὁ
952 541 1196 602 ὀφθαλμός
1224 561 1316 600 μου
1347 548 1423 589 ἐπὶ
1449 551 1521 590 σέ·

104 623 198 666 οὐδ’
241 623 292 666 οὐ
334 621 397 678 μὴ
429 621 643 678 ἒ).εήσω.“’
708 621 783 671 Ὡς
812 622 902 679 γὰρ
935 621 956 666 ὁ
993 620 1268 679 ᾳειδόμενος
1297 625 1387 665 τῶν
1416 628 1521 678 μεί-

101 704 225 751 ζονος
256 703 396 758 τομῆς
424 703 500 743 καὶ
530 705 770 757 καυτηρίου
802 701 1035 757 δεομένων
1063 697 1236 756 ἰατρὸς,
1278 703 1355 742 καὶ
1386 702 1524 743 ἐλεῶν

100 776 263 827 αὐτοὺς
307 778 551 835 δεομένους
585 777 807 835 μειζόνων
834 775 1050 832 βασάνων
1089 780 1166 820 καὶ
1194 776 1367 832 πόνων,
1400 779 1521 820 ἐλλι-

97 859 320 913 πεστέραν
350 852 574 912 προσάγει
602 859 868 912 θεραπείαν,
903 852 1042 903 οὕτως
1065 851 1123 897 ἂν
1143 855 1358 909 ἐποίησεν
1391 854 1412 897 ὁ
1445 858 1520 898 λέ-

96 945 215 987 γων·
247 932 392 988 ,,οὐ4)
427 936 632 989 φείσεται
664 931 686 976 ὁ
715 929 959 990 ὀφθαλμός
990 948 1082 989 μου
1113 933 1190 975 ἐπὶ
1220 933 1284 987 σὲ,
1319 931 1424 975 οὐδὲ
1455 930 1518 989 μὴ

96 1006 330 1063 ἕλεήσω·“
377 1013 502 1064 εἴπερ
548 1007 606 1058 ὡς
649 1009 824 1066 ἑταῖρος
866 1006 1050 1063 ἓκήδετο
1097 1012 1175 1052 καὶ
1219 1010 1345 1053 ἐλεεῖ.
1425 1009 1521 1064 Τὴν

94 1083 206 1130 ὁδὸν
236 1079 317 1129 οὖν
347 1085 538 1130 ἑκάστου
568 1085 633 1129 ἐπ)
669 1084 808 1129 αὐτὸν
838 1084 998 1141 δώσει,
1030 1090 1107 1129 καὶ
1140 1085 1195 1129 τὰ
1224 1085 1519 1144 βδελύγματα

91 1166 169 1207 τοῦ
209 1162 429 1217 βδελικτα
467 1161 798 1221 ἡμαρτηκότος,
842 1165 892 1206 ἓν
927 1167 1052 1220 μέσῳ
1093 1167 1172 1207 τοῦ
1210 1162 1519 1222 ἡιιαρτηκότος

94 1241 217 1284 ἔσται
258 1244 398 1285 οἱονεὶ
436 1238 782 1295 κατανοούμενα
819 1242 896 1282 καὶ
924 1243 978 1294 β)
984 1237 1186 1296 επόμενα
1217 1245 1295 1284 καὶ
1326 1258 1517 1298 καταγι-

92 1318 384 1375 νωσκόμενα,
424 1321 510 1361 ι’να
538 1334 653 1374 μετα
690 1320 829 1360 ταῦτα
867 1321 1042 1373 γνῶσιν
1082 1319 1230 1372 οὑτοι,
1263 1323 1367 1377 περὶ
1397 1320 1462 1361 ὠν
1492 1316 1514 1362 ὁ

88 1392 244 1452 λόγος,
287 1393 402 1438 διότι
441 1394 595 1452 κύριος
630 1393 804 1453 κύριος,
845 1397 922 1436 καὶ
951 1397 1048 1443 πῶς
1079 1395 1170 1436 ἔστι
1201 1392 1364 1452 κύριος.
1425 1398 1517 1438 Καὶ

90 1473 141 1515 ἐν
177 1472 238 1528 τῷ
275 1472 408 1526 Ὠσηὲ
441 1473 496 1515 δέ
531 1484 700 1529 φησιν·
740 1468 997 1526 ,,ἒκδικήσω
1016 1470 1060 1526 ⁵)
1101 1469 1180 1514 τὸν
1213 1470 1371 1527 Ἰακώβ
1401 1471 1514 1515 κατὰ

90 1548 168 1597 τὰς
199 1546 334 1598 ὁδοὺς
363 1547 516 1604 αὐτοῦ,
551 1552 627 1592 καὶ
656 1546 769 1591 κατὰ
797 1547 852 1592 τὰ
886 1546 1224 1603 ἐπιτηδεύματα
1256 1548 1395 1592 αὐτοῦ
1427 1548 1511 1591 (ἰν-

89 1624 341 1669 ταποδώσω
363 1625 509 1682 αὐτῶ·
499 1627 555 1650 ·“
585 1624 635 1669 τὸ
659 1623 824 1683 ὅμοιον
844 1626 977 1670 κάκεῖ
999 1627 1050 1669 ἐν
1073 1628 1159 1682 τῷ·
1194 1623 1512 1680 ,,ἒκδικήσω·“

87 1704 238 1758 δηλῶν
270 1701 292 1746 ὁ
323 1701 472 1759 λόγος.

145 1828 147 1830 ,
198 1784 384 1835 ,,Κακία
401 1779 447 1835 ⁶)
477 1783 576 1835 μία,
607 1783 743 1822 κακία
773 1778 875 1822 ἰδοὺ
907 1776 1145 1833 πάρεστι.“

1187 1782 1369 1822 Κακίαν
1397 1783 1512 1835 μίαν

84 1855 387 1915 προαγορεύει
418 1854 440 1900 ὁ
472 1854 722 1916 προφήτης,
754 1857 804 1900 ἐν
832 1848 858 1916 ᾗ
882 1855 932 1899 τὸ
957 1859 1097 1915 πέρας
1121 1853 1247 1909 ἥκειν
1268 1858 1398 1914 φησὶ,
1428 1854 1511 1911 τὴν

86 1933 425 1977 τῶνἸουδαίων
448 1932 562 1976 κατὰ
580 1936 782 1993 Χριστοῦ
811 1930 1008 1989 τόλμαν·
1043 1931 1285 1988 ,,πλοκὴν“
1316 1933 1371 1976 δέ
1394 1947 1508 1990 φησι

83 2011 166 2066 τὴν
207 2009 530 2067 ἀναπλήρωσιν
567 2013 657 2055 τῶν
695 2008 1044 2071 ἁμαρτημάτων.
1126 2008 1286 2066 Τούτῳ
1325 2008 1414 2068 γὰρ
1443 2013 1506 2067 τῷ

86 2086 207 2145 λόγῳ
243 2091 320 2131 καὶ
352 2091 394 2132 οἱ
419 2087 682 2149 Ἀμοῤῥαῖοι
707 2084 1128 2143 ἑξωλοθρεύθησαν,
1161 2085 1270 2130 ὅταν
1299 2085 1508 2147 ἐπληρώ-

83 2171 235 2220 θησαν
262 2168 310 2208 αἱ
335 2163 566 2223 ἁμαρτίαι.
613 2170 707 2209 Καὶ
733 2165 842 2210 ὅταν
871 2167 925 2210 δέ
953 2182 1017 2214 τις
1040 2162 1320 2223 ἁμαρτάνων
1342 2164 1505 2220 πολλὰ,

85 2243 134 2286 ἕν
172 2260 214 2286 τι
252 2240 316 2299 μὴ
357 2240 617 2305 ἁμαρτήσῃ,
658 2242 773 2288 διότι
803 2246 879 2298 τῆς
915 2247 1240 2302 μακροθυμίας
1284 2241 1505 2286 ἀπολαύει

84 2323 161 2363 τοῦ
191 2324 318 2375 θεοῦ,
351 2318 432 2364 ἐὰν
461 2318 574 2378 μετὰ
604 2323 742 2364 ταῦτα
773 2320 980 2370 κάκεῖνος
1009 2318 1250 2380 προσθήσῃ
1282 2319 1330 2363 τὸ
1350 2318 1504 2377 ἁμάρ-

84 2413 203 2453 τημα
232 2402 324 2445 τοῖς
352 2402 792 2457 προημαρτημένοις,
823 2396 1004 2447 εἰκότως
1032 2401 1213 2454 λεχθείη
1241 2394 1299 2441 ἂν
1325 2397 1390 2441 ἐπ’
1417 2397 1501 2439 αὐ-

202 2578 239 2632 Ι)
272 2576 358 2617 Cfr.
388 2577 485 2617 Job.
514 2577 714 2629 XXXIV,
741 2579 809 2622 24.
837 2596 925 2636 sqq.

200 2648 243 2703 2)
275 2649 419 2687 Amos.
451 2647 530 2697 III,
559 2646 597 2689 2.
719 2650 762 2704 ³)
794 2650 878 2692 Cfr.
910 2651 1061 2692 Ezech.
1094 2652 1190 2700 Vll,
1222 2651 1260 2693 4.

201 2719 243 2772 ⁴)
277 2717 362 2758 Cfr.
394 2717 545 2757 Ezech.
577 2718 673 2769 Vll,
702 2718 741 2761 4.
774 2721 874 2761 coll.
904 2738 995 2778 pag.
1030 2721 1113 2779 huj.
1145 2733 1232 2763 not.
1264 2720 1301 2765 3-

199 2788 240 2843 ⁵)
274 2787 358 2828 Cfr.
391 2787 492 2827 Hos.
524 2788 597 2840 IV,
627 2786 667 2838 9,

202 2858 244 2912 6)
278 2856 363 2899 Cfr.
395 2858 544 2899 Ezech.
576 2858 673 2907 VII,
705 2858 768 2902 10.
802 2860 900 2902 coll.
933 2861 970 2904 5.
1001 2860 1040 2904 6.
1073 2861 1108 2903 7.
