1738 3134
664 137 862 179 HOMILIA
893 136 924 177 Ι.
1448 134 1499 178 31

85 254 206 295 titam
235 252 416 294 animam
446 250 669 302 significet,
712 247 764 287 de
802 263 886 302 qua
925 246 1051 287 etiam
1081 246 1262 287 aliorum
1292 246 1504 302 opinioni-

85 332 162 371 bus
204 329 503 385 disputandum
542 337 624 375 est,
666 335 714 364 ut
762 323 924 364 animae
969 323 1200 379 tripartitae
1241 323 1321 364 alia
1359 335 1503 379 quarta

86 407 294 447 fortitudo
332 405 578 461 praesideat.
650 400 771 455 Quae
811 413 871 441 est
911 400 1137 455 tripartitio
1176 400 1366 442 animae?
1420 400 1504 440 Per

85 482 302 523 hominem
340 481 545 522 rationale
585 477 671 535 ejus
703 477 932 527 indicatur,
972 494 1050 532 per
1077 478 1247 517 leonem
1276 477 1504 525 iracundia,

85 577 164 616 per
193 559 372 599 vitulum
408 554 756 611 concupiscentia.
818 553 999 609 Spiritus
1029 570 1151 604 vero,
1193 553 1265 609 qui
1293 553 1505 608 praesidet

86 637 139 676 ad
169 635 465 683 auxiliandum,
495 649 581 673 non
611 643 673 672 est
703 647 725 671 a
757 630 923 679 dextris,
953 642 1000 670 ut
1031 631 1175 680 homo,
1207 630 1273 670 vel
1297 630 1387 669 leo:
1418 646 1504 669 non

87 724 148 753 est
177 729 200 753 a
229 711 415 761 sinistris,
444 722 491 750 ut
520 709 697 749 vitulus:
729 709 802 748 sed
828 725 954 763 super
979 724 1123 748 omnes
1149 719 1231 748 tres
1255 707 1381 747 facies
1405 722 1504 746 con-

85 789 203 829 sistit.
277 788 432 843 Aquila
471 786 628 842 quippe
666 785 709 825 in
751 785 835 825 alio
878 785 975 825 loco
1017 796 1302 839 nuncupatur,
1347 794 1393 823 ut
1428 798 1505 837 per

84 865 268 921 aquilam
298 863 491 920 spiritum
521 862 829 918 praesidentem
854 862 1013 912 animae
1040 861 1255 914 significet.
1299 859 1506 915 Spiritum

85 953 228 982 autem
256 940 438 980 hominis
470 940 580 989 dico,
617 939 687 995 qui
717 939 758 979 in
791 956 841 979 eo
874 951 946 980 est.
1010 940 1146 994 Atque
1176 938 1233 978 ita
1261 936 1400 976 omnia
1431 937 1506 975 du-

86 1028 238 1058 cuntur
265 1028 371 1057 nutu
399 1016 504 1067 Dei,
547 1017 764 1067 coelestia,
799 1016 1031 1066 terrestria,
1071 1027 1113 1056 et
1143 1015 1325 1063 inferna,
1366 1025 1407 1053 et
1446 1029 1506 1062 ea,

86 1110 191 1150 quae
222 1109 349 1149 super
379 1094 521 1134 coelos
551 1105 665 1134 sunt:
700 1105 741 1134 et
771 1094 980 1134 efficimur
1002 1110 1078 1133 nos
1098 1108 1242 1132 omnes
1263 1090 1505 1140 Cherubim,

87 1187 192 1227 quae
223 1172 299 1211 sub
329 1171 508 1226 pedibus
526 1170 612 1211 Dei
637 1182 755 1220 sunt,
795 1171 945 1226 quibus
978 1169 1222 1227 conjunctae
1252 1180 1346 1208 sunt
1375 1178 1506 1216 rotae,

90 1260 134 1289 et
171 1247 437 1303 subsequitur
474 1263 533 1287 ea.
593 1248 689 1287 Non
727 1248 803 1287 sub
834 1258 948 1296 rota,
987 1262 1124 1302 neque
1153 1247 1229 1286 sub
1259 1243 1415 1285 sacculi
1445 1243 1509 1283 di·

86 1324 203 1364 tione
233 1325 440 1379 rebusque
472 1340 706 1374 versamur,
743 1341 836 1364 cum
867 1322 949 1380 jam
978 1339 1055 1378 per
1084 1321 1322 1377 passionem
1353 1319 1508 1361 Christi

83 1417 227 1441 sumus
267 1417 290 1440 a
326 1399 475 1439 mundi
512 1400 692 1451 negotiis
731 1400 909 1440 liberati.
967 1399 1058 1450 „Et
1084 1399 1122 1453 ¹)
1162 1409 1256 1438 rota
1289 1397 1333 1437 in
1362 1396 1505 1436 medio

86 1482 246 1517 rotae.“
282 1475 352 1517 VSi
392 1475 652 1527 consideres,
695 1477 913 1533 quomodo
952 1492 1030 1531 per
1070 1474 1300 1516 contrarios
1338 1484 1508 1514 eventus

84 1554 274 1594 solvatur
311 1552 557 1594 universitas
594 1570 755 1604 rerum,
795 1554 881 1594 sive
912 1553 955 1593 in
986 1552 1068 1603 his,
1115 1552 1187 1608 qui
1215 1562 1416 1607 putantur
1445 1566 1508 1589 er-

87 1646 202 1680 rare,
241 1629 328 1670 sive
359 1630 403 1670 in
432 1630 519 1680 his,
559 1631 630 1686 qui
664 1633 714 1672 ab
745 1647 887 1671 errore
919 1631 1116 1670 dicuntur
1146 1628 1294 1677 alieni,
1334 1626 1508 1676 videbis,

88 1707 309 1763 quomodo
329 1718 423 1746 rota
437 1706 483 1746 in
506 1708 649 1747 medio
666 1720 784 1748 rotae
812 1707 875 1747 sit.
921 1707 1036 1746 Haec
1059 1716 1199 1746 autem
1223 1703 1328 1755 regit
1354 1702 1508 1752 omnia,

89 1795 131 1824 et
163 1799 416 1839 quocunque
455 1784 567 1834 vult,
604 1795 774 1840 torquet
812 1782 941 1823 totius
980 1780 1259 1821 universitatis
1287 1781 1426 1831 D-eus,
1465 1779 1507 1819 in

91 1860 260 1903 Christo
278 1861 392 1909 Jesu,
426 1860 491 1900 cui
521 1872 584 1902 est
611 1860 746 1913 gloria
775 1871 816 1900 et
847 1858 1072 1915 imperium
1102 1857 1144 1897 in
1173 1856 1338 1897 saecula
1368 1872 1511 1896 saecu-

89 1938 241 1978 lorum.
299 1937 456 1978 Amen!

89 2126 169 2156 σει.
225 2108 487 2155 ’mairam
524 2100 630 2161 οὖν,
672 2102 770 2161 ἤτοι
799 2108 1072 2161 κυβερνᾶται
1102 2101 1155 2145 πὶ
1185 2098 1506 2160 ὑπερουράνια,

88 2179 142 2224 τὰ
162 2179 426 2235 ἐπουράνια,
454 2175 599 2220 καὶτὰ
618 2177 810 2233 ἐπίγεια,
832 2179 906 2219 καὶ
923 2174 976 2218 τὰ
1002 2171 1296 2230 καττιχθ-ὁνια.
1327 2172 1507 2215 Ruaeus.

207 2251 246 2309 ¹)
278 2250 366 2293 Cfr.
396 2247 547 2291 Ezech.
579 2248 614 2298 I,
646 2246 711 2291 16.
