1759 3134
258 133 344 178 246
555 136 777 178 Omossms
807 149 852 178 IN
885 136 1070 178 CANTm.
1103 135 1410 181 CANTICORUM

268 246 540 299 Unguentum
571 248 686 289 enim
715 250 898 290 effusum
931 259 992 289 est
1017 248 1057 304 ¹)
1087 265 1244 290 nomen
1287 249 1386 307 ejus.
1447 250 1569 291 Nunc
1597 252 1692 294 Mo-

268 323 321 364 sis
352 340 511 365 nomen
541 326 732 378 auditur,
772 327 889 383 quod
919 326 1035 381 prius
1065 326 1252 368 Judaeae
1281 339 1442 368 tantum
1476 328 1696 370 claudeba-

269 412 338 440 tur
369 403 588 456 angustiis3
632 421 769 460 neque
811 404 922 445 enim
955 403 1218 444 Graecorum
1257 405 1464 460 quispiam
1504 405 1696 446 meminit

271 477 381 534 ejus,
420 496 557 536 neque
597 481 639 522 in
678 482 766 523 ulla
805 480 1027 534 gentilium
1066 480 1282 522 literarum
1322 482 1496 523 historia
1537 484 1588 523 de
1619 482 1695 523 illo

271 572 346 596 ceu
367 557 409 610 2)
441 558 589 600 ceteris
620 559 825 614 scriptum
855 558 1016 613 aliquid
1049 559 1297 600 invenimus.
1359 559 1511 601 Statim
1549 571 1595 599 ut
1626 559 1697 599 Je-

269 650 338 674 sus
367 635 545 676 radiavit
577 636 617 678 in
648 637 832 685 mundo,
870 636 1012 676 eduxit
1043 653 1183 676 secum
1217 637 1353 689 legem
1385 648 1426 677 et
1455 636 1696 691 prophetas,

273 722 313 752 et
356 729 451 753 vere
494 715 755 770 completum
797 725 876 753 est:
919 726 1213 765 „unguentum
1241 715 1282 770 ³)
1325 715 1508 754 effusum
1541 730 1696 755 nomen

270 797 439 831 tuum.“

381 868 419 909 5.
482 868 748 923 „Propterea
773 870 815 922 ⁴)
858 868 1104 925 juvenculae
1145 868 1382 908 dilexerunt
1426 875 1509 909 te.“
1587 868 1698 922 Quia

272 945 433 1000 ,‚per'’)
465 945 672 1000 Spiritum
704 957 894 986 sanctum
926 944 1071 986 caritas
1101 945 1187 985 Dei
1219 945 1374 986 diffusa
1405 958 1464 986 est
1495 946 1536 986 in
1570 948 1697 986 corda

272 1028 465 1071 nostra‚“
493 1039 676 1074 congrue
696 1039 854 1064 nomen
877 1022 1097 1064 effusionis
1114 1022 1313 1063 insertur:
1346 1025 1698 1078 ‚,unguentum⁶)

272 1100 456 1140 effusum
485 1116 643 1140 nomen
666 1101 707 1153 7)
741 1107 904 1140 tuum.“
950 1100 1066 1140 Haec
1098 1099 1240 1140 dicens
1271 1116 1421 1155 sponsa
1453 1102 1698 1141 adolescen-

269 1176 378 1215 tulas
420 1176 638 1231 conspicit.
716 1176 899 1230 Quando
948 1176 1023 1215 illa
1059 1176 1203 1231 sponsi
1226 1177 1269 1232 15)
1307 1188 1472 1231 patrem
1512 1179 1698 1229 rogabat,

272 1264 312 1293 et
343 1254 395 1293 ad
425 1253 565 1309 ipsum
595 1270 799 1309 sponsum
831 1253 1022 1294 cominus
1060 1253 1334 1308 loquebatur,
1375 1255 1555 1295 necdum
1598 1256 1700 1296 ado-

269 1330 526 1372 lescentulae
563 1333 761 1373 aderant:
810 1332 854 1372 in
897 1330 1048 1371 mediis
1093 1346 1194 1371 vero
1235 1331 1431 1386 precibus
1469 1333 1701 1385 ingreditur

270 1405 590 1464 juvencularum
624 1410 788 1459 chorus,
821 1421 862 1449 et
891 1424 1069 1465 sponsae
1100 1409 1295 1449 laudatur
1327 1409 1520 1465 eloquiis.
1566 1410 1700 1460 „Pro-

271 1496 418 1540 pterea
443 1485 484 1541 9)
532 1486 780 1543 juvenculae
826 1486 1064 1527 dilexerunt
1105 1497 1170 1535 te,
1219 1498 1261 1526 et
1306 1498 1562 1528 attraxerunt
1609 1494 1702 1529 te.“

270 1563 714 1619 Adolescentulaeque
743 1564 1025 1619 respondent:
1057 1575 1185 1618 „post
1212 1564 1280 1617 ¹⁰)
1309 1575 1351 1604 te
1383 1563 1425 1604 in
1458 1565 1592 1605 odore
1623 1582 1700 1605 un-

269 1652 524 1692 guentorum
553 1652 728 1681 tuorum
760 1647 1017 1681 curremus.“
1079 1640 1218 1694 Quam
1248 1641 1317 1694 ¹¹)
1356 1641 1533 1696 pulchre
1572 1659 1700 1697 spon-

268 1733 335 1758 sae
365 1717 644 1774 pedissequae
673 1719 857 1759 necdum
886 1718 1088 1759 fiduciam
1117 1718 1273 1759 habent
1297 1735 1488 1774 sponsae.
1535 1720 1700 1774 Sponsa

268 1811 354 1836 non
385 1808 484 1851 post
512 1808 676 1849 tergum
708 1795 918 1852 sequitur:
951 1796 1026 1836 sed
1048 1796 1282 1848 ingreditur
1306 1795 1593 1852 juncta’lateri
1614 1796 1698 1850 ¹²),

266 1874 631 1930 apprehenditque
670 1874 884 1914 dexteram
923 1873 1091 1929 sponsi,
1144 1884 1186 1913 et
1232 1881 1378 1914 manus
1427 1873 1514 1931 ejus
1556 1873 1700 1930 sponsi

389 2035 433 2087 ¹)
462 2034 740 2075 Desideratur
774 2040 908 2084 „est“
940 2034 983 2074 in
1016 2035 1079 2074 ed.
1113 2035 1164 2074 R.

384 2105 428 2160 ²)
459 2104 569 2144 Edd.
599 2105 801 2146 Merlini:
833 2122 919 2145 sen.
1041 2103 1087 2157 ³)
1119 2103 1279 2144 Cantic.
1310 2103 1344 2152 Ῐ,
1373 2102 1412 2146 3.

384 2174 427 2229 ⁴)
459 2174 620 2215 Cantic.
659 2177 692 2223 Ι,
730 2174 769 2218 3.
814 2201 864 2207 -
902 2175 1011 2215 Edd.
1052 2172 1248 2214 Merlini:
1290 2174 1411 2229 Ipsae
1448 2173 1697 2230 juvenculae

272 2230 508 2271 dilexerunt
539 2243 593 2271 te.
653 2231 710 2272 Et
740 2231 837 2286 quia
867 2247 944 2286 per
974 2240 1050 2270 etc.

386 2301 427 2356 ⁵)
460 2301 546 2342 Cfr.
570 2302 704 2353 Rom.
739 2301 791 2350 V,
823 2301 860 2342 5.
981 2299 1027 2352 ⁶)
1061 2299 1220 2341 Cantic.
1252 2300 1286 2349 I,
1317 2298 1354 2343 3.

387 2371 429 2428 7)
460 2372 569 2414 Edd.
598 2370 794 2413 Merlini:
831 2381 892 2410 est
920 2386 1077 2410 nomen
1110 2382 1242 2410 tuum.

383 2444 431 2493 S)
461 2443 570 2483 Edd.
602 2441 800 2483 “Merliniz
831 2456 995 2496 sponsa.

384 2513 430 2568 ⁹)
462 2511 622 2554 Cantic.
652 2513 687 2562 I,
716 2511 755 2555 3.
789 2511 827 2553 4.
953 2511 1022 2566 ¹⁰)
1055 2510 1214 2552 Cantic.
1247 2511 1281 2561 I,
1311 2511 1350 2553 4.

360 2583 425 2637 ¹¹)
459 2583 565 2624 Cod.
597 2582 877 2623 Turonensis:
919 2581 1097 2635 „Quam
1137 2580 1305 2636 pulchri
1343 2596 1521 2635 sponsae
1552 2581 1693 2635 pedes,

267 2655 372 2695 quae
403 2640 592 2679 nondum
624 2639 821 2679 fiduciam
852 2639 1044 2679 habens“
1077 2649 1154 2678 etc.
1214 2637 1301 2677 Alii
1332 2638 1432 2677 B'Iss.
1464 2649 1512 2677 ut
1544 2637 1586 2676 in
1617 2654 1689 2675 no-

266 2708 354 2736 stro
385 2707 513 2736 textu.
573 2695 691 2736 Libri
723 2695 825 2736 editi
864 2696 962 2735 loco
997 2701 1249 2749 „sponsae“
1279 2694 1435 2733 habent
1464 2692 1692 2748 „sponsi.“

267 2753 444 2792 Ruaeus.
495 2778 548 2783 -—
593 2753 702 2793 Edd.
741 2751 915 2792 Merlini
953 2767 1039 2791 non
1082 2751 1213 2791 male:
1268 2749 1446 2803 „Quam
1491 2749 1692 2805 pulchrae

264 2808 407 2864 sponsi
425 2808 716 2864 pedissequae,
744 2825 849 2864 quae
873 2809 1057 2849 necdum
1083 2807 1282 2848 fiduciam
1306 2807 1459 2847 habent
1475 2812 1694 2861 sponsae.“

358 2879 426 2934 ¹²)
457 2879 566 2919 Edd.
597 2877 792 2919 Merlini:
825 2878 962 2921 lateri.
1017 2877 1314 2934 Apprehendit
1345 2878 1557 2917 dexteram
1588 2886 1666 2915 etc.
