<?xml version="1.0" encoding="UTF-8"?>
<!DOCTYPE html PUBLIC "-//W3C//DTD XHTML 1.0 Transitional//EN"
    "http://www.w3.org/TR/xhtml1/DTD/xhtml1-transitional.dtd">
<html xmlns="http://www.w3.org/1999/xhtml" xml:lang="en" lang="en">
 <head>
  <title>
</title>
<meta http-equiv="Content-Type" content="text/html;charset=utf-8" />
  <meta name='ocr-system' content='tesseract 3.04.00' />
  <meta name='ocr-capabilities' content='ocr_page ocr_carea ocr_par ocr_line ocrx_word'/>
</head>
<body>
  <div class='ocr_page' id='page_1' title='image "./operaomniaquaegr14orig/operaomniaquaegr14orig_0392.png"; bbox 0 0 1759 3134; ppageno 0'>
   <div class='ocr_carea' id='block_1_1' title="bbox 196 153 1343 199">
    <p class='ocr_par' dir='ltr' id='par_1_1' title="bbox 196 153 1343 199">
     <span class='ocr_line' id='line_1_1' title="bbox 196 153 1343 199; baseline 0.003 -9"><span class='ocrx_word' id='word_1_1' title='bbox 196 156 280 199; x_wconf 66' lang='lat'>376</span> <span class='ocrx_word' id='word_1_2' title='bbox 495 154 716 194; x_wconf 61' lang='lat' dir='ltr'>Ossiflssuis</span> <span class='ocrx_word' id='word_1_3' title='bbox 748 166 789 192; x_wconf 77' lang='grc' dir='ltr'>ιΝ</span> <span class='ocrx_word' id='word_1_4' title='bbox 824 153 1005 194; x_wconf 68' lang='lat' dir='ltr'>CAN&#39;ric.</span> <span class='ocrx_word' id='word_1_5' title='bbox 1040 153 1343 194; x_wconf 58' lang='lat' dir='ltr'>Cm’ricomm</span> 
     </span>
    </p>
   </div>
   <div class='ocr_carea' id='block_1_2' title="bbox 203 265 1638 2112">
    <p class='ocr_par' dir='ltr' id='par_1_2' title="bbox 203 265 1638 2112">
     <span class='ocr_line' id='line_1_2' title="bbox 203 265 1624 322; baseline -0.003 -11"><span class='ocrx_word' id='word_1_6' title='bbox 203 283 412 311; x_wconf 81' lang='lat' dir='ltr'>ettamen</span> <span class='ocrx_word' id='word_1_7' title='bbox 453 285 573 308; x_wconf 84' lang='lat' dir='ltr'>usum</span> <span class='ocrx_word' id='word_1_8' title='bbox 613 278 889 322; x_wconf 79' lang='lat' dir='ltr'>ornatumque</span> <span class='ocrx_word' id='word_1_9' title='bbox 931 265 1209 319; x_wconf 74' lang='lat' dir='ltr'>exhibeant¹)</span> <span class='ocrx_word' id='word_1_10' title='bbox 1250 265 1394 306; x_wconf 81' lang='lat' dir='ltr'>divino</span> <span class='ocrx_word' id='word_1_11' title='bbox 1436 268 1624 308; x_wconf 78' lang='lat' dir='ltr'>taberna-</span> 
     </span>
     <span class='ocr_line' id='line_1_3' title="bbox 204 344 1627 400; baseline -0.003 -11"><span class='ocrx_word' id='word_1_12' title='bbox 204 350 313 390; x_wconf 87' lang='lat' dir='ltr'>culo.</span> <span class='ocrx_word' id='word_1_13' title='bbox 376 347 507 400; x_wconf 84' lang='lat' dir='ltr'>Quod</span> <span class='ocrx_word' id='word_1_14' title='bbox 538 356 678 387; x_wconf 77' lang='lat' dir='ltr'>autem</span> <span class='ocrx_word' id='word_1_15' title='bbox 708 345 875 386; x_wconf 87' lang='lat' dir='ltr'>videtur</span> <span class='ocrx_word' id='word_1_16' title='bbox 907 359 992 384; x_wconf 91' lang='lat' dir='ltr'>esse</span> <span class='ocrx_word' id='word_1_17' title='bbox 1024 358 1202 398; x_wconf 83' lang='lat' dir='ltr'>persona</span> <span class='ocrx_word' id='word_1_18' title='bbox 1229 359 1322 393; x_wconf 83' lang='lat' dir='ltr'>una,</span> <span class='ocrx_word' id='word_1_19' title='bbox 1353 359 1457 398; x_wconf 87' lang='lat' dir='ltr'>quae</span> <span class='ocrx_word' id='word_1_20' title='bbox 1490 344 1627 400; x_wconf 87' lang='lat' dir='ltr'>loqui-</span> 
     </span>
     <span class='ocr_line' id='line_1_4' title="bbox 206 420 1628 479; baseline -0.003 -13"><span class='ocrx_word' id='word_1_21' title='bbox 206 439 294 475; x_wconf 82' lang='lat' dir='ltr'>tur,</span> <span class='ocrx_word' id='word_1_22' title='bbox 343 435 383 465; x_wconf 81' lang='lat' dir='ltr'>et</span> <span class='ocrx_word' id='word_1_23' title='bbox 419 423 611 479; x_wconf 83' lang='lat' dir='ltr'>pluribus</span> <span class='ocrx_word' id='word_1_24' title='bbox 650 439 691 464; x_wconf 91' lang='lat' dir='ltr'>se</span> <span class='ocrx_word' id='word_1_25' title='bbox 735 423 802 463; x_wconf 90' lang='lat' dir='ltr'>vel</span> <span class='ocrx_word' id='word_1_26' title='bbox 839 420 1119 462; x_wconf 86' lang='lat' dir='ltr'>tabernaculis</span> <span class='ocrx_word' id='word_1_27' title='bbox 1152 420 1288 462; x_wconf 87' lang='lat' dir='ltr'>Cedar</span> <span class='ocrx_word' id='word_1_28' title='bbox 1324 420 1367 461; x_wconf 89' lang='lat' dir='ltr'>in</span> <span class='ocrx_word' id='word_1_29' title='bbox 1396 420 1628 473; x_wconf 72' lang='lat' dir='ltr'><strong>nigredine,</strong></span> 
     </span>
     <span class='ocr_line' id='line_1_5' title="bbox 208 497 1629 557; baseline -0.001 -15"><span class='ocrx_word' id='word_1_30' title='bbox 208 503 274 544; x_wconf 89' lang='lat' dir='ltr'>vel</span> <span class='ocrx_word' id='word_1_31' title='bbox 306 501 547 544; x_wconf 83' lang='lat' dir='ltr'>Salomonis</span> <span class='ocrx_word' id='word_1_32' title='bbox 577 500 760 557; x_wconf 86' lang='lat' dir='ltr'>pellibus</span> <span class='ocrx_word' id='word_1_33' title='bbox 793 498 1075 555; x_wconf 79' lang='lat' dir='ltr'>comparavit,</span> <span class='ocrx_word' id='word_1_34' title='bbox 1121 497 1177 538; x_wconf 88' lang='lat' dir='ltr'>ita</span> <span class='ocrx_word' id='word_1_35' title='bbox 1220 498 1513 554; x_wconf 88' lang='lat' dir='ltr'>accipiendum</span> <span class='ocrx_word' id='word_1_36' title='bbox 1554 510 1629 549; x_wconf 88' lang='lat' dir='ltr'>est,</span> 
     </span>
     <span class='ocr_line' id='line_1_6' title="bbox 206 574 1629 637; baseline -0.004 -16"><span class='ocrx_word' id='word_1_37' title='bbox 206 580 302 637; x_wconf 85' lang='lat' dir='ltr'>quia</span> <span class='ocrx_word' id='word_1_38' title='bbox 341 595 423 621; x_wconf 83' lang='lat' dir='ltr'>una</span> <span class='ocrx_word' id='word_1_39' title='bbox 462 579 634 636; x_wconf 91' lang='lat' dir='ltr'>quidem</span> <span class='ocrx_word' id='word_1_40' title='bbox 673 594 854 633; x_wconf 85' lang='lat' dir='ltr'>persona</span> <span class='ocrx_word' id='word_1_41' title='bbox 901 576 1089 624; x_wconf 86' lang='lat' dir='ltr'>videtur,</span> <span class='ocrx_word' id='word_1_42' title='bbox 1137 574 1337 616; x_wconf 84' lang='lat' dir='ltr'>ecclesiae</span> <span class='ocrx_word' id='word_1_43' title='bbox 1386 574 1629 617; x_wconf 77' lang='lat' dir='ltr'>innumerae</span> 
     </span>
     <span class='ocr_line' id='line_1_7' title="bbox 204 653 1629 713; baseline -0.004 -14"><span class='ocrx_word' id='word_1_44' title='bbox 204 670 344 699; x_wconf 82' lang='lat' dir='ltr'>tamen</span> <span class='ocrx_word' id='word_1_45' title='bbox 383 669 498 706; x_wconf 88' lang='lat' dir='ltr'>sunt,</span> <span class='ocrx_word' id='word_1_46' title='bbox 538 672 643 713; x_wconf 81' lang='lat' dir='ltr'>quae</span> <span class='ocrx_word' id='word_1_47' title='bbox 683 672 760 711; x_wconf 89' lang='lat' dir='ltr'>per</span> <span class='ocrx_word' id='word_1_48' title='bbox 791 657 937 696; x_wconf 85' lang='lat' dir='ltr'>orbem</span> <span class='ocrx_word' id='word_1_49' title='bbox 969 667 1105 695; x_wconf 89' lang='lat' dir='ltr'>terrae</span> <span class='ocrx_word' id='word_1_50' title='bbox 1139 653 1316 693; x_wconf 76' lang='lat' dir='ltr'><strong>diffusae</strong></span> <span class='ocrx_word' id='word_1_51' title='bbox 1348 665 1466 703; x_wconf 89' lang='lat' dir='ltr'>sunt,</span> <span class='ocrx_word' id='word_1_52' title='bbox 1506 665 1629 710; x_wconf 87' lang='lat' dir='ltr'>atque</span> 
     </span>
     <span class='ocr_line' id='line_1_8' title="bbox 206 731 1629 789; baseline -0.002 -13"><span class='ocrx_word' id='word_1_53' title='bbox 206 735 432 776; x_wconf 81' lang='lat' dir='ltr'>immensae</span> <span class='ocrx_word' id='word_1_54' title='bbox 475 733 819 787; x_wconf 78' lang='lat' dir='ltr'>congregationes</span> <span class='ocrx_word' id='word_1_55' title='bbox 840 733 883 789; x_wconf 85' lang='lat'>²)</span> <span class='ocrx_word' id='word_1_56' title='bbox 925 750 972 774; x_wconf 83' lang='lat' dir='ltr'>ac</span> <span class='ocrx_word' id='word_1_57' title='bbox 1012 731 1307 773; x_wconf 73' lang='lat' dir='ltr'>multitudines</span> <span class='ocrx_word' id='word_1_58' title='bbox 1338 731 1629 787; x_wconf 83' lang='lat' dir='ltr'>populorum:</span> 
     </span>
     <span class='ocr_line' id='line_1_9' title="bbox 204 807 1631 866; baseline -0.004 -12"><span class='ocrx_word' id='word_1_59' title='bbox 204 813 311 854; x_wconf 85' lang='lat' dir='ltr'>sicut</span> <span class='ocrx_word' id='word_1_60' title='bbox 342 824 382 853; x_wconf 89' lang='lat' dir='ltr'>et</span> <span class='ocrx_word' id='word_1_61' title='bbox 421 828 596 865; x_wconf 85' lang='lat' dir='ltr'>regnum</span> <span class='ocrx_word' id='word_1_62' title='bbox 635 810 855 853; x_wconf 82' lang='lat' dir='ltr'>coelorum</span> <span class='ocrx_word' id='word_1_63' title='bbox 895 828 1026 852; x_wconf 93' lang='lat' dir='ltr'>unum</span> <span class='ocrx_word' id='word_1_64' title='bbox 1067 809 1239 866; x_wconf 89' lang='lat' dir='ltr'>quidem</span> <span class='ocrx_word' id='word_1_65' title='bbox 1278 807 1453 858; x_wconf 86' lang='lat' dir='ltr'>dicitur,</span> <span class='ocrx_word' id='word_1_66' title='bbox 1498 809 1631 862; x_wconf 79' lang='lat' dir='ltr'>sed³)</span> 
     </span>
     <span class='ocr_line' id='line_1_10' title="bbox 205 888 1635 943; baseline -0.001 -13"><span class='ocrx_word' id='word_1_67' title='bbox 205 891 362 930; x_wconf 83' lang='lat' dir='ltr'>multae</span> <span class='ocrx_word' id='word_1_68' title='bbox 394 901 533 930; x_wconf 82' lang='lat' dir='ltr'>tamen</span> <span class='ocrx_word' id='word_1_69' title='bbox 564 889 608 930; x_wconf 88' lang='lat' dir='ltr'>in</span> <span class='ocrx_word' id='word_1_70' title='bbox 640 905 691 930; x_wconf 91' lang='lat' dir='ltr'>eo</span> <span class='ocrx_word' id='word_1_71' title='bbox 722 889 959 930; x_wconf 78' lang='lat' dir='ltr'>mansiones</span> <span class='ocrx_word' id='word_1_72' title='bbox 990 897 1280 929; x_wconf 77' lang='lat' dir='ltr'>memorantur</span> <span class='ocrx_word' id='word_1_73' title='bbox 1311 902 1397 927; x_wconf 88' lang='lat' dir='ltr'>csse</span> <span class='ocrx_word' id='word_1_74' title='bbox 1422 888 1533 942; x_wconf 88' lang='lat' dir='ltr'>apud</span> <span class='ocrx_word' id='word_1_75' title='bbox 1559 903 1635 943; x_wconf 87' lang='lat' dir='ltr'>pa-</span> 
     </span>
     <span class='ocr_line' id='line_1_11' title="bbox 204 964 1632 1024; baseline -0.001 -16"><span class='ocrx_word' id='word_1_76' title='bbox 204 980 324 1009; x_wconf 85' lang='lat' dir='ltr'>trem.</span> <span class='ocrx_word' id='word_1_77' title='bbox 395 967 542 1008; x_wconf 74' lang='lat' dir='ltr'>Potest</span> <span class='ocrx_word' id='word_1_78' title='bbox 578 979 718 1008; x_wconf 82' lang='lat' dir='ltr'>autem</span> <span class='ocrx_word' id='word_1_79' title='bbox 745 966 785 1024; x_wconf 81' lang='lat'>⁴)</span> <span class='ocrx_word' id='word_1_80' title='bbox 833 978 874 1008; x_wconf 88' lang='lat' dir='ltr'>et</span> <span class='ocrx_word' id='word_1_81' title='bbox 916 968 966 1008; x_wconf 89' lang='lat' dir='ltr'>de</span> <span class='ocrx_word' id='word_1_82' title='bbox 1014 981 1264 1022; x_wconf 86' lang='lat' dir='ltr'>unaquaque</span> <span class='ocrx_word' id='word_1_83' title='bbox 1317 964 1474 1015; x_wconf 81' lang='lat' dir='ltr'>anima,</span> <span class='ocrx_word' id='word_1_84' title='bbox 1526 982 1632 1021; x_wconf 84' lang='lat' dir='ltr'>quae</span> 
     </span>
     <span class='ocr_line' id='line_1_12' title="bbox 205 1041 1631 1102; baseline -0.002 -15"><span class='ocrx_word' id='word_1_85' title='bbox 205 1057 304 1102; x_wconf 88' lang='lat' dir='ltr'>post</span> <span class='ocrx_word' id='word_1_86' title='bbox 340 1056 511 1101; x_wconf 82' lang='lat' dir='ltr'>peccata</span> <span class='ocrx_word' id='word_1_87' title='bbox 551 1044 735 1100; x_wconf 86' lang='lat' dir='ltr'>plurima</span> <span class='ocrx_word' id='word_1_88' title='bbox 779 1043 1040 1085; x_wconf 83' lang='lat' dir='ltr'>convertitur</span> <span class='ocrx_word' id='word_1_89' title='bbox 1077 1044 1129 1084; x_wconf 86' lang='lat' dir='ltr'>ad</span> <span class='ocrx_word' id='word_1_90' title='bbox 1159 1041 1489 1099; x_wconf 81' lang='lat' dir='ltr'>poenitentiam,</span> <span class='ocrx_word' id='word_1_91' title='bbox 1533 1043 1631 1093; x_wconf 88' lang='lat' dir='ltr'>dici,</span> 
     </span>
     <span class='ocr_line' id='line_1_13' title="bbox 208 1119 1634 1181; baseline -0.002 -16"><span class='ocrx_word' id='word_1_92' title='bbox 208 1125 323 1181; x_wconf 89' lang='lat' dir='ltr'>quod</span> <span class='ocrx_word' id='word_1_93' title='bbox 353 1123 469 1176; x_wconf 87' lang='lat' dir='ltr'>nigra</span> <span class='ocrx_word' id='word_1_94' title='bbox 508 1122 561 1163; x_wconf 87' lang='lat' dir='ltr'>sit</span> <span class='ocrx_word' id='word_1_95' title='bbox 592 1121 765 1177; x_wconf 86' lang='lat' dir='ltr'>quidem</span> <span class='ocrx_word' id='word_1_96' title='bbox 791 1121 830 1174; x_wconf 87' lang='lat'>⁵)</span> <span class='ocrx_word' id='word_1_97' title='bbox 862 1136 942 1176; x_wconf 85' lang='lat' dir='ltr'>pro</span> <span class='ocrx_word' id='word_1_98' title='bbox 976 1119 1183 1175; x_wconf 84' lang='lat' dir='ltr'>peccatis,</span> <span class='ocrx_word' id='word_1_99' title='bbox 1229 1121 1418 1161; x_wconf 83' lang='lat' dir='ltr'>formosa</span> <span class='ocrx_word' id='word_1_100' title='bbox 1455 1131 1634 1177; x_wconf 85' lang='lat' dir='ltr'>propter</span> 
     </span>
     <span class='ocr_line' id='line_1_14' title="bbox 205 1195 1636 1257; baseline -0.001 -15"><span class='ocrx_word' id='word_1_101' title='bbox 205 1199 514 1257; x_wconf 85' lang='lat' dir='ltr'>poenitentiam</span> <span class='ocrx_word' id='word_1_102' title='bbox 550 1210 587 1240; x_wconf 88' lang='lat' dir='ltr'>et</span> <span class='ocrx_word' id='word_1_103' title='bbox 618 1199 779 1239; x_wconf 88' lang='lat' dir='ltr'>fructus</span> <span class='ocrx_word' id='word_1_104' title='bbox 810 1195 1108 1253; x_wconf 84' lang='lat' dir='ltr'>poenitentiae.</span> <span class='ocrx_word' id='word_1_105' title='bbox 1167 1195 1366 1252; x_wconf 88' lang='lat' dir='ltr'>Denique</span> <span class='ocrx_word' id='word_1_106' title='bbox 1405 1208 1446 1238; x_wconf 85' lang='lat' dir='ltr'>et</span> <span class='ocrx_word' id='word_1_107' title='bbox 1476 1198 1527 1238; x_wconf 92' lang='lat' dir='ltr'>de</span> <span class='ocrx_word' id='word_1_108' title='bbox 1559 1199 1636 1240; x_wconf 87' lang='lat' dir='ltr'>hac</span> 
     </span>
     <span class='ocr_line' id='line_1_15' title="bbox 205 1273 1636 1334; baseline -0.001 -15"><span class='ocrx_word' id='word_1_109' title='bbox 205 1277 317 1334; x_wconf 84' lang='lat' dir='ltr'>ipsa,</span> <span class='ocrx_word' id='word_1_110' title='bbox 359 1293 464 1334; x_wconf 81' lang='lat' dir='ltr'>quae</span> <span class='ocrx_word' id='word_1_111' title='bbox 494 1293 607 1318; x_wconf 89' lang='lat' dir='ltr'>nunc</span> <span class='ocrx_word' id='word_1_112' title='bbox 641 1274 768 1316; x_wconf 87' lang='lat' dir='ltr'>dicit:</span> <span class='ocrx_word' id='word_1_113' title='bbox 813 1273 966 1326; x_wconf 73' lang='lat' dir='ltr'>,migra</span> <span class='ocrx_word' id='word_1_114' title='bbox 981 1273 1024 1330; x_wconf 78' lang='lat'>⁶)</span> <span class='ocrx_word' id='word_1_115' title='bbox 1054 1290 1148 1315; x_wconf 90' lang='lat' dir='ltr'>sum</span> <span class='ocrx_word' id='word_1_116' title='bbox 1180 1285 1220 1315; x_wconf 88' lang='lat' dir='ltr'>et</span> <span class='ocrx_word' id='word_1_117' title='bbox 1247 1274 1497 1316; x_wconf 87' lang='lat' dir='ltr'>formosa:“</span> <span class='ocrx_word' id='word_1_118' title='bbox 1538 1275 1636 1332; x_wconf 82' lang='lat' dir='ltr'>quia</span> 
     </span>
     <span class='ocr_line' id='line_1_16' title="bbox 206 1351 1636 1408; baseline -0.001 -11"><span class='ocrx_word' id='word_1_119' title='bbox 206 1373 293 1398; x_wconf 90' lang='lat' dir='ltr'>non</span> <span class='ocrx_word' id='word_1_120' title='bbox 324 1355 365 1396; x_wconf 86' lang='lat' dir='ltr'>in</span> <span class='ocrx_word' id='word_1_121' title='bbox 396 1356 526 1396; x_wconf 87' lang='lat' dir='ltr'>finem</span> <span class='ocrx_word' id='word_1_122' title='bbox 555 1354 596 1395; x_wconf 86' lang='lat' dir='ltr'>in</span> <span class='ocrx_word' id='word_1_123' title='bbox 628 1352 845 1406; x_wconf 80' lang='lat' dir='ltr'>nigredine</span> <span class='ocrx_word' id='word_1_124' title='bbox 874 1352 953 1394; x_wconf 84' lang='lat' dir='ltr'>ista</span> <span class='ocrx_word' id='word_1_125' title='bbox 970 1351 1212 1408; x_wconf 82' lang='lat' dir='ltr'>permansit,</span> <span class='ocrx_word' id='word_1_126' title='bbox 1243 1364 1341 1408; x_wconf 87' lang='lat' dir='ltr'>post</span> <span class='ocrx_word' id='word_1_127' title='bbox 1367 1353 1469 1394; x_wconf 89' lang='lat' dir='ltr'>haec</span> <span class='ocrx_word' id='word_1_128' title='bbox 1490 1353 1636 1395; x_wconf 86' lang='lat' dir='ltr'>dicunt</span> 
     </span>
     <span class='ocr_line' id='line_1_17' title="bbox 209 1429 1636 1490; baseline -0.001 -16"><span class='ocrx_word' id='word_1_129' title='bbox 209 1435 260 1474; x_wconf 92' lang='lat' dir='ltr'>de</span> <span class='ocrx_word' id='word_1_130' title='bbox 295 1450 340 1474; x_wconf 86' lang='lat' dir='ltr'>ea</span> <span class='ocrx_word' id='word_1_131' title='bbox 371 1433 462 1490; x_wconf 87' lang='lat' dir='ltr'>ipsa</span> <span class='ocrx_word' id='word_1_132' title='bbox 491 1431 604 1473; x_wconf 74' lang='lat' dir='ltr'>filiae</span> <span class='ocrx_word' id='word_1_133' title='bbox 635 1431 921 1473; x_wconf 76' lang='lat' dir='ltr'>Hierusalem:</span> <span class='ocrx_word' id='word_1_134' title='bbox 963 1446 1103 1486; x_wconf 85' lang='lat' dir='ltr'>„quac</span> <span class='ocrx_word' id='word_1_135' title='bbox 1124 1431 1164 1484; x_wconf 89' lang='lat'>⁷)</span> <span class='ocrx_word' id='word_1_136' title='bbox 1199 1441 1260 1471; x_wconf 79' lang='lat' dir='ltr'>est</span> <span class='ocrx_word' id='word_1_137' title='bbox 1289 1429 1388 1481; x_wconf 84' lang='lat' dir='ltr'>ista,</span> <span class='ocrx_word' id='word_1_138' title='bbox 1430 1448 1534 1488; x_wconf 86' lang='lat' dir='ltr'>quae</span> <span class='ocrx_word' id='word_1_139' title='bbox 1565 1433 1636 1474; x_wconf 88' lang='lat' dir='ltr'>ad-</span> 
     </span>
     <span class='ocr_line' id='line_1_18' title="bbox 208 1508 1636 1565; baseline 0.001 -13"><span class='ocrx_word' id='word_1_140' title='bbox 208 1510 371 1552; x_wconf 87' lang='lat' dir='ltr'>scendit</span> <span class='ocrx_word' id='word_1_141' title='bbox 410 1511 623 1560; x_wconf 85' lang='lat' dir='ltr'>dealbata,</span> <span class='ocrx_word' id='word_1_142' title='bbox 663 1509 910 1551; x_wconf 84' lang='lat' dir='ltr'>incumbens</span> <span class='ocrx_word' id='word_1_143' title='bbox 951 1524 1078 1565; x_wconf 89' lang='lat' dir='ltr'>super</span> <span class='ocrx_word' id='word_1_144' title='bbox 1116 1509 1347 1550; x_wconf 85' lang='lat' dir='ltr'>fraternum</span> <span class='ocrx_word' id='word_1_145' title='bbox 1365 1508 1408 1563; x_wconf 83' lang='grc'>8)</span> <span class='ocrx_word' id='word_1_146' title='bbox 1447 1509 1636 1553; x_wconf 80' lang='lat' dir='ltr'>suum?“</span> 
     </span>
     <span class='ocr_line' id='line_1_19' title="bbox 210 1585 1638 1644; baseline -0.002 -13"><span class='ocrx_word' id='word_1_147' title='bbox 210 1590 309 1639; x_wconf 83' lang='lat' dir='ltr'>„Ne</span> <span class='ocrx_word' id='word_1_148' title='bbox 327 1589 370 1644; x_wconf 85' lang='grc'>9)</span> <span class='ocrx_word' id='word_1_149' title='bbox 400 1587 577 1630; x_wconf 83' lang='lat' dir='ltr'>videatis</span> <span class='ocrx_word' id='word_1_150' title='bbox 606 1603 689 1637; x_wconf 89' lang='lat' dir='ltr'>me,</span> <span class='ocrx_word' id='word_1_151' title='bbox 721 1586 922 1643; x_wconf 88' lang='lat' dir='ltr'>quoniam</span> <span class='ocrx_word' id='word_1_152' title='bbox 952 1585 1155 1627; x_wconf 80' lang='lat' dir='ltr'>infuscata</span> <span class='ocrx_word' id='word_1_153' title='bbox 1185 1603 1278 1628; x_wconf 88' lang='lat' dir='ltr'>sum</span> <span class='ocrx_word' id='word_1_154' title='bbox 1310 1604 1401 1641; x_wconf 85' lang='lat' dir='ltr'>ego,</span> <span class='ocrx_word' id='word_1_155' title='bbox 1438 1587 1535 1644; x_wconf 88' lang='lat' dir='ltr'>quia</span> <span class='ocrx_word' id='word_1_156' title='bbox 1566 1588 1638 1628; x_wconf 86' lang='lat' dir='ltr'>de-</span> 
     </span>
     <span class='ocr_line' id='line_1_20' title="bbox 208 1663 1637 1722; baseline 0.001 -17"><span class='ocrx_word' id='word_1_157' title='bbox 208 1664 344 1721; x_wconf 82' lang='lat' dir='ltr'>spexit</span> <span class='ocrx_word' id='word_1_158' title='bbox 373 1681 441 1706; x_wconf 87' lang='lat' dir='ltr'>me</span> <span class='ocrx_word' id='word_1_159' title='bbox 471 1665 586 1706; x_wconf 88' lang='lat' dir='ltr'>sol.“</span> <span class='ocrx_word' id='word_1_160' title='bbox 647 1665 856 1705; x_wconf 86' lang='lat' dir='ltr'>Infuscata</span> <span class='ocrx_word' id='word_1_161' title='bbox 887 1663 973 1704; x_wconf 86' lang='lat' dir='ltr'>sive</span> <span class='ocrx_word' id='word_1_162' title='bbox 1006 1663 1238 1717; x_wconf 86' lang='lat' dir='ltr'>denigrata,</span> <span class='ocrx_word' id='word_1_163' title='bbox 1281 1665 1315 1706; x_wconf 88' lang='lat' dir='ltr'>si</span> <span class='ocrx_word' id='word_1_164' title='bbox 1347 1677 1637 1722; x_wconf 84' lang='lat' dir='ltr'>competenter</span> 
     </span>
     <span class='ocr_line' id='line_1_21' title="bbox 208 1740 1638 1801; baseline 0.001 -17"><span class='ocrx_word' id='word_1_165' title='bbox 208 1742 330 1784; x_wconf 87' lang='lat' dir='ltr'>nobis</span> <span class='ocrx_word' id='word_1_166' title='bbox 361 1742 530 1784; x_wconf 81' lang='lat' dir='ltr'>videtur</span> <span class='ocrx_word' id='word_1_167' title='bbox 573 1742 799 1799; x_wconf 59' lang='lat' dir='ltr'>aptatam)</span> <span class='ocrx_word' id='word_1_168' title='bbox 839 1740 1062 1798; x_wconf 84' lang='lat' dir='ltr'>expositio,</span> <span class='ocrx_word' id='word_1_169' title='bbox 1104 1759 1228 1799; x_wconf 86' lang='lat' dir='ltr'>quam</span> <span class='ocrx_word' id='word_1_170' title='bbox 1266 1742 1309 1784; x_wconf 84' lang='lat' dir='ltr'>in</span> <span class='ocrx_word' id='word_1_171' title='bbox 1347 1743 1638 1801; x_wconf 87' lang='lat' dir='ltr'>superioribus</span> 
     </span>
     <span class='ocr_line' id='line_1_22' title="bbox 209 1820 1637 1880; baseline 0.001 -19"><span class='ocrx_word' id='word_1_172' title='bbox 209 1821 277 1861; x_wconf 83' lang='lat' dir='ltr'>vel</span> <span class='ocrx_word' id='word_1_173' title='bbox 310 1822 361 1861; x_wconf 88' lang='lat' dir='ltr'>de</span> <span class='ocrx_word' id='word_1_174' title='bbox 393 1820 681 1876; x_wconf 85' lang='lat' dir='ltr'>Aethiopissa‚</span> <span class='ocrx_word' id='word_1_175' title='bbox 722 1836 829 1875; x_wconf 86' lang='lat' dir='ltr'>quae</span> <span class='ocrx_word' id='word_1_176' title='bbox 859 1836 882 1860; x_wconf 87' lang='lat' dir='ltr'>a</span> <span class='ocrx_word' id='word_1_177' title='bbox 911 1820 1035 1861; x_wconf 82' lang='lat' dir='ltr'>Mose</span> <span class='ocrx_word' id='word_1_178' title='bbox 1075 1832 1269 1877; x_wconf 88' lang='lat' dir='ltr'>suscepta</span> <span class='ocrx_word' id='word_1_179' title='bbox 1309 1833 1370 1863; x_wconf 88' lang='lat' dir='ltr'>est</span> <span class='ocrx_word' id='word_1_180' title='bbox 1407 1821 1451 1863; x_wconf 85' lang='lat' dir='ltr'>in</span> <span class='ocrx_word' id='word_1_181' title='bbox 1492 1821 1637 1880; x_wconf 81' lang='lat' dir='ltr'>conju-</span> 
     </span>
     <span class='ocr_line' id='line_1_23' title="bbox 209 1897 1637 1956; baseline 0.001 -17"><span class='ocrx_word' id='word_1_182' title='bbox 209 1898 335 1953; x_wconf 86' lang='lat' dir='ltr'>gium,</span> <span class='ocrx_word' id='word_1_183' title='bbox 366 1899 434 1940; x_wconf 83' lang='lat' dir='ltr'>vel</span> <span class='ocrx_word' id='word_1_184' title='bbox 467 1900 518 1940; x_wconf 91' lang='lat' dir='ltr'>de</span> <span class='ocrx_word' id='word_1_185' title='bbox 548 1899 689 1952; x_wconf 86' lang='lat' dir='ltr'>regina</span> <span class='ocrx_word' id='word_1_186' title='bbox 720 1898 829 1939; x_wconf 86' lang='lat' dir='ltr'>Saba</span> <span class='ocrx_word' id='word_1_187' title='bbox 848 1897 1123 1955; x_wconf 82' lang='lat' dir='ltr'>Aethiopum,</span> <span class='ocrx_word' id='word_1_188' title='bbox 1155 1915 1261 1955; x_wconf 84' lang='lat' dir='ltr'>quae</span> <span class='ocrx_word' id='word_1_189' title='bbox 1289 1898 1537 1956; x_wconf 82' lang='lat' dir='ltr'>sapientiam</span> <span class='ocrx_word' id='word_1_190' title='bbox 1563 1901 1637 1941; x_wconf 88' lang='lat' dir='ltr'>Sa·-</span> 
     </span>
     <span class='ocr_line' id='line_1_24' title="bbox 208 1975 1636 2035; baseline 0.001 -17"><span class='ocrx_word' id='word_1_191' title='bbox 208 1976 393 2018; x_wconf 87' lang='lat' dir='ltr'>lomonis</span> <span class='ocrx_word' id='word_1_192' title='bbox 433 1975 548 2017; x_wconf 84' lang='lat' dir='ltr'>venit</span> <span class='ocrx_word' id='word_1_193' title='bbox 578 1975 745 2026; x_wconf 86' lang='lat' dir='ltr'>audire,</span> <span class='ocrx_word' id='word_1_194' title='bbox 776 1975 1006 2017; x_wconf 82' lang='lat' dir='ltr'>texuimus:</span> <span class='ocrx_word' id='word_1_195' title='bbox 1050 1976 1203 2018; x_wconf 87' lang='lat' dir='ltr'>merito</span> <span class='ocrx_word' id='word_1_196' title='bbox 1233 1994 1344 2019; x_wconf 86' lang='lat' dir='ltr'>nunc</span> <span class='ocrx_word' id='word_1_197' title='bbox 1374 1978 1497 2028; x_wconf 87' lang='lat' dir='ltr'>haec,</span> <span class='ocrx_word' id='word_1_198' title='bbox 1530 1994 1636 2035; x_wconf 84' lang='lat' dir='ltr'>quae</span> 
     </span>
     <span class='ocr_line' id='line_1_25' title="bbox 209 2053 1636 2112; baseline 0 -16"><span class='ocrx_word' id='word_1_199' title='bbox 209 2056 325 2096; x_wconf 85' lang='lat' dir='ltr'>fusca</span> <span class='ocrx_word' id='word_1_200' title='bbox 354 2055 423 2095; x_wconf 84' lang='lat' dir='ltr'>vel</span> <span class='ocrx_word' id='word_1_201' title='bbox 454 2053 569 2106; x_wconf 85' lang='lat' dir='ltr'>nigra</span> <span class='ocrx_word' id='word_1_202' title='bbox 600 2065 662 2094; x_wconf 85' lang='lat' dir='ltr'>est</span> <span class='ocrx_word' id='word_1_203' title='bbox 692 2065 734 2095; x_wconf 86' lang='lat' dir='ltr'>et</span> <span class='ocrx_word' id='word_1_204' title='bbox 762 2054 963 2103; x_wconf 81' lang='lat' dir='ltr'>formosa,</span> <span class='ocrx_word' id='word_1_205' title='bbox 998 2053 1234 2096; x_wconf 83' lang='lat' dir='ltr'>satisfacere</span> <span class='ocrx_word' id='word_1_206' title='bbox 1265 2054 1434 2096; x_wconf 88' lang='lat' dir='ltr'>videtur</span> <span class='ocrx_word' id='word_1_207' title='bbox 1461 2072 1541 2112; x_wconf 86' lang='lat' dir='ltr'>pro</span> <span class='ocrx_word' id='word_1_208' title='bbox 1571 2055 1636 2096; x_wconf 88' lang='lat' dir='ltr'>ni-</span> 
     </span>
    </p>
   </div>
   <div class='ocr_carea' id='block_1_3' title="bbox 208 2130 1636 2190">
    <p class='ocr_par' dir='ltr' id='par_1_3' title="bbox 208 2130 1636 2190">
     <span class='ocr_line' id='line_1_26' title="bbox 208 2130 1636 2190; baseline 0.002 -18"><span class='ocrx_word' id='word_1_209' title='bbox 208 2131 379 2185; x_wconf 84' lang='lat' dir='ltr'>gredine</span> <span class='ocrx_word' id='word_1_210' title='bbox 409 2132 477 2172; x_wconf 85' lang='lat' dir='ltr'>vel</span> <span class='ocrx_word' id='word_1_211' title='bbox 508 2130 742 2173; x_wconf 84' lang='lat' dir='ltr'>fuscatione</span> <span class='ocrx_word' id='word_1_212' title='bbox 773 2148 858 2182; x_wconf 88' lang='lat' dir='ltr'>sua,</span> <span class='ocrx_word' id='word_1_213' title='bbox 889 2148 1114 2188; x_wconf 84' lang='lat' dir='ltr'>causasque</span> <span class='ocrx_word' id='word_1_214' title='bbox 1142 2133 1320 2174; x_wconf 86' lang='lat' dir='ltr'>reddere</span> <span class='ocrx_word' id='word_1_215' title='bbox 1345 2133 1636 2190; x_wconf 85' lang='lat' dir='ltr'>exprobranti-</span> 
     </span>
    </p>
   </div>
   <div class='ocr_carea' id='block_1_4' title="bbox 328 2360 970 2419">
    <p class='ocr_par' dir='ltr' id='par_1_4' title="bbox 328 2360 970 2419">
     <span class='ocr_line' id='line_1_27' title="bbox 328 2360 970 2419; baseline -0.002 -14"><span class='ocrx_word' id='word_1_216' title='bbox 328 2361 368 2419; x_wconf 93' lang='lat'>¹)</span> <span class='ocrx_word' id='word_1_217' title='bbox 398 2362 508 2405; x_wconf 59' lang='lat' dir='ltr'>Edd.</span> <span class='ocrx_word' id='word_1_218' title='bbox 532 2362 593 2403; x_wconf 90' lang='lat' dir='ltr'>M.</span> <span class='ocrx_word' id='word_1_219' title='bbox 629 2392 653 2412; x_wconf 90' lang='lat'>‚‚</span> <span class='ocrx_word' id='word_1_220' title='bbox 667 2360 930 2404; x_wconf 83' lang='lat' dir='ltr'>exhibebant.</span> <span class='ocrx_word' id='word_1_221' title='bbox 944 2367 970 2387; x_wconf 88' lang='lat'><strong>“</strong></span> 
     </span>
    </p>
   </div>
   <div class='ocr_carea' id='block_1_5' title="bbox 327 2431 1544 2488">
    <p class='ocr_par' dir='ltr' id='par_1_5' title="bbox 327 2431 1544 2488">
     <span class='ocr_line' id='line_1_28' title="bbox 327 2431 1544 2488; baseline 0.004 -15"><span class='ocrx_word' id='word_1_222' title='bbox 327 2432 370 2488; x_wconf 88' lang='grc'>2)</span> <span class='ocrx_word' id='word_1_223' title='bbox 401 2433 510 2474; x_wconf 84' lang='lat' dir='ltr'>Edd.</span> <span class='ocrx_word' id='word_1_224' title='bbox 541 2431 603 2473; x_wconf 97' lang='lat' dir='ltr'>M.</span> <span class='ocrx_word' id='word_1_225' title='bbox 640 2432 1010 2487; x_wconf 83' lang='lat' dir='ltr'>„congregationis</span> <span class='ocrx_word' id='word_1_226' title='bbox 1039 2451 1086 2476; x_wconf 87' lang='lat' dir='ltr'>ac</span> <span class='ocrx_word' id='word_1_227' title='bbox 1117 2434 1436 2477; x_wconf 81' lang='lat' dir='ltr'>multitudinis“</span> <span class='ocrx_word' id='word_1_228' title='bbox 1469 2448 1544 2479; x_wconf 87' lang='lat' dir='ltr'>etc.</span> 
     </span>
    </p>
   </div>
   <div class='ocr_carea' id='block_1_6' title="bbox 212 2502 1632 2609">
    <p class='ocr_par' dir='ltr' id='par_1_6' title="bbox 212 2502 1632 2609">
     <span class='ocr_line' id='line_1_29' title="bbox 326 2502 1632 2556; baseline 0.004 -11"><span class='ocrx_word' id='word_1_229' title='bbox 326 2504 369 2556; x_wconf 83' lang='grc'>3)</span> <span class='ocrx_word' id='word_1_230' title='bbox 398 2504 508 2546; x_wconf 85' lang='lat' dir='ltr'>Edd.</span> <span class='ocrx_word' id='word_1_231' title='bbox 539 2502 600 2544; x_wconf 88' lang='lat' dir='ltr'>M.</span> <span class='ocrx_word' id='word_1_232' title='bbox 631 2514 710 2553; x_wconf 86' lang='lat' dir='ltr'>„et</span> <span class='ocrx_word' id='word_1_233' title='bbox 739 2504 898 2545; x_wconf 84' lang='lat' dir='ltr'>multae</span> <span class='ocrx_word' id='word_1_234' title='bbox 927 2512 1104 2548; x_wconf 87' lang='lat' dir='ltr'>tamen“</span> <span class='ocrx_word' id='word_1_235' title='bbox 1137 2518 1214 2548; x_wconf 88' lang='lat' dir='ltr'>etc.</span> <span class='ocrx_word' id='word_1_236' title='bbox 1246 2532 1299 2539; x_wconf 89' lang='lat'>—-</span> <span class='ocrx_word' id='word_1_237' title='bbox 1344 2506 1433 2549; x_wconf 80' lang='lat' dir='ltr'>Cfr.</span> <span class='ocrx_word' id='word_1_238' title='bbox 1466 2524 1529 2550; x_wconf 92' lang='lat' dir='ltr'>ev.</span> <span class='ocrx_word' id='word_1_239' title='bbox 1556 2510 1632 2550; x_wconf 87' lang='lat' dir='ltr'>Jo-</span> 
     </span>
     <span class='ocr_line' id='line_1_30' title="bbox 212 2560 523 2609; baseline -0.01 -6"><span class='ocrx_word' id='word_1_240' title='bbox 212 2579 304 2603; x_wconf 87' lang='lat' dir='ltr'>ann.</span> <span class='ocrx_word' id='word_1_241' title='bbox 335 2562 454 2609; x_wconf 87' lang='lat' dir='ltr'>XIV,</span> <span class='ocrx_word' id='word_1_242' title='bbox 483 2560 523 2603; x_wconf 84' lang='grc'>2.</span> 
     </span>
    </p>
   </div>
   <div class='ocr_carea' id='block_1_7' title="bbox 304 2631 1380 2971">
    <p class='ocr_par' dir='ltr' id='par_1_7' title="bbox 330 2631 856 2687">
     <span class='ocr_line' id='line_1_31' title="bbox 330 2631 856 2687; baseline 0 -15"><span class='ocrx_word' id='word_1_243' title='bbox 330 2633 373 2687; x_wconf 82' lang='lat'>⁴²)</span> <span class='ocrx_word' id='word_1_244' title='bbox 405 2631 516 2674; x_wconf 86' lang='lat' dir='ltr'>Edd.</span> <span class='ocrx_word' id='word_1_245' title='bbox 546 2631 608 2673; x_wconf 88' lang='grc' dir='ltr'>Μ.</span> <span class='ocrx_word' id='word_1_246' title='bbox 641 2636 856 2681; x_wconf 88' lang='lat' dir='ltr'>„tamen.“</span> 
     </span>
    </p>

    <p class='ocr_par' dir='ltr' id='par_1_8' title="bbox 330 2701 1103 2760">
     <span class='ocr_line' id='line_1_32' title="bbox 330 2701 1103 2760; baseline 0.004 -16"><span class='ocrx_word' id='word_1_247' title='bbox 330 2703 371 2760; x_wconf 89' lang='lat'>⁵)</span> <span class='ocrx_word' id='word_1_248' title='bbox 401 2704 536 2744; x_wconf 88' lang='lat' dir='ltr'>Deest</span> <span class='ocrx_word' id='word_1_249' title='bbox 564 2701 808 2758; x_wconf 85' lang='lat' dir='ltr'>„quidem“</span> <span class='ocrx_word' id='word_1_250' title='bbox 839 2701 881 2744; x_wconf 87' lang='lat' dir='ltr'>in</span> <span class='ocrx_word' id='word_1_251' title='bbox 915 2704 1009 2746; x_wconf 90' lang='lat' dir='ltr'>edd.</span> <span class='ocrx_word' id='word_1_252' title='bbox 1041 2704 1103 2746; x_wconf 88' lang='lat' dir='ltr'>M.</span> 
     </span>
    </p>

    <p class='ocr_par' dir='ltr' id='par_1_9' title="bbox 329 2770 1277 2831">
     <span class='ocr_line' id='line_1_33' title="bbox 329 2770 1277 2831; baseline 0 -15"><span class='ocrx_word' id='word_1_253' title='bbox 329 2773 371 2831; x_wconf 81' lang='lat'>⁶)</span> <span class='ocrx_word' id='word_1_254' title='bbox 404 2772 562 2816; x_wconf 85' lang='lat' dir='ltr'>Cantic.</span> <span class='ocrx_word' id='word_1_255' title='bbox 597 2772 631 2822; x_wconf 85' lang='grc' dir='ltr'>Ῑ,</span> <span class='ocrx_word' id='word_1_256' title='bbox 662 2770 700 2814; x_wconf 86' lang='grc'>5.</span> <span class='ocrx_word' id='word_1_257' title='bbox 824 2773 865 2829; x_wconf 90' lang='lat'>⁷)</span> <span class='ocrx_word' id='word_1_258' title='bbox 898 2773 1057 2817; x_wconf 88' lang='lat' dir='ltr'>Cantic.</span> <span class='ocrx_word' id='word_1_259' title='bbox 1089 2774 1209 2826; x_wconf 86' lang='lat' dir='ltr'>VIII,</span> <span class='ocrx_word' id='word_1_260' title='bbox 1238 2775 1277 2819; x_wconf 87' lang='grc'>5.</span> 
     </span>
    </p>

    <p class='ocr_par' dir='ltr' id='par_1_10' title="bbox 304 2842 1380 2971">
     <span class='ocr_line' id='line_1_34' title="bbox 327 2842 1380 2902; baseline 0.002 -17"><span class='ocrx_word' id='word_1_261' title='bbox 327 2844 370 2900; x_wconf 76' lang='lat'>⁸)</span> <span class='ocrx_word' id='word_1_262' title='bbox 400 2844 508 2885; x_wconf 88' lang='lat' dir='ltr'>Edd.</span> <span class='ocrx_word' id='word_1_263' title='bbox 540 2843 601 2884; x_wconf 89' lang='lat' dir='ltr'>M.</span> <span class='ocrx_word' id='word_1_264' title='bbox 634 2842 887 2892; x_wconf 80' lang='lat' dir='ltr'>„fratrem.“</span> <span class='ocrx_word' id='word_1_265' title='bbox 1007 2846 1050 2902; x_wconf 78' lang='lat'>9)</span> <span class='ocrx_word' id='word_1_266' title='bbox 1086 2845 1247 2889; x_wconf 84' lang='lat' dir='ltr'>Cantic.</span> <span class='ocrx_word' id='word_1_267' title='bbox 1279 2847 1312 2896; x_wconf 83' lang='lat' dir='ltr'>I,</span> <span class='ocrx_word' id='word_1_268' title='bbox 1343 2845 1380 2889; x_wconf 88' lang='grc'>6.</span> 
     </span>
     <span class='ocr_line' id='line_1_35' title="bbox 304 2913 815 2971; baseline -0.006 -15"><span class='ocrx_word' id='word_1_269' title='bbox 304 2914 372 2971; x_wconf 86' lang='lat'>¹⁰)</span> <span class='ocrx_word' id='word_1_270' title='bbox 401 2914 509 2955; x_wconf 87' lang='lat' dir='ltr'>Edd.</span> <span class='ocrx_word' id='word_1_271' title='bbox 540 2913 601 2954; x_wconf 88' lang='lat' dir='ltr'>M.</span> <span class='ocrx_word' id='word_1_272' title='bbox 633 2943 656 2963; x_wconf 89' lang='lat'>‚,</span> <span class='ocrx_word' id='word_1_273' title='bbox 670 2923 777 2969; x_wconf 86' lang='lat' dir='ltr'>apta.</span> <span class='ocrx_word' id='word_1_274' title='bbox 790 2918 815 2939; x_wconf 74' lang='lat'>‘⁶</span> 
     </span>
    </p>
   </div>
  </div>
 </body>
</html>
