1759 3134
666 142 806 183 LmER
835 140 888 180 11.
1407 139 1487 181 417

72 258 149 297 bus
181 255 359 308 argenti,
403 256 672 310 quoadusque
702 270 774 294 rex
803 252 855 293 sit
883 251 927 291 in
958 250 1149 291 recubitu
1179 256 1304 290 suo.“
1349 251 1484 305 Supra

75 333 273 382 diximus,
311 332 426 387 quod
454 330 592 387 specie
625 329 819 370 dramatis
851 328 1020 368 libellus
1050 327 1116 368 hic
1148 327 1360 368 ordinatus
1389 342 1485 382 per-

74 426 267 451 sonarum
285 408 576 449 immutatione
594 406 846 448 contexitur:
877 417 918 446 et
932 421 1042 446 nunc
1059 421 1156 457 crgo
1174 405 1370 445 videntur
1384 405 1484 445 haec

75 487 196 528 amici
227 487 294 527 vel
324 486 486 526 sodales
518 484 660 542 sponsi
687 485 738 525 ad
756 499 952 538 sponsam
978 483 1124 532 locuti,
1157 483 1227 538 qui
1254 485 1484 524 secundum

73 563 391 616 intelligentiam
422 563 639 620 mysticam
671 573 734 611 et,
774 572 820 601 ut
849 577 973 617 supra
1001 560 1084 618 jam
1105 559 1146 615 ¹)
1177 560 1377 610 diximus,
1417 573 1486 602 aut

73 642 229 694 angeli,
269 642 336 681 vel
377 641 503 682 etiam
541 640 794 696 prophetae,
836 650 905 678 aut
934 638 1190 694 patriarchae
1221 650 1398 694 possunt
1425 638 1487 678 in-

71 719 217 772 telligi.
276 721 373 760 Non
406 720 515 759 enim
546 729 643 758 tunc
674 716 832 766 solum,
877 732 972 755 cum
1002 726 1099 771 post
1128 715 1384 772 baptismum
1414 719 1484 759 J0„

71 795 185 837 annis
223 796 268 837 in
301 797 465 837 deserto
507 806 687 836 tentatus
719 804 778 834 est
818 809 841 833 a
878 792 1050 834 diabolo
1080 793 1312 844 Dominus,
1352 810 1488 835 acces-

70 873 271 926 serunt2)
306 872 462 925 angeli,
494 883 534 912 et
563 871 903 912 ministraverunt
935 870 994 921 ei,
1033 872 1106 912 sed
1137 884 1230 912 ante
1261 873 1487 913 adventum

70 949 326 1006 praesentiae
377 948 609 1005 corporalis
657 948 998 989 ministraverunt
1046 966 1224 1006 semper.
1292 952 1400 991 Nam
1449 961 1490 990 et

73 1027 139 1067 lex
178 1026 379 1082 disposita
418 1026 461 1066 in
499 1042 625 1066 manu
662 1042 739 1082 per
781 1025 949 1078 angelos
989 1025 1198 1084 dicitur3)
1229 1026 1489 1068 mediatoris.

70 1104 126 1145 Et
144 1104 186 1160 ⁴²)
217 1105 271 1145 ad
301 1104 518 1145 Hebraeos
563 1102 745 1144 scribens
778 1104 1010 1159 Apostolus
1049 1104 1172 1145 dicit:
1219 1104 1345 1161 „si⁵)
1378 1104 1489 1144 enim

73 1182 146 1238 qui
183 1199 261 1238 per
299 1181 468 1234 angelos
506 1180 669 1221 habitus
717 1192 779 1221 est
819 1196 980 1232 sermo,
1025 1181 1158 1222 factus
1198 1193 1258 1222 est
1293 1181 1450 1224 firmus.
1465 1188 1490 1207 “

74 1258 161 1314 Ipsi
206 1275 303 1312 ergo
343 1270 458 1300 erant
495 1258 611 1298 velut
649 1269 808 1299 actores
824 1259 864 1314 ⁶)
897 1270 938 1299 et
976 1270 1270 1314 procuratores
1309 1260 1493 1316 appositi

72 1337 273 1392 parvulae
304 1352 480 1393 sponsae
525 1352 620 1377 cum
658 1336 901 1392 paedagogo
943 1337 1057 1389 lege,
1096 1338 1231 1378 donec
1269 1337 1492 1393 plenitudo

72 1409 316 1470 tempo⁴i=um
347 1413 577 1469 veniret7),
611 1424 651 1453 et
680 1413 866 1453 mitteret
886 1413 1003 1454 Deus
1033 1414 1170 1454 filium
1200 1431 1321 1455 suum
1347 1428 1492 1456 natum

76 1509 123 1533 ex
154 1492 343 1542 muliere,
374 1492 531 1532 factum
564 1491 640 1531 sub
671 1491 784 1543 lege,
817 1502 859 1531 et
888 1491 1119 1532 adduceret
1149 1508 1239 1533 eam
1271 1493 1348 1533 sub
1379 1505 1493 1534 acto-

74 1572 188 1611 ribus
205 1570 246 1625 3)
287 1581 327 1610 et
366 1569 711 1626 procuratoribus
758 1580 798 1609 et
836 1569 1078 1625 paedagogo
1120 1569 1232 1621 lege,
1275 1582 1322 1611 ut
1363 1570 1492 1626 ipsius

75 1648 193 1689 verbi
222 1647 306 1688 Dei
338 1646 501 1697 oscula‘,
545 1646 781 1687 doctrinam
811 1645 972 1687 scilicet
1001 1647 1211 1702 verbaque
1251 1647 1491 1704 susciperet.

76 1726 314 1780 Antequam
345 1739 442 1776 ergo
474 1735 641 1779 tempus
672 1723 822 1764 horum
854 1724 1035 1773 adesset,
1076 1723 1120 1764 in
1150 1724 1295 1764 multis
1325 1725 1495 1778 angelo-

75 1819 170 1842 rum
198 1801 432 1843 ministerio
464 1801 735 1842 excolebatur
774 1817 948 1857 sponsa,
994 1801 1064 1857 qui
1103 1803 1359 1858 apparebant
1395 1816 1493 1845 tunc

76 1879 329 1928 hominibus,
363 1889 403 1919 et
432 1879 714 1935 loquebantur
744 1894 812 1929 ea,
856 1894 960 1934 quae
990 1895 1055 1919 res
1086 1881 1288 1936 poscebat
1318 1892 1360 1921 et
1388 1892 1495 1922 tem-

78 1973 167 2012 pus.
227 1957 325 1998 Non
355 1954 468 1997 enim
508 1967 555 1997 tu
584 1956 689 1997 mihi
728 1972 775 1996 ex
816 1956 997 1997 adventu
1037 1956 1254 1998 salvatoris
1293 1958 1335 1998 in
1375 1974 1494 2000 carne

76 2050 274 2090 sponsam
305 2033 412 2084 dici,
443 2046 513 2075 aut
543 2033 762 2075 ecclesiam
792 2045 935 2090 putes,
977 2034 1050 2074 sed
1081 2034 1132 2074 ab
1162 2034 1284 2075 initio
1325 2036 1496 2077 humani

78 2111 258 2163 generis,
300 2122 341 2151 et
371 2112 422 2151 ab
460 2111 548 2167 ipsa
581 2110 880 2152 constitutione
918 2111 1085 2162 mundi,
1135 2110 1246 2163 imo,
1285 2124 1332 2153 ut
1361 2113 1495 2154 Paulo

79 2188 186 2230 duce
216 2188 338 2230 altius
369 2188 555 2246 mysterii
593 2188 714 2247 hujus
747 2187 952 2241 originem
991 2199 1202 2245 repetam,
1246 2202 1340 2231 ante
1371 2191 1496 2232 etiam

82 2265 428 2308 constitutionem
465 2266 625 2308 mundi.
705 2265 776 2308 Sic
826 2265 939 2307 enim
987 2266 1090 2307 dicit
1137 2267 1249 2324 ipse:
1297 2269 1439 2319 „sicut
1455 2269 1497 2324 ⁹)

204 2468 240 2523 ¹)
272 2468 404 2509 Deest
435 2465 590 2524 ‚,jam“
619 2466 664 2508 in
694 2468 787 2510 edd.
820 2469 881 2511 M.

197 2537 241 2594 2)
271 2536 350 2579 Ed.
379 2537 536 2578 Ruaei:
568 2545 913 2588 „recesserunt.“
942 2563 996 2573 --
1028 2540 1114 2583 Cfr.
1147 2537 1296 2579 Matth.
1331 2539 1402 2591 IV,
1434 2538 1497 2583 11.

198 2608 241 2664 ³)
274 2607 359 2649 Cfr.
389 2607 526 2649 Galat.
558 2608 636 2659 III,
669 2607 741 2652 19.

201 2677 244 2730 ¹²)
276 2677 385 2719 Edd.
418 2677 610 2719 Merlini:
643 2678 762 2729 „Sed
794 2679 880 2720 ad“
913 2691 989 2722 etc.·

201 2748 243 2802 ⁵)
277 2746 406 2789 Hebr.
439 2748 494 2797 II,
523 2747 562 2790 2.
683 2749 723 2802 ⁶)
753 2747 861 2790 Edd.
893 2749 955 2790 M.
987 2756 1262 2800 ‚‚auctores.“

201 2816 245 2872 7)
277 2817 362 2867 Cfr.
395 2817 487 2858 Gal.
519 2818 591 2870 IV,
622 2818 661 2860 4.
780 2821 823 2876 Θ)
853 2819 960 2861 Edd.
992 2820 1052 2861 M.
1085 2819 1414 2871 „auctoribus.“

203 2887 246 2942 ⁹)
279 2886 364 2928 Cfr.
395 2886 547 2943 Ephes.
582 2890 613 2938 l,
645 2888 685 2930 4.
717 2890 754 2931 5.
987 2903 990 2905 ’

91 2964 313 3005 Omossms
344 2964 512 3006 OPERA.
545 2965 663 3007 Tom.
687 2965 804 3007 XIV.
1142 2966 1195 3009 27
