1759 3134
212 112 296 157 350
502 115 720 157 Omenms
750 129 795 158 m
827 116 1008 157 CAN'rre.
1045 114 1346 157 Cmriconum

213 238 325 279 tegre
357 238 397 267 et
427 228 583 284 absque
613 228 700 269 ulla
731 229 931 279 salsitate,
972 229 1037 268 vol
1071 228 1237 269 colores
1277 243 1528 283 corporum,
1568 230 1632 270 vel

211 304 516 357 magnitudines
547 305 850 363 qualitatesque
873 307 1172 363 deprehendet.
1233 308 1341 347 Nam
1371 306 1403 347 si
1436 318 1506 347 aut
1537 306 1635 348 cali-

211 380 324 434 gine,
369 394 440 423 aut
478 383 559 425 alia
598 385 786 442 qualibet
824 385 1065 427 infirmitate
1105 384 1362 440 impediatur
1399 386 1634 442 adspectus,

213 470 254 500 et
281 460 455 502 rubrum
485 478 566 518 pro
598 463 718 514 albo,
751 475 792 504 et
820 464 950 504 viride
981 479 1059 520 pro
1092 462 1234 515 nigro,
1265 474 1335 504 aut
1365 474 1528 504 rectum
1557 478 1635 519 pu-

212 550 270 580 tat
299 539 337 595 ¹)
369 555 455 581 esse
486 539 658 596 aliquid,
692 557 786 582 cum
819 559 995 582 curvum
1025 541 1077 582 sit
1109 552 1150 582 et
1179 552 1434 592 tortuosum,
1468 553 1635 582 contur-

210 617 378 659 babitur
415 617 503 659 sine
544 617 674 658 dubio
713 617 918 676 judicium
962 618 1136 669 mentis,
1182 629 1223 659 et
1267 618 1382 660 aliud
1425 635 1503 675 pro
1550 618 1633 659 alio

210 707 367 749 agetur.
425 697 490 737 Ita
529 712 626 750 ergo
669 707 710 737 et
741 695 919 738 interior
949 697 1079 748 visus,
1119 695 1200 737 nisi
1233 695 1471 737 eruditione
1505 706 1545 737 et
1574 694 1636 736 in-

211 773 369 815 dustria
398 773 526 815 fuerit
556 773 816 825 exercitatus,
849 791 934 831 quo
968 791 1044 831 per
1068 774 1246 816 multam
1263 772 1460 831 peritiam
1481 772 1635 815 discre-

212 850 373 893 tionem
409 851 513 893 boni
550 852 700 893 habeat
738 867 784 893 ac
823 852 945 904 mali,
983 854 1058 894 sed
1091 852 1324 907 ignorantia
1355 863 1395 893 et
1426 849 1637 908 imperitia

209 940 408 986 tanquam
450 929 583 983 caligo
626 929 760 972 oculis
800 929 1018 980 inciderit,
1064 943 1135 972 aut
1174 931 1300 973 etiam
1337 929 1523 971 malitiae
1554 928 1636 969 ‘ali-

212 1006 328 1066 cujus
361 1007 537 1060 languor
561 1007 602 1064 ²)
633 1019 832 1064 tanquam
870 1007 998 1064 lippis
1038 1009 1172 1050 oculis
1209 1008 1450 1058 accesserit,
1493 1006 1633 1048 discri-

210 1100 309 1125 men
336 1084 441 1125 boni
471 1097 542 1126 aut
571 1085 673 1126 mali
704 1085 859 1126 intueri
888 1084 1126 1126 nullatenus
1156 1086 1312 1142 possit:
1352 1098 1392 1127 et
1422 1085 1519 1126 inde
1549 1085 1636 1135 fiet,

209 1174 257 1203 ut
294 1162 405 1203 mala
444 1179 523 1218 pro
562 1161 686 1202 bonis
725 1174 838 1214 agat,
878 1163 991 1202 bona
1032 1179 1131 1203 vero
1172 1181 1250 1220 pro
1293 1163 1414 1204 malis
1454 1175 1636 1219 spernat.

210 1240 456 1282 Secundum
493 1240 598 1281 hanc
639 1255 738 1281 vero
777 1240 980 1291 sormam,
1029 1241 1154 1296 quam
1204 1241 1255 1281 de
1303 1240 1394 1282 visu
1446 1241 1636 1297 corporis

210 1318 457 1375 animaeque
486 1317 776 1369 tractavimus,
818 1331 1125 1376 consequenter
1164 1318 1289 1359 etiam
1331 1319 1381 1360 de
1421 1318 1566 1360 auditu
1597 1330 1637 1360 et

211 1408 332 1449 gustu
363 1408 404 1438 et
435 1397 629 1448 odoratu,
660 1408 857 1454 tactuque
888 1414 966 1453 per
995 1397 1175 1450 singulas
1207 1414 1391 1454 quasque
1421 1396 1485 1438 sui
1515 1413 1639 1450 gene-

211 1476 267 1517 ris
298 1475 473 1517 virtutes
511 1492 707 1534 sensuum
753 1475 1042 1531 corporalium
1084 1475 1269 1516 referens
1293 1476 1334 1532 3)
1380 1477 1433 1517 ad
1477 1475 1637 1517 animae

209 1571 366 1605 sensus,
396 1570 501 1611 quae
532 1553 576 1594 in
606 1553 778 1607 singulis
801 1552 1052 1610 adhiberi4)
1072 1553 1252 1594 debeant
1274 1554 1481 1606 exercitia,
1515 1571 1640 1611 quae-

210 1650 292 1689 que
310 1633 461 1673 debeat
479 1631 718 1673 emendatio
743 1632 893 1688 parari,
920 1630 1109 1672 dilucide
1133 1647 1407 1684 recognosces
1425 1634 1480 1690 ⁵).
1522 1634 1639 1676 Haec

208 1722 350 1751 autem
388 1710 518 1767 paulo
561 1709 702 1751 latiori
742 1725 910 1751 excessu
948 1708 1165 1766 prosecuti
1202 1725 1367 1761 sumuS,
1415 1713 1636 1754 ostendere

209 1789 422 1840 volentes,
463 1788 691 1830 odoratum
730 1804 908 1846 sponsae
941 1799 983 1829 et
1003 1789 1046 1845 ⁶)
1075 1787 1507 1842 adolescentularum,
1549 1808 1633 1848 quo

210 1867 413 1908 odoratae
442 1879 538 1909 sunt
569 1868 749 1908 odorem
779 1877 1091 1920 unguentorum
1121 1866 1287 1923 sponsi,
1324 1883 1411 1909 non
1444 1869 1635 1926 corporis

208 1961 376 1996 sensus,
406 1946 481 1986 sed
511 1944 642 1986 divini
674 1944 818 1986 odoris
849 1944 987 1995 illius,
1018 1956 1059 1986 et
1089 1942 1315 1996 interioris,
1347 1946 1419 2002 qui
1448 1947 1636 2003 appella-

207 2035 299 2074 tur,
342 2023 525 2065 hominis
564 2022 660 2066 dici.
719 2022 815 2065 Hic.
844 2040 941 2076 ergo
981 2021 1243 2063 odorationis
1272 2038 1435 2074 sensus,
1475 2023 1520 2064 in
1550 2041 1633 2081 quo

207 2117 328 2142 sanus
359 2113 421 2142 est
452 2112 492 2142 et
521 2101 693 2155 integer,
726 2102 860 2143 odore
882 2100 1037 2143 Christi
1065 2111 1239 2156 accepto
1273 2116 1321 2141 ex
1350 2101 1435 2141 vita
1464 2102 1635 2144 adducit

207 2180 261 2220 ad
290 2179 430 2220 vitam.
490 2178 538 2222 Si
567 2196 668 2221 vero
698 2196 784 2221 non
815 2179 869 2221 sit
899 2196 1037 2229 sanus,
1075 2179 1157 2219 hoc
1189 2178 1324 2219 odore
1353 2191 1549 2237 suscepto
1582 2181 1633 2221 de

207 2269 347 2299 morte
384 2257 428 2298 in
466 2269 651 2299 mortem
682 2256 852 2316 dejicit,
891 2258 1123 2300 secundum
1154 2254 1300 2307 illum,
1342 2256 1414 2314 qui
1445 2256 1634 2301 dicebat:

328 2411 368 2470 ἰ)
397 2393 507 2455 Edd.
539 2413 737 2456 Merlini:
767 2427 889 2472 putet
919 2430 1006 2455 csse
1039 2426 1115 2456 etc.

324 2484 368 2541 ²)
398 2484 508 2527 Edd.
538 2485 733 2527 Merlini:
765 2486 1024 2538 „languoret
1053 2488 1289 2541 tanquam“
1322 2494 1399 2526 etc.

323 2554 367 2611 3)
401 2554 471 2597 Sic
502 2555 629 2607 Mss.,
671 2555 769 2596 libri
800 2572 900 2597 vero
934 2555 1036 2598 editi
1070 2558 1127 2614 (e.
1158 2572 1192 2598 c.
1225 2555 1319 2597 edd.
1350 2553 1456 2612 M.):
1487 2555 1632 2607 „refe-

208 2626 361 2653 remus.
377 2617 401 2636 “
460 2612 511 2654 R.

324 2681 365 2739 ⁴)
395 2682 503 2724 Edd.
536 2682 731 2724 Merlini:
763 2684 999 2735 „adhibere
1030 2685 1182 2726 debeat
1212 2682 1441 2727 exercitia“
1475 2694 1552 2725 etc.

324 2753 365 2809 ⁵)
397 2752 468 2795 Sic
501 2753 626 2804 Mss.,
657 2753 756 2795 libri
786 2771 886 2796 vcro
921 2754 1024 2796 editi
1055 2755 1111 2812 (e.
1145 2772 1179 2797 c.
1211 2756 1306 2797 edd.
1336 2754 1444 2812 M.):
1475 2770 1628 2806 „reco-

205 2826 465 2864 gnoscemus.
481 2816 506 2834 “
563 2811 614 2852 R.

322 2881 364 2938 ⁶)
395 2881 528 2922 Deest
559 2891 635 2932 „et
649 2886 673 2906 “
705 2879 746 2922 in
779 2881 874 2923 edd.
905 2881 966 2923 M.
