1759 3134
238 107 323 154 322
533 108 756 151 Ome-ems
786 117 833 150 m
863 105 1046 149 CANrm.
1081 106 1385 150 CANTICORUM

241 221 549 279 perfectionem
579 222 621 264 in
652 221 828 265 Cantico
864 221 1158 273 Canticorum,
1200 238 1294 264 cum
1332 222 1434 264 haec
1458 221 1499 279 ¹)
1538 223 1660 265 etiam

243 300 286 341 in
327 300 549 354 evangeliis
588 301 729 343 videas
769 301 944 358 scripta,
982 300 1058 342 uhi
1096 312 1275 357 propter
1309 317 1386 343 nos
1428 313 1469 342 et
1500 301 1589 358 ipse
1619 302 1660 343 in

243 379 365 421 nobis
399 380 554 421 dicitur
580 381 802 437 proficere.
864 380 935 423 Sic
975 380 1087 421 enim
1117 380 1298 420 refertur
1319 379 1384 437 ²),
1423 379 1521 437 quia
1558 379 1664 431 „Je-

244 474 312 498 sus
327 457 369 512 ³)
400 459 650 515 proficiebat
679 472 812 503 aetate
842 473 881 502 et
911 458 1114 516 sapientia
1144 459 1257 515 apud
1282 459 1425 500 Deum
1456 470 1498 500 et
1525 458 1663 500 homi-

242 542 358 577 nes.“
427 536 538 579 Puto
583 555 703 593 ergo,
743 540 859 596 quod
895 555 974 595 pro
1016 537 1078 579 his
1122 537 1337 588 omnibus,
1377 553 1514 595 neque
1552 537 1663 578 filius

241 613 405 666 David,
444 632 583 673 neque
619 633 691 658 rex
720 617 848 659 Israel
885 617 1101 658 scribitur:
1139 616 1213 657 sed
1251 627 1292 657 et
1320 633 1399 673 pro
1433 633 1483 658 eo
1516 617 1663 668 adhuc,

243 693 360 749 quod
396 693 439 736 in
470 695 645 737 Cantico
677 696 952 739 canticorum
990 712 1142 753 sponsa
1180 695 1263 754 jam
1300 695 1345 736 in
1373 707 1536 737 tantum
1564 711 1666 752 pro—

241 771 425 823 fecerat,
463 785 510 814 ut
538 773 674 832 majus
702 774 865 831 aliquid
895 787 1026 826 esset,
1065 791 1190 832 quam
1222 786 1283 816 est
1310 789 1485 828 regnum
1513 773 1667 815 Hieru-

240 849 383 892 salem.
466 853 575 894 Nam
621 852 889 895 Hierusalem
935 854 1164 896 coelestem
1214 853 1317 895 dicit
1341 852 1384 911 ⁴)
1432 852 1665 909 Apostolus

241 944 352 980 esse,
395 940 519 987 atque
558 930 611 972 ad
652 948 742 973 eam
781 944 990 974 memorat
1021 933 1237 974 credentes
1268 931 1481 973 accedere.
1541 930 1665 972 Hunc

242 1023 341 1061 ergo
371 1024 598 1064 sponsum,
629 1010 682 1051 ad
714 1027 842 1067 quem
870 1027 982 1053 nunc
1013 1027 1167 1067 sponsa
1195 1010 1384 1061 festinat,
1414 1010 1531 1052 idem
1558 1008 1668 1051 Pau-

238 1085 328 1137 lus,
361 1102 457 1127 cum
488 1103 586 1127 eum
615 1087 866 1143 pontificem
895 1089 1122 1130 maximum
1157 1088 1282 1139 dicit,
1310 1087 1372 1130 ita
1401 1088 1454 1129 de
1486 1104 1536 1130 eo
1569 1087 1669 1129 scri-

237 1163 316 1215 bit,
347 1163 465 1220 quasi
495 1164 568 1221 qui
595 1180 683 1206 non
714 1164 758 1206 in
790 1165 919 1208 coelis
950 1167 1018 1218 sit,
1047 1168 1121 1208 sed
1138 1167 1179 1222 ⁵)
1209 1165 1500 1223 pertransierit
1522 1182 1667 1208 omnes

241 1243 409 1295 coelos,
453 1255 496 1285 et
539 1243 644 1286 illuc
685 1261 856 1302 quoque
896 1261 993 1286 eum
1029 1245 1132 1286 haec
1179 1261 1252 1286 sua
1289 1245 1478 1302 perfecta
1515 1261 1668 1302 sponsa

239 1332 445 1374 sectetur,
491 1323 579 1364 imo
624 1323 730 1365 illuc
771 1323 999 1366 adhaerens
1038 1323 1078 1365 ei
1123 1335 1163 1366 et
1202 1322 1425 1381 conjuncta
1469 1340 1668 1366 conscen-

169 1449 171 1452 .
238 1400 350 1441 derit
372 1400 436 1457 ὓ);
482 1413 543 1443 est
589 1402 700 1444 enim
749 1404 860 1445 facta
905 1419 1001 1444 cum
1041 1418 1092 1443 eo
1136 1419 1243 1444 unus
1287 1402 1484 1461 spiritus.⁴
1542 1403 1667 1444 Unde

236 1478 407 1520 videtur
445 1479 551 1521 mihi
584 1492 625 1522 et
655 1482 709 1522 ad
738 1480 937 1533 Petrum,
978 1480 1050 1538 qui
1083 1497 1173 1522 non
1201 1491 1370 1537 poterat
1400 1498 1498 1523 eum
1525 1481 1668 1538 primo

235 1557 376 1613 sequi,
418 1575 516 1600 cum
547 1559 729 1602 diceret:
770 1578 891 1619 „quo
918 1560 959 1618 7)
992 1575 1068 1613 ego
1100 1560 1233 1612 vado,
1273 1576 1348 1602 vos
1377 1576 1463 1602 non
1493 1560 1669 1617 potestis

234 1634 379 1676 venire
409 1638 603 1679 modo:“
634 1636 807 1679 dixisse:
843 1638 1056 1695 „sequeris
1071 1638 1114 1696 ⁸)
1140 1650 1281 1680 autem
1299 1645 1491 1695 postea.“
1535 1638 1667 1694 Quod

235 1725 378 1755 autem
408 1714 462 1755 sit
491 1715 653 1773 aliquid
672 1716 808 1775 majus
831 1728 872 1758 et
894 1718 945 1758 ab
965 1717 1109 1769 Israel,
1140 1715 1238 1759 inde
1271 1717 1523 1772 colligimus,
1554 1717 1670 1774 quod

232 1791 278 1834 in
306 1795 597 1835 Numerorum
631 1794 744 1837 libro
788 1795 925 1837 omnis
956 1794 1131 1852 quidem
1160 1795 1293 1839 Israel
1321 1806 1585 1847 numeratur,
1629 1806 1669 1836 et

234 1871 465 1914 duodecim
501 1874 635 1915 tribus
671 1869 805 1916 Israel
836 1885 952 1916 certo
985 1875 1063 1916 sub
1095 1892 1275 1918 numero
1316 1887 1557 1918 censentur:
1595 1874 1669 1916 tri-

231 1950 311 1991 bus
341 1967 443 1992 vero
473 1944 682 2003 Levitica,
719 1963 874 2010 utpote
906 1953 1054 1995 ceteris
1087 1955 1364 2007 eminentior,
1407 1970 1533 2011 supra
1561 1953 1670 1994 hunc

234 2045 460 2071 numerum
488 2029 681 2083 habetur,
712 2041 757 2073 et
782 2047 1051 2090 nequaquam
1081 2031 1127 2075 in
1149 2034 1193 2092 9)
1223 2032 1461 2076 Israelitico
1490 2046 1668 2074 numero

351 2256 391 2313 ¹)
419 2254 697 2300 Desideratus
725 2257 906 2310 ‚‚.haec“
936 2258 980 2302 in
1011 2262 1107 2306 edd,
1139 2256 1205 2303 Μ.

347 2330 392 2386 ²)
421 2328 532 2371 Edd.
563 2326 757 2370 Merlini:
791 2331 1024 2387 profertur.

347 2397 390 2456 ³)
420 2400 520 2441 Luc.
551 2400 609 2450 Π,
640 2399 707 2445 52.

345 2463 389 2527 1Ι)
421 2470 507 2512 Cfr.
537 2470 667 2513 Hebr.
697 2471 800 2526 XII,
830 2474 900 2519 22.
934 2475 1033 2517 coll.
1066 2475 1134 2521 18.

344 2543 388 2597 5)
419 2541 736 2584 Edd.N1erlini:
759 2547 866 2595 „sed
883 2547 1116 2602 penetrarit
1136 2554 1177 2588 et
1192 2543 1481 2602 pertransierit
1492 2550 1662 2586 omnes“

226 2610 305 2641 etc.
338 2621 390 2629 --
424 2599 510 2640 Cfr.
542 2599 673 2641 Hebr.
705 2600 780 2652 IV,
814 2603 883 2646 14.

341 2671 383 2726 ⁶)
413 2668 522 2711 Edd.
554 2669 750 2712 Merlini:
781 2675 1048 2717 conscendit.

340 2741 381 2796 ⁷)
411 2739 657 2783 Ev.J0ann.
678 2741 805 2794 XIII,
841 2744 908 2788 36,
942 2769 992 2776 -
1023 2746 1158 2789 Deest
1194 2744 1383 2798 „modo“
1412 2743 1456 2785 in
1487 2744 1580 2785 edd.
1602 2743 1659 2785 M.

335 2810 379 2866 8)
407 2810 486 2852 Ev.
515 2811 666 2853 Joann.
695 2811 823 2865 XIII,
860 2815 928 2860 36,

333 2881 377 2938 ⁹)
406 2881 539 2924 Deest
570 2882 689 2935 „in“
718 2883 762 2925 in
794 2885 894 2928 edd.
927 2888 988 2930 M.
