1759 3134
231 116 285 160 96
626 118 844 161 OmGEms
875 132 920 160 m
951 119 1243 161 Ezsscnmmm

233 243 346 280 tuas,
389 242 430 271 et
467 229 604 270 fecisti
639 230 718 271 tibi
757 232 871 273 idola
901 232 1038 273 sutilia
1067 233 1148 287 ¹).“
1206 232 1272 271 De
1304 232 1389 282 his,
1432 233 1581 287 quibus
1612 246 1652 275 te

233 308 400 357 ornavi,
441 307 590 363 quibus
620 308 796 363 pulchra
826 311 932 350 sacta
966 326 1027 359 οε,
1069 308 1203 349 fecisti
1240 309 1319 348 tibi
1356 309 1471 349 idola
1501 312 1650 352 sutilia.

234 385 348 425 Volo
379 385 514 425 adhuc
546 401 778 440 exponere,
819 403 923 442 quae
954 398 1049 427 sunt
1079 386 1193 426 idola
1225 386 1385 436 sutilia,
1426 403 1530 442 quae
1565 388 1654 442 qui-

234 462 329 501 dem
362 462 414 502 de
444 461 628 502 vestibus
661 475 927 504 consuerunt.
989 465 1134 504 Vestes
1157 463 1199 519 ²)
1233 463 1395 504 divinae
1426 463 1654 518 scripturae

231 549 346 588 sunt,
387 550 428 579 et
463 555 627 589 sensus,
670 540 742 596 qui
785 552 845 581 est
884 541 926 581 in
957 541 1019 582 iis.
1081 541 1390 582 Consciderunt
1419 540 1489 580 has
1520 551 1654 580 vestes

232 615 454 666 haeretici,
495 628 536 657 et
577 629 831 658 consuerunt
870 617 1029 658 dictum
1062 618 1203 667 dicto,
1241 618 1366 657 verba
1399 617 1534 658 verbis
1563 617 1655 675 jun-

231 705 386 746 gentes,
417 694 490 734 sed
519 710 607 734 non
641 711 736 735 cum
769 707 1008 751 opportuna
1038 695 1229 752 junctura
1261 707 1454 751 aptaque,
1486 706 1527 735 et
1556 710 1655 734 con-

229 782 393 810 suentes
431 770 562 826 impia
599 772 679 812 sibi
719 773 940 813 simulacra
983 773 1174 813 fecerunt
1241 773 1391 828 quibus
1430 772 1655 812 illexerunt

1186 806 1195 824 1

231 848 435 902 quosdam
463 849 648 900 credere,
681 862 721 890 et
748 849 982 890 consentire
1004 851 1055 889 ad
1081 850 1241 890 cultum
1258 866 1419 898 eorum,
1452 860 1492 888 et
1513 848 1656 888 fictam

228 925 438 981 suscipere
470 925 756 981 disciplinam:
794 928 913 967 Deus
946 943 1046 967 vero
1088 943 1232 967 omnes
1262 943 1339 967 nos
1370 928 1421 967 ab
1446 927 1488 982 ³)
1517 925 1581 965 his
1613 937 1654 965 et

229 1002 319 1042 aliis
338 1002 569 1044 simulacris
592 1003 756 1054 liberet,
784 1017 830 1045 ut
852 1004 1169 1057 magnificemur
1193 1004 1236 1044 in
1260 1004 1425 1046 Christo
1445 1005 1558 1052 Jesu,
1587 1003 1653 1043 cui

231 1090 289 1118 est
320 1079 453 1131 gloria
485 1092 524 1120 et
555 1080 782 1137 imperium
812 1082 856 1122 in
889 1082 1055 1123 saecula
1084 1082 1362 1123 saeculorum.
1424 1081 1578 1122 Amen'

594 1349 1086 1398 HOMILIA
1162 1350 1287 1399 Vll.

226 1455 295 1495 De
325 1470 400 1505 eo,
432 1455 549 1510 quod
580 1455 754 1496 dicitur:
787 1473 987 1506 „sumens
1013 1456 1054 1510 ⁴)
1088 1458 1138 1497 de
1169 1456 1428 1498 vestimentis
1459 1456 1563 1497 meis
1593 1457 1654 1496 fe-

228 1531 319 1572 cisti
358 1531 435 1572 tibi
477 1533 638 1573 excelsa
678 1533 776 1573 hinc
812 1533 910 1573 inde
952 1540 1182 1575 consuta:“
1224 1550 1377 1590 usque:
1420 1544 1498 1582 „et
1523 1533 1563 1588 ⁵)
1600 1549 1651 1572 ne

762 1610 821 1651 sic
850 1610 996 1651 satiata
1028 1617 1111 1651 es.“

339 1719 374 1762 1.
422 1719 645 1772 catalogus
682 1732 957 1776 peccatorum
985 1721 1242 1771 Jerusalem,
1282 1733 1495 1777 utcunque
1525 1723 1653 1762 suerit

226 1796 488 1847 intellectus,
528 1798 722 1839 aedificat
761 1798 1013 1840 audientem.
1088 1798 1322 1853 Quomodo
1365 1799 1497 1850 enim,
1538 1799 1572 1840 si
1611 1799 1654 1839 in

346 1940 387 1996 ¹)
417 1940 527 1981 Edd.
558 1939 737 1980 Merlini
765 1939 847 1979 hoc
878 1939 978 1996 locp
1007 1951 1047 1979 et
1077 1955 1191 1995 seqq.
1222 1939 1353 1980 male:
1385 1939 1566 1981 subtilia.

339 2010 383 2066 2)
415 2010 468 2050 R.
500 2009 545 2050 in
573 2009 705 2050 notis:
747 2008 963 2059 „Catenae
993 2009 1094 2051 Mss.
1147 2007 1214 2052 Τὰ
1255 2006 1413 2063 ἱμάτιά
1447 2010 1569 2051 ἔστιν
1603 2009 1653 2052 ἓν

223 2082 286 2135 τῷ
317 2083 441 2136 μέρει
473 2078 617 2135 τούτῳ
648 2082 695 2121 αἱ
725 2081 841 2137 ἱεραὶ
871 2083 1065 2137 γραφαὶ,
1097 2082 1173 2122 καὶ
1210 2077 1231 2122 ὁ
1269 2079 1317 2122 ἓν
1344 2078 1500 2127 αὐταῖς
1532 2081 1652 2127 νοῦς.

217 2144 278 2192 ‘H
306 2142 388 2192 οὖν
419 2151 674 2193 ἐκπεσοῦσα
705 2151 781 2202 τῆς
812 2147 1024 2202 ἀληθείας
1055 2148 1177 2206 ψυχὴ
1209 2152 1343 2205 σχίζει
1375 2147 1429 2191 τὰ
1452 2150 1650 2192 δοθέντα

224 2219 334 2279 αὐτῇ
382 2223 443 2269 εἰς
489 2216 837 2276 εὐσχημοσύνην
880 2217 1052 2277 ἱμάτια.
1130 2221 1284 2263 Οἱονεὶ
1328 2220 1538 2263 διελεῖται
1576 2218 1655 2268 τὰς

222 2287 423 2349 γραφὰς,
455 2292 532 2332 καὶ
564 2286 808 2350 συῤῥάπτει
840 2288 976 2345 ῥητὸν
1006 2292 1149 2350 ῥητῷ,
1184 2289 1235 2333 οὐ
1265 2288 1379 2345 μετὰ
1410 2292 1484 2344 τῆς
1515 2287 1652 2334 δεούκ-

223 2376 301 2414 σης
331 2363 523 2415 πλοκῆς·
556 2364 632 2403 καὶ
652 2358 929 2420 συρῥάψασα
950 2365 1076 2404 ποιεῖ
1098 2361 1263 2404 εἴδωλα
1288 2359 1343 2403 τὰ
1368 2360 1507 2416 ἀσεβῆ
1537 2359 1649 2416 νοή-

223 2447 369 2486 ματα,
413 2432 462 2474 ἕν
503 2426 568 2479 οἷς
605 2429 884 2486 λατρεύουσα
925 2428 1151 2486 πορνεύει.
1218 2430 1415 2486 Τοιαύτη
1439 2431 1584 2475 -ἐστὶν
1623 2430 1650 2485 ἦ

223 2499 348 2557 ψυχὴ
388 2503 468 2544 τοῦ
509 2503 749 2558 αἱρετικοῦ.
807 2499 1054 2556 Αἱρετικός
1081 2502 1135 2544 δέ
1170 2501 1314 2549 ἔστιν,
1362 2501 1414 2544 οὐ
1444 2500 1594 2559 μόνον
1625 2500 1648 2545 ὁ

225 2569 338 2613 κατὰ
367 2569 416 2614 τὸ
450 2569 670 2628 φρόνημα
703 2570 1035 2628 ἆπεσχισμένος
1065 2575 1140 2626 τῆς
1170 2571 1396 2626 ἀληθείας,
1431 2571 1545 2615 ἀλλὰ
1572 2576 1648 2615 καὶ

223 2639 245 2684 ὁ
278 2639 392 2684 κατὰ
423 2641 647 2697 πρᾶξιν.“

338 2711 381 2766 ³)
412 2711 520 2751 Edd.
552 2711 746 2752 Merlini:
779 2723 819 2752 et
850 2712 900 2752 ab
931 2711 993 2752 his
1025 2724 1065 2752 et
1093 2711 1183 2752 aliis
1216 2723 1292 2752 etc.

337 2780 380 2836 4)
411 2781 561 2821 Ezech.
593 2782 708 2831 XVI,
742 2781 805 2824 16.

338 2852 378 2906 ⁵)
408 2851 558 2892 Ezech.
589 2852 704 2902 XVI,
735 2851 799 2895 29.
837 2876 884 2882 -
919 2852 1025 2893 Edd.
1059 2852 1253 2894 Merlini:
1294 2864 1333 2892 et
1365 2868 1441 2892 nec
1474 2851 1531 2892 sic
1565 2864 1639 2892 εἰς,
