1759 3134
658 110 855 152 HommA
885 110 904 149 Ι
909 109 939 148 Ι.
1434 110 1519 153 259

96 223 289 274 „Christi
317 224 355 279 ¹)
399 226 535 264 bonus
576 225 685 264 odor
716 238 856 263 sumus
886 220 930 260 in
963 220 1079 261 omni
1111 222 1209 262 loco
1240 222 1282 262 in
1314 221 1402 271 his,
1443 223 1515 278 qui

94 302 326 351 salvantur,
364 312 405 340 et
438 301 480 340 in
511 301 596 351 his,
636 299 707 356 qui
737 303 973 354 pereunt:“
1012 299 1125 339 bona
1165 315 1294 354 opera
1324 310 1395 338 tua
1422 314 1516 339 nar-

96 379 172 418 dus
202 389 308 418 sunt.
367 377 413 418 Si
443 394 544 417 vero
574 375 836 433 peccaveris,
877 386 1049 430 peccata
1078 387 1189 415 tetro
1223 377 1355 416 odore
1386 376 1512 416 redo·

98 455 267 505 lebunt3
309 453 412 493 dicit
454 455 612 510 quippe
655 452 898 508 poenitens:
945 463 1336 507 „computruerunt
1360 452 1427 507 ²),
1473 463 1513 492 et

96 543 318 586 corruptae
346 542 443 571 sunt
472 531 685 572 cicatrices
714 545 832 570 meae
867 545 890 569 a
918 527 1025 568 facie
1056 526 1319 582 insipientiae
1351 535 1512 570 meae.“

98 610 192 649 Non
233 608 284 647 de
323 609 456 648 nardo
494 607 763 663 propositum
804 617 864 646 est
901 621 1013 645 nunc
1052 603 1230 659 Spiritui
1269 616 1412 645 sancto
1454 605 1510 645 di-

99 701 207 735 cere,
235 701 373 740 neque
406 686 458 725 de
487 685 593 734 hoc,
625 685 740 740 quod
774 682 907 723 oculis
936 682 1151 722 intuemur
1171 683 1238 737 3),
1269 682 1520 734 evangelista

97 761 243 802 scribit
271 773 484 813 unguento
502 792 512 811 ,
542 763 616 802 sed
647 763 699 802 de
727 761 859 802 nardo
890 758 1121 815 spirituali,
1153 759 1205 799 de
1234 760 1382 811 nardo,
1413 776 1518 816 quae

102 837 220 878 dedit
250 839 429 878 odorem
458 855 593 880 suum.

213 914 251 959 3.
300 915 570 965 „Fasciculus
588 916 628 970 4)
659 926 807 955 stactes
819 919 857 963 “,
888 913 932 953 id
964 924 1038 962 est,
1069 924 1223 965 guttae,
1254 913 1341 953 sive
1370 913 1521 964 stillae,

93 992 332 1042 „fratruelis
361 1008 479 1032 meus
508 991 656 1032 mihi.“
715 991 889 1032 Guttam
918 990 1135 1043 unguenti,
1168 989 1320 1031 casiam
1341 991 1401 1046 ⁵),
1429 990 1514 1042 gal-

95 1071 264 1119 banum,
294 1068 338 1109 in
366 1069 516 1110 Exodo
549 1069 724 1121 legimus
754 1080 984 1124 praecepto
1001 1067 1181 1108 Domini
1200 1067 1242 1108 in
1272 1067 1513 1126 thymiama,

100 1146 145 1186 id
176 1158 257 1196 est,
294 1145 338 1185 in
367 1145 626 1186 sacerdotale
658 1145 834 1185 chrisma
866 1146 1106 1186 confectum
1133 1145 1191 1198 ⁶).
1252 1144 1299 1186 Si
1330 1161 1428 1197 ergo
1461 1145 1523 1186 vi-

102 1223 212 1264 deris
252 1223 508 1263 salvatorem
545 1238 690 1262 meum
729 1224 782 1263 ad
822 1235 989 1263 terrena
1030 1233 1102 1262 aut
1137 1221 1314 1262 humilia
1351 1223 1524 1263 descen-

100 1301 292 1349 dentem,
334 1299 518 1349 videbis,
559 1300 777 1355 quomodo
819 1299 975 1340 virtute
1014 1315 1184 1350 magna,
1229 1310 1270 1338 et
1308 1299 1524 1355 majestate

100 1377 243 1417 divina
280 1377 331 1416 ad
378 1392 456 1416 nos
486 1376 655 1416 modica
686 1377 890 1431 quaedam
920 1376 1033 1416 stilla
1062 1375 1296 1416 defluxerit.
1352 1377 1420 1417 De
1450 1377 1526 1417 hac

100 1453 215 1493 stilla
246 1464 287 1493 et
318 1452 526 1508 propheta
556 1452 721 1502 cecinit,
753 1451 919 1493 dicens:
952 1464 1021 1502 „et
1042 1453 1083 1506 ⁷)
1117 1451 1196 1492 erit
1226 1452 1278 1492 de
1308 1452 1420 1494 stilla
1448 1470 1529 1509 po·

101 1530 194 1586 puli
240 1528 326 1586 ejus
366 1531 679 1583 congregandus
720 1529 1041 1583 congregabitur
1076 1529 1254 1570 Jacob.“
1311 1530 1367 1570 Et
1403 1530 1527 1571 sicuti

96 1608 329 1648 secundum
367 1607 497 1647 alium
536 1624 703 1648 sensum
740 1607 845 1662 lapis
870 1607 913 1660 8)
956 1618 1044 1647 erat
1080 1605 1292 1661 praecisus
1326 1623 1348 1647 e
1377 1620 1524 1648 monte

102 1684 190 1725 sine
219 1684 411 1725 manibus
441 1684 577 1724 nostri
606 1684 648 1724 in
680 1700 802 1724 carne
842 1683 1060 1724 salvatoris
1098 1683 1323 1724 adventus:
1364 1707 1415 1713 —-
1455 1701 1526 1725 ne-

104 1778 185 1817 que
223 1761 337 1801 enim
379 1772 494 1801 totus
523 1776 648 1801 mons
676 1760 779 1810 fuit,
821 1761 894 1817 qui
936 1760 1152 1801 descendit
1181 1761 1233 1800 ad
1261 1772 1414 1811 terras,
1451 1778 1529 1803 nec

100 1849 267 1894 poterat
302 1838 482 1878 humana
519 1837 718 1890 fragilitas
749 1837 879 1879 totius
908 1837 1063 1879 montis
1093 1838 1427 1891 magnitudinem
1459 1856 1523 1880 ca-

98 1932 224 1971 pere:
255 1916 329 1955 sed
360 1914 465 1970 lapis
497 1931 544 1954 ex
573 1925 732 1964 monte,
763 1914 869 1970 lapis
901 1915 1161 1965 offensionis,
1194 1928 1235 1956 et
1259 1928 1380 1972 petra
1406 1933 1521 1957 scan-

98 1992 185 2034 dali
216 1991 432 2033 descendit
460 1992 502 2032 in
532 1992 760 2032 mundum:
801 2017 853 2023 —
888 1992 947 2033 sic
977 1994 1209 2033 secundum
1239 1993 1368 2033 alium
1398 1993 1521 2034 intel—

102 2071 260 2110 lectum
303 2069 415 2110 stilla
460 2079 738 2124 nuncupatur.
815 2068 1052 2125 Oportebat
1092 2071 1273 2127 quippe,
1317 2081 1386 2119 ut,
1430 2069 1526 2125 quia

103 2163 290 2197 „omnes
313 2146 355 2203 9)
396 2157 536 2198 gentes
574 2145 619 2186 in
657 2145 814 2186 stillam
853 2147 1001 2187 situlae
1040 2159 1257 2203 reputatae
1295 2152 1439 2196 sunt“,
1484 2146 1530 2195 is,

104 2224 177 2279 qui
207 2240 286 2280 pro
320 2222 510 2263 omnium
541 2223 676 2264 salute.
707 2223 840 2264 factus
872 2235 933 2264 est
965 2224 1127 2275 omnia,
1160 2224 1287 2266 etiam
1317 2223 1426 2265 stilla
1457 2223 1531 2263 {ie-

229 2420 267 2474 ¹)
301 2420 342 2459 ΙῘ
366 2419 464 2460 Cor.
497 2420 553 2469 II,
584 2419 648 2463 15.
767 2421 810 2476 ²)
841 2420 995 2461 Psalm.
1027 2421 1274 2470 XXXVIII,
1305 2421 1342 2463 5.

226 2490 269 2543 ³)
300 2489 409 2529 Edd.
440 2489 634 2530 Merlini:
666 2490 916 2532 intueamur.

230 2562 272 2616 ⁴)
306 2558 465 2600 Cantic.
497 2559 530 2608 I,
562 2558 626 2602 13.

231 2629 271 2685 ⁵)
299 2629 408 2669 Edd.
440 2627 635 2678 Merlini:
661 2629 811 2671 casiam
842 2631 1018 2682 galbani.
1048 2655 1098 2661 -—
1132 2628 1219 2671 Cfr.
1238 2627 1374 2672 Exod.
1401 2628 1535 2670 XXV.

232 2699 274 2755 6)
305 2698 415 2738 Edd.
447 2697 642 2738 Merlini:
676 2700 922 2740 confectam.

235 2769 276 2822 ⁷)
310 2767 440 2808 'Micln
474 2768 528 2817 Π,
561 2768 626 2811 11.
659 2769 723 2811 12.
754 2793 808 2802 —-
838 2769 946 2810 Edd.
977 2769 1175 2810 Merlini:
1207 2767 1340 2825 hujus.

232 2838 276 2893 ⁸)
311 2838 397 2880 Cfr.
428 2837 535 2878 Dan.
567 2838 623 2888 11,
657 2837 723 2881 34.
845 2839 886 2894 ⁹)
919 2840 1007 2881 Cfr.
1037 2838 1160 2879 Jesai.
1192 2839 1282 2887 XL,
1315 2836 1380 2879 15.

1153 2915 1237 2957 17*
