1759 3134
229 149 284 193 94
635 151 856 193 Omenms
882 161 930 192 m
959 149 1255 193 Ezizcmnmzm

234 263 449 319 opertoria
479 273 550 302 tua
581 263 786 321 byssinaf‘
846 261 1119 304 Profunditas
1150 277 1360 311 sensuum,
1393 265 1655 319 opertorium

231 352 293 381 est
318 339 544 397 byssinum.
605 341 699 391 „Et
722 340 762 397 ¹)
791 340 1047 380 florentia:“
1089 356 1167 395 pro
1201 355 1284 395 quo
1317 342 1447 381 verbo
1480 341 1658 397 Septua-

229 418 340 470 ginta
372 422 596 474 τρίχαπτα
623 430 878 474 posuerunt,
909 417 1106 458 subtilem
1134 417 1175 472 2)
1206 416 1330 457 nimis
1361 417 1584 468 amictum,
1615 432 1656 460 et

229 495 344 550 quasi
382 497 435 536 nd
473 496 726 552 capillorum
766 495 1086 536 similitudinem
1130 505 1385 555 attenuatam
1416 506 1575 535 vestem
1605 496 1657 536 si-

228 572 479 623 gnificantes.
540 574 631 623 „Et
654 574 697 629 3)
730 573 1046 615 versicoloria.“
1105 572 1239 621 Ecce,
1279 583 1369 612 tota
1401 584 1462 613 est
1490 577 1657 615 Jerusa-

227 649 312 689 lem
352 661 545 704 protecta
583 650 680 700 alis,
720 650 867 690 vestita
905 651 1051 699 variis,
1093 661 1236 690 ornata
1279 650 1464 701 gemmis.
1538 649 1657 704 Quid

225 738 324 781 post
362 728 462 767 haec
502 727 603 768 facit
639 743 810 780 magnus
853 738 894 766 et
923 728 1143 768 hominum
1173 738 1335 768 amator
1363 727 1509 769 Deus?
1566 728 1656 768 Alit

227 819 316 844 eam
359 804 547 844 delicatis
588 804 703 845 cibis.
764 804 995 854 „Similam
1020 807 1061 862 4)
1104 817 1143 845 et
1172 805 1258 845 mel
1291 816 1333 845 et
1365 806 1508 845 oleum
1538 821 1655 845 man-

227 882 430 924 ‹lucasfif‘
475 884 572 923 Non
604 882 660 923 ait
693 881 944 937 simpliciter
975 883 1173 932 farinam,
1204 899 1340 937 neque
1370 883 1654 923 hordeaceum

223 975 397 1014 panem:
436 959 543 1009 hoc,
588 961 703 1015 quod
741 960 873 999 modo
913 960 965 999 ad
1005 976 1079 999 vos
1119 959 1354 1014 loquimur,
1400 960 1536 1000 simila
1578 972 1650 1001 est.

224 1037 310 1078 Sed
342 1036 591 1077 miserabilis
617 1037 854 1077 Jerusalem
883 1047 982 1091 post
1010 1036 1216 1086 similam,
1248 1048 1346 1092 post
1375 1038 1524 1086 mella,
1555 1049 1652 1092 post

223 1113 369 1153 oleum
398 1128 565 1153 rursum
606 1113 722 1168 quasi
752 1113 951 1154 meretrix
991 1112 1244 1168 increpatur.
1304 1115 1470 1155 Idcirco
1511 1131 1654 1155 cavea-

222 1205 316 1229 mus
355 1189 575 1240 attentius,
622 1206 676 1230 ne
715 1192 827 1230 sorte
867 1205 946 1230 nos
983 1201 1082 1244 post
1116 1192 1243 1230 verba
1279 1193 1436 1232 munda
1476 1191 1652 1241 similae,

218 1277 318 1322 post
343 1281 557 1306 sermones
584 1267 850 1307 dulcissimos
874 1267 1178 1322 prophetarum
1194 1298 1204 1316 ,
1228 1280 1326 1322 post
1354 1269 1510 1319 oleum,
1535 1270 1651 1325 quod

219 1341 418 1383 laetificat
446 1342 622 1394 faciem,
655 1360 738 1400 quo
771 1344 985 1385 voluimus
1013 1360 1249 1400 perungere
1281 1357 1427 1401 caput,
1468 1358 1515 1386 ut
1543 1345 1649 1404 jeju-

217 1419 337 1460 nium
365 1431 560 1461 nostrum
589 1421 849 1477 acceptabile
880 1421 973 1471 fiat,
1003 1421 1158 1462 iterum
1191 1422 1496 1477 delinquamus.
1552 1423 1649 1463 Non

219 1497 361 1537 solum
399 1509 540 1538 autem
577 1498 853 1553 perungimur
889 1499 972 1539 hoc
1015 1499 1136 1547 oleo,
1178 1499 1251 1538 sed
1291 1510 1331 1538 et
1356 1498 1396 1553 ⁵)
1428 1499 1646 1540 vescimur.

218 1574 309 1623 „Et
335 1570 378 1628 ⁶)
422 1575 532 1615 sacta
576 1592 617 1615 es
657 1576 834 1631 pulchra
872 1575 994 1615 valde
1032 1575 1207 1616 nimis.“
1263 1576 1423 1616 Laudat
1462 1576 1650 1631 pulchri-

216 1650 408 1690 tudinem
439 1650 550 1708 ejus,
581 1653 723 1692 laudat
752 1652 958 1707 speeiem,
997 1653 1212 1707 praedicat
1240 1653 1433 1693 formam.
1493 1654 1584 1703 „Et
1605 1653 1648 1709 7)

217 1727 377 1767 directa
403 1743 445 1767 es
475 1727 520 1767 in
548 1734 775 1780 regnum.“
837 1727 1030 1782 Quantus
1059 1731 1299 1784 profectus,
1341 1741 1389 1769 ut
1430 1730 1555 1770 etiam
1594 1732 1647 1770 ad

215 1820 390 1856 regnum
421 1803 650 1857 dirigatur?
678 1805 770 1854 „Et
792 1804 835 1861 8)
867 1805 967 1846 exiit
994 1822 1154 1846 nomen
1183 1818 1305 1847 tuum
1335 1806 1378 1847 in
1404 1807 1645 1859 gentibus.“

215 1882 331 1922 Haec
348 1893 445 1937 apta
468 1893 563 1922 sunt
589 1881 649 1931 ei,
678 1881 750 1937 qui
774 1893 1001 1937 postquam
1025 1883 1135 1924 liber
1161 1900 1247 1924 esse
1273 1883 1417 1939 coepit
1433 1886 1645 1937 amundo,

215 1959 256 1999 in
290 1957 607 1999 conversatione
636 1959 863 2013 proficiens
893 1960 946 1999 ad
975 1961 1142 2000 beatam
1169 1961 1324 2010 vitam,
1357 1977 1515 2002 nomen
1541 1980 1646 2019 quo-

216 2052 296 2091 que
322 2035 556 2087 gloriosum
585 2035 630 2075 in
658 2036 827 2076 saeculo
862 2048 1109 2077 consecutus
1142 2048 1222 2088 est3
1253 2039 1328 2078 sed
1357 2040 1510 2094 procul
1537 2042 1644 2082 absit

214 2112 281 2161 id,
315 2113 432 2167 quod
461 2110 670 2167 sequitur:
701 2113 754 2152 ad
783 2112 865 2153 hoe
897 2112 1009 2153 enim
1041 2113 1246 2168 scriptum
1277 2126 1360 2165 est,
1391 2127 1437 2157 ut
1467 2117 1643 2160 incutiat

214 2189 479 2230 audientibus
523 2200 698 2231 metum.
771 2189 875 2230 Post
916 2190 1300 2245 pulchritudinem,
1344 2204 1443 2247 post
1485 2210 1643 2236 nomen

211 2282 409 2319 magnum
436 2266 673 2307 Jerusalem
701 2266 855 2307 misera
882 2267 1128 2308 fornicatur.
1182 2269 1286 2309 Ideo
1317 2286 1398 2318 „ne
1415 2271 1456 2326 9)
1488 2272 1643 2323 glorie-

212 2343 268 2384 ris
310 2343 353 2383 in
393 2343 639 2398 crastinum:
680 2359 768 2384 non
809 2342 921 2384 enirn
959 2343 1061 2394 scis,
1102 2344 1203 2401 quid
1241 2346 1378 2401 pariat
1415 2349 1639 2391 adveniens

331 2587 370 2641 ¹)
401 2586 554 2627 Ezech.
585 2586 702 2636 XVI,
734 2586 799 2630 13.
913 2589 962 2645 -²)
993 2589 1102 2630 Edd.
1134 2589 1329 2632 Merlini:
1360 2593 1541 2638 sutilem.

327 2656 369 2711 3)
399 2655 550 2697 Ezech.
580 2656 697 2706 XVI,
729 2655 794 2700 13.
912 2659 954 2714 4)
985 2660 1136 2701 Ezech.
1168 2661 1283 2709 XVI,
1317 2661 1382 2705 13.

331 2727 372 2782 ⁵)
403 2726 536 2766 Deest
565 2733 675 2776 „et“
708 2726 753 2766 in
783 2727 847 2767 ed.
878 2728 1022 2770 Ruaei.

325 2798 365 2850 6)
396 2796 546 2837 Ezech.
578 2796 694 2846 XVI,
729 2797 791 2841 13.
916 2799 956 2853 7)
991 2800 1077 2841 Cfr.
1108 2801 1258 2843 Ezech.
1289 2804 1405 2852 XVI,
1438 2802 1506 2846 14.

325 2868 367 2921 5)
399 2866 548 2907 Ezech.
581 2868 696 2916 XVI,
732 2867 793 2910 14.
917 2870 958 2924 9)
990 2870 1115 2911 Prov.
1147 2872 1327 2920 XXVII,
1361 2871 1395 2913 1.
