1759 3134
230 112 310 157 136
631 116 852 159 Omen-:uis
879 131 926 159 m
956 116 1250 159 Ezecuuzmm

233 226 458 276 emittitur,
506 227 623 282 quod
660 228 775 270 aliud
820 241 881 271 est
923 230 974 269 ab
1021 244 1098 278 eo,
1128 229 1224 284 oqui
1267 228 1434 270 emittit.
1507 230 1577 272 Sic
1622 244 1663 273 et

232 320 308 345 nos
337 305 554 359 peccando
587 304 794 348 irritamus
825 308 991 356 Deum,
1022 318 1068 347 ut
1100 305 1240 347 mittat
1269 306 1386 356 iram,
1419 323 1543 362 quam
1572 309 1660 365 ipse

233 397 319 421 non
349 381 487 422 habet.

344 457 382 501 3.
425 458 531 500 Post
559 460 682 511 haec,
713 462 757 502 id
790 473 875 510 est,
905 473 1004 517 post
1034 459 1297 502 aversionem
1328 461 1500 503 dicitur:
1545 464 1661 513 „So-

235 536 417 592 doma¹)
446 553 569 579 soror
598 550 682 588 tua,
714 539 811 593 et2)
843 539 956 579 filiae
989 538 1078 597 ejus
1110 536 1384 579 restituentur
1416 538 1522 580 sicut
1548 554 1663 583 erant

234 614 284 654 ab
316 613 481 656 initio.“
526 615 662 657 Venio
695 617 747 656 ad
777 615 976 668 imagines
1001 628 1041 656 et
1066 616 1229 668 figuraS,
1262 626 1303 655 et
1335 616 1475 667 video,
1507 631 1662 674 quanto

233 702 428 747 tempore
470 693 702 734 excruciata
733 693 923 734 Sodoma
965 692 1214 734 restituatur
1255 693 1297 733 in
1328 693 1556 750 antiquum.
1617 698 1663 739 Si

231 780 373 810 autem
401 770 459 820 id,
490 772 606 826 quod
634 786 712 826 per
741 770 917 822 figuram
950 770 1110 811 dictum
1143 782 1216 820 est,
1248 771 1305 811 ita
1323 788 1365 812 se
1389 771 1526 823 habet,
1558 774 1660 829 quid

233 846 284 887 de
324 863 375 888 eo
415 847 509 898 fiet,
551 847 624 904 qui
660 864 758 888 vere
790 848 981 889 Sodoma
1019 848 1176 890 suerit?
1234 848 1386 890 Statim
1423 862 1522 905 post
1553 851 1663 891 dilu-

232 924 348 965 vium
389 925 552 966 decima
588 925 857 978 generatione
897 941 1015 981 passa
1055 937 1116 966 est
1146 926 1337 966 Sodoma
1373 942 1442 976 ea,
1482 944 1587 983 quae
1619 928 1661 969 in

234 1001 390 1043 Genesi
412 1003 453 1059 ³)
485 1003 691 1056 leguntur.
751 1003 854 1044 Erat
885 1002 997 1043 enim
1027 1003 1143 1058 prius
1175 1003 1291 1059 quasi
1321 1002 1534 1058 paradisus
1565 1005 1663 1055 Dei,

236 1090 277 1120 et
309 1079 425 1135 quasi
455 1091 566 1120 terra
595 1080 798 1138 Aegypti:
843 1092 1132 1121 verumtamen
1170 1081 1326 1122 factum
1358 1091 1418 1120 est
1448 1082 1663 1123 Sodomae

235 1154 302 1205 id,
343 1158 459 1211 quod
491 1157 618 1197 etiam
648 1174 759 1198 nunc
790 1157 974 1209 vestigiis
1003 1157 1184 1208 regionis
1216 1156 1304 1213 ejus
1335 1158 1520 1213 perspici
1551 1160 1662 1201 licet.

232 1232 346 1273 Ecce
388 1234 533 1288 quanti
570 1233 655 1291 jam
690 1245 936 1290 temporum
967 1233 1116 1274 circuli
1145 1233 1418 1275 transierunt:
1460 1251 1556 1276 ecce
1583 1236 1663 1278 tria

232 1309 368 1351 millia
407 1327 615 1353 annorum
659 1323 779 1362 sunt,
820 1323 861 1352 et
901 1312 1093 1353 Sodoma
1131 1312 1322 1351 nondum
1363 1323 1423 1352 est
1451 1313 1664 1356 restituta:

228 1403 315 1428 non
345 1388 419 1429 illa
450 1389 654 1439 Sodoma,
685 1405 790 1445 quae
819 1388 865 1428 in
892 1388 1025 1440 signo,
1056 1399 1098 1429 et
1127 1388 1172 1430 in
1205 1389 1438 1441 aenigmate
1468 1391 1660 1446 ponitur,

232 1466 307 1506 sed
337 1465 433 1516 illa,
473 1483 578 1522 quae
609 1466 654 1507 in
682 1465 868 1507 veritatis
898 1465 1060 1507 ratione
1091 1466 1357 1522 perspicitur.
1417 1467 1549 1508 Aiunt
1579 1469 1667 1509 He-

231 1542 348 1583 braei
380 1543 617 1584 Sodomam
646 1543 690 1584 in
720 1544 904 1584 eundem
944 1554 1098 1584 statum
1135 1543 1459 1593 restituendam,
1497 1544 1540 1585 in
1579 1562 1665 1600 quo

237 1630 277 1660 et
308 1631 429 1660 antea
459 1620 661 1671 constitit,
690 1632 738 1660 ut
766 1637 933 1661 rursum
963 1621 1157 1676 paradiso
1189 1621 1275 1661 Dei
1307 1632 1348 1662 et
1375 1633 1511 1662 terrae
1531 1624 1667 1680 Aegy-

233 1695 298 1753 pti
341 1708 622 1752 comparetur.
682 1697 730 1739 Si
769 1698 853 1738 hoc
893 1715 936 1739 se
979 1698 1040 1739 sic
1079 1699 1226 1747 habet,
1274 1709 1314 1738 et
1353 1697 1439 1738 sive
1477 1700 1668 1740 futurum

235 1786 318 1825 est,
358 1775 445 1816 sive
474 1791 584 1815 non:
624 1787 877 1830 quaerentur
917 1774 1028 1815 enim
1075 1774 1316 1816 istiusmodi
1344 1791 1409 1816 res
1439 1776 1553 1831 apud
1583 1792 1670 1831 eos,

236 1851 309 1909 qui
339 1852 574 1893 doctissimi
602 1864 718 1893 sunt:
748 1864 796 1893 ut
827 1864 968 1893 autem
998 1853 1096 1904 fiat,
1128 1853 1244 1910 quod
1276 1852 1443 1904 dicitur,
1477 1855 1668 1911 comple-

235 1932 394 1971 buntur
422 1930 528 1971 mihi
557 1946 765 1971 annorum
793 1930 874 1971 tria
901 1930 1059 1979 millia,
1102 1941 1142 1970 et
1180 1942 1281 1970 tunc
1321 1931 1565 1972 restituetur
1602 1948 1668 1972 ex-

239 2007 421 2048 cruciata
449 2007 583 2048 tribus
613 2007 805 2047 millibus
835 2023 1044 2048 annorum
1075 2007 1290 2057 Sodoma,
1331 2006 1375 2047 id
1407 2020 1489 2058 est,
1531 2008 1668 2050 anima

236 2101 351 2126 mea:
395 2085 606 2135 Sodoma,
637 2083 741 2125 meis
771 2101 910 2140 poena
937 2084 1133 2141 peccatis.
1194 2084 1365 2126 Grande
1397 2084 1668 2127 intervallum

234 2162 440 2219 temporis
469 2161 581 2203 inter
602 2161 914 2203 restitutionem
946 2175 986 2203 et
1008 2162 1173 2203 ruinam
1201 2162 1389 2218 positum
1414 2173 1488 2202 est.
1527 2163 1669 2205 Etiam

235 2240 270 2281 si
297 2240 529 2281 restituaris
559 2240 643 2290 ita,
675 2251 722 2280 ut
754 2239 984 2295 antiquitus
1015 2256 1116 2291 eras,
1147 2240 1243 2281 vide
1274 2251 1425 2296 quanta
1456 2240 1668 2281 exhaurias

235 2319 359 2368 mala,
391 2317 556 2374 quantis
583 2317 769 2373 primum
803 2317 1106 2359 calamitatibus
1140 2317 1405 2373 opprimaris.
1467 2318 1563 2358 Hoc
1599 2333 1670 2358 au-

236 2408 344 2446 tem,
387 2397 503 2452 quod
545 2396 596 2436 de
631 2395 821 2436 Sodoma
863 2394 1066 2446 diximus,
1109 2407 1150 2435 et
1193 2396 1244 2435 de
1275 2394 1462 2436 Samaria
1500 2411 1669 2451 quoque

238 2474 474 2526 intelligere
500 2473 717 2514 debemus.
768 2472 823 2513 Et
854 2474 943 2528 ipsa
975 2472 1132 2529 quippe
1162 2473 1345 2513 necdum
1377 2484 1437 2513 est
1466 2472 1669 2522 restituta,

238 2553 312 2592 sed
353 2568 399 2591 ex
445 2568 494 2592 eo
535 2563 757 2606 ternpore,
799 2566 882 2605 quo
926 2552 1072 2591 decem
1113 2550 1246 2592 tribus
1288 2549 1443 2609 ejectae
1483 2562 1576 2592 sunt
1617 2550 1669 2590 dt·

358 2719 397 2774 ¹)
428 2718 579 2759 Ezech.
611 2719 730 2768 XVI,
761 2719 827 2761 55.

361 2789 407 2844 2)
436 2789 543 2830 Edd.
575 2790 638 2831 M.
669 2805 919 2846 perperam:
953 2790 991 2831 ei
1020 2790 1130 2831 filiae
1163 2789 1263 2847 ejus.

360 2859 404 2914 ³)
437 2858 524 2900 Cfr.
559 2858 666 2901 Gen.
697 2860 820 2910 XIII,
852 2859 917 2904 10.
948 2877 1035 2916 sqq.
