1759 3134
657 138 907 185 Pnomens.
1408 141 1490 189 317

85 255 288 305 „attende
306 254 345 311 ¹)
369 253 550 306 coelum,
582 271 685 311 quae
716 255 878 311 loquar,
909 263 951 293 et
980 252 1121 293 audiat
1147 264 1259 296 terra
1288 256 1414 297 verba
1444 272 1492 297 ex

86 348 159 372 ore
182 337 329 393 'meost‘
385 330 516 382 Vide,
548 348 671 389 quam
699 347 846 385 magna
875 330 978 381 sint,
1010 346 1135 386 quam
1163 331 1357 385 ingentia,
1388 350 1492 391 quae

86 409 293 451 dicuntur.
365 408 676 467 „Exspectetur
695 410 762 467 ²),
812 408 891 459 ait,
935 407 1043 449 sicut
1084 407 1229 464 pluvia
1276 410 1494 467 eloquium

84 478 248 538 meum,
279 497 320 527 et
350 486 574 529 descendat
602 487 708 529 sicut
734 502 805 527 ros
834 501 960 541 super
988 501 1179 539 gramen,
1222 498 1262 528 et
1291 487 1398 529 sicut
1424 488 1495 530 nix

35 599 44 605 .
84 580 209 620 super
238 564 432 616 foenum,
464 564 559 621 quia
588 580 744 606 nomen
773 562 952 604 Domini
980 562 1170 605 invocavi
1183 569 1222 614 ,“
1253 575 1293 604 et
1321 565 1494 622 reliqua.

86 639 296 695 Quartum
326 642 532 683 canticum
562 653 622 684 est
650 642 694 682 in
724 640 834 682 libro
859 640 1074 693 Judicum,
1107 641 1158 682 de
1190 658 1272 698 quo
1292 642 1495 699 scriptum

84 729 164 759 est:
195 709 224 770 ⁴„
237 730 278 759 et
297 718 338 776 3)
373 719 551 761 cantavit
578 719 782 760 Debbora
813 730 853 760 et
880 718 1041 760 Barach
1070 718 1182 761 filius
1211 719 1423 762 Abinoem
1451 721 1495 762 in

83 795 151 837 die
180 796 276 848 illa,
306 797 512 838 dicentes:
541 796 780 853 incipiendo
812 796 1065 854 principales
1092 796 1139 838 in
1166 797 1296 839 Israel
1323 798 1366 841 in
1397 816 1497 856 pro-

82 873 222 929 posito
262 873 414 930 populi
442 874 679 916 benedicite
709 874 959 917 Dominum.
1020 873 1178 916 Audite
1215 892 1351 930 reges,
1387 877 1499 919 auri-

83 951 160 992 bus
189 950 396 1008 percipite
424 962 611 1009 satrapae
635 951 730 1009 ⁴),“
762 964 802 994 et
830 952 1004 1009 reliqua.
1062 952 1177 995 Haec
1205 965 1359 1006 autem,
1390 972 1496 1011 quae

85 1028 208 1081 canit,
244 1027 332 1085 apis
364 1044 451 1070 esse
484 1030 622 1082 debet,
655 1030 769 1089 cujus
801 1047 907 1087 opus
937 1030 1021 1072 tale
1054 1042 1128 1082 est,
1152 1042 1199 1072 ut
1227 1047 1279 1073 eo
1309 1047 1425 1086 reges
1457 1044 1498 1074 et

81 1106 318 1148 mediocres
355 1117 526 1148 utantur
564 1108 619 1149 ad
652 1107 884 1150 sanitatem.
953 1108 1157 1150 Debbora
1190 1126 1372 1166 namque
1409 1110 1497 1166 apis

83 1185 402 1242 interpretatur,
441 1201 546 1241 quae
582 1185 696 1227 istud
736 1186 941 1228 canticum
984 1185 1115 1238 canit,
1154 1187 1228 1228 sed
1268 1199 1309 1229 et
1336 1188 1499 1230 Barach

86 1277 182 1304 cum
210 1262 319 1319 ipsa:
357 1262 655 1319 interpretatur
685 1275 824 1306 autem
853 1264 1015 1306 Barach
1045 1264 1293 1309 coruscatio,
1350 1265 1406 1307 Et
1436 1282 1501 1309 ca-

83 1342 199 1383 nitur
235 1341 347 1383 istud
388 1341 592 1382 canticum
629 1353 727 1398 post
757 1342 998 1394 victoriam,
1038 1342 1134 1399 quia
1174 1359 1252 1384 nec
1281 1355 1375 1385 ante
1408 1345 1498 1401 quis

83 1429 247 1475 potest,
283 1433 389 1475 quae
426 1419 612 1474 perfecta
648 1431 764 1471 sunt,
803 1436 971 1471 canere,
1011 1419 1091 1461 nisi
1129 1420 1202 1461 ubi
1241 1422 1498 1465 adversarios

83 1495 240 1537 vicerit.
285 1495 356 1538 Sic
386 1495 566 1553 denique
597 1508 638 1538 et
663 1496 818 1555 inipso
844 1497 1005 1539 cantico
1024 1497 1198 1539 dicitur:
1228 1516 1426 1555 „exsurge
1444 1502 1500 1560 ⁵),

84 1589 254 1628 exsurge
283 1573 507 1626 Debbora,
549 1575 750 1617 exsuscita
786 1575 922 1617 millia
959 1575 1124 1632 populi.
1153 1616 1156 1619 Α
1184 1577 1391 1632 Exsurge,
1433 1597 1501 1621 ex—

84 1664 224 1705 surge,
259 1667 358 1693 cane
390 1651 617 1693 canticum:
651 1668 820 1706 exsurge
850 1653 1052 1695 Barach.“
1095 1654 1254 1696 Verum
1285 1667 1326 1697 et
1355 1657 1407 1698 de
1436 1657 1500 1699 his

84 1727 250 1786 plenius
278 1728 322 1769 in
350 1727 435 1769 illis
466 1728 751 1782 oratiunculis,
789 1746 887 1787 quas
919 1731 970 1772 de
1000 1730 1150 1772 libello
1180 1732 1382 1775 Judicum
1414 1735 1502 1776 edi—

88 1807 238 1858 dimus,
270 1805 443 1848 disserta
463 1804 505 1864 ⁶)
535 1807 732 1864 reperies.
795 1807 1004 1863 Quintum
1032 1820 1129 1865 post
1158 1808 1260 1852 haec
1291 1811 1500 1854 canticum

89 1884 223 1926 estin
261 1884 444 1926 secundo
485 1883 595 1925 libro
626 1885 891 1939 Regnorum,
934 1902 1029 1928 cum
1067 1887 1233 1930 locutus
1271 1901 1332 1931 est
1360 1890 1501 1933 David

88 1964 141 2005 ad
177 1961 415 2004 Dominum
450 1963 577 2004 verba
615 1963 764 2005 cantici
800 1963 922 2024 hujus
959 1965 1003 2007 in
1050 1965 1138 2017 die,
1185 1983 1265 2024 qua
1308 1967 1503 2011 liberavit

90 2056 187 2082 eum
214 2040 426 2082 Dominus
467 2041 519 2082 de
548 2057 675 2082 manu
707 2044 898 2083 omnium
926 2042 1198 2086 inimicorum
1226 2062 1418 2099 suorum,
1461 2058 1501 2087 et

90 2119 142 2160 de
172 2135 298 2161 manu
328 2119 454 2170 Saul,
483 2130 525 2159 et
554 2118 679 2160 dixit:
719 2119 965 2170 „Dominus
987 2122 1027 2179 ⁷)
1059 2122 1164 2164 mihi
1192 2135 1312 2180 petra
1342 2136 1382 2167 et
1410 2141 1502 2166 mu-

89 2196 195 2238 nitio
240 2213 358 2249 mea,
402 2196 605 2239 liberator
638 2196 875 2250 Dominus,
922 2198 1038 2241 Deus
1083 2217 1201 2244 meus
1245 2214 1383 2244 custos
1424 2203 1502 2244 erit

92 2275 234 2321 mihi.“
293 2275 340 2318 Si
378 2291 475 2329 ergo
508 2286 549 2317 et
577 2286 623 2316 tu
652 2275 842 2331 potueris
876 2277 1162 2332 considerare,
1201 2282 1274 2338 qui
1303 2293 1398 2324 sunt
1426 2280 1502 2322 ini-

209 2484 250 2544 1)
279 2485 408 2528 Dent.
438 2484 622 2537 ΧΧΧΠ,
652 2485 692 2530 1.
808 2489 853 2546 2)
883 2489 1010 2534 Dent.
1041 2491 1224 2544 ΧΧΧΠ,
1254 2492 1291 2537 2.
1322 2493 1360 2538 3.

206 2556 249 2613 ³)
281 2556 420 2598 Judic.
453 2557 504 2607 V,
535 2556 572 2600 1.
603 2556 642 2600 2.
673 2556 711 2601 3.
750 2581 803 2590 —-
841 2559 949 2606 Edd.
980 2563 1040 2605 M.
1077 2564 1157 2606 hoc
1189 2565 1286 2605 loco
1319 2576 1358 2606 et
1387 2581 1500 2622 seqq.

90 2613 358 2667 „Delb0ra.⁴‘

207 2685 251 2742 ⁴)
282 2685 414 2725 Deest
444 2691 700 2741 „satrapae“
730 2685 773 2726 in
804 2687 868 2730 ed.
899 2689 949 2733 R.

209 2757 251 2812 ⁵)
285 2755 369 2797 Csr.
401 2755 539 2797 Judic.
568 2756 619 2808 V,
651 2756 716 2801 12.

208 2826 251 2882 6)
281 2826 388 2866 Edd.
420 2825 615 2868 Merlini:
648 2828 848 2871 disertum
877 2831 1074 2887 reperies.

209 2894 252 2951 7)
285 2894 371 2952 cfr.
405 2896 445 2936 11
466 2897 576 2940 sam.
608 2899 748 2952 xxn,
778 2901 816 2946 2.
849 2899 887 2946 3.
919 2902 1150 2959 (IIRegg.)
