1759 3134
711 115 850 157 Luszn
881 116 935 156 ΙΙ,
1219 121 1227 125 “
1463 118 1546 163 389

120 226 310 283 loquitur
342 226 464 267 etiam
496 227 610 276 haec,
642 227 715 267 sed
734 227 786 267 ad
813 242 1028 282 sponsum,
1061 238 1101 267 et
1131 243 1215 268 non
1248 228 1330 286 jam
1360 231 1412 270 ad
1438 231 1544 273 filias

120 303 396 346 Hierusalem.
457 303 590 357 Igitur
618 304 668 344 ab
700 302 835 353 initio,
865 302 940 343 ubi
971 303 1048 345 ait:
1083 306 1382 363 ‚,osculetur¹)
1413 316 1541 350 me:“

120 398 250 438 usque
269 382 322 422 ad
342 382 452 422 hunc
480 380 643 420 locum:
677 380 885 436 ,‚super²)
913 396 1055 433 greges
1078 382 1350 424 sodalium:“
1381 397 1542 436 cuncta,

122 475 225 516 quae
257 458 367 500 dicta
397 468 512 507 sunt,
559 457 687 497 verba
716 468 811 498 sunt
846 474 1037 514 sponsae.
1098 459 1184 500 Sed
1222 461 1362 517 primo
1403 479 1541 504 sermo

121 536 207 594 ejus
238 536 289 576 ad
319 535 462 576 Deum
490 535 624 576 factus
656 545 736 585 est,
776 536 960 576 secundo
993 537 1045 576 ad
1075 552 1300 592 sponsum,
1331 539 1457 581 tertio
1489 542 1541 583 ad

119 612 471 655 adolescentulas:
517 612 627 653 inter
669 629 768 669 quas
819 624 860 653 et
906 629 1109 669 sponsum
1147 614 1287 656 media
1336 619 1542 672 quaedam

119 690 238 747 et³)‚
269 700 316 730 ut
346 706 387 730 se
419 689 614 731 dramatis
644 688 766 747 hujus
797 689 957 746 species
987 691 1135 741 habet,
1174 693 1290 748 quasi
1320 696 1543 737 mesocho-

116 784 184 809 rus
217 767 392 817 effecta‚
423 783 534 808 nunc
565 768 618 808 ad
646 766 806 824 ipsum,
836 784 948 810 nunc
980 768 1105 810 etiam
1136 769 1187 810 ad
1218 763 1325 806 filias
1345 765 1541 809 Hierusa-

116 845 201 885 lem
240 845 522 900 respondens,
560 843 700 896 dirigit
738 845 877 886 verba.
938 846 1030 887 Hos
1074 862 1172 898 ergo
1216 860 1326 887 nunc
1365 844 1540 887 ultimos

113 936 326 965 sermones
361 937 459 962 suos
495 921 547 962 ad
591 936 793 976 sponsum
833 921 954 973 facit,
998 922 1215 980 requirens
1253 924 1305 964 ab
1346 939 1422 972 e0,
1464 922 1541 965 ubi

113 1009 255 1055 pascat
283 998 327 1040 in
357 997 550 1048 meridie,
583 1009 623 1039 et
647 998 721 1039 ubi
747 999 932 1041 collocet
961 1016 1142 1054 gregem,
1173 1015 1318 1042 verens
1340 1017 1407 1051 ne,
1439 1001 1540 1042 dum

114 1076 290 1133 requirit
321 1093 429 1126 eum,
469 1074 655 1117 incurrat
685 1075 728 1117 in
760 1093 806 1119 ea
837 1077 952 1128 loca,
984 1077 1057 1119 ubi
1077 1077 1242 1120 sodales
1262 1077 1406 1135 sponsi
1426 1078 1540 1121 loca-

112 1165 178 1195 tos
208 1170 287 1210 per
315 1153 539 1195 meridiem
569 1169 711 1206 greges
741 1167 918 1196 servant.
970 1155 1220 1198 Ostenditur
1238 1167 1380 1197 autem
1399 1172 1477 1212 per
1495 1156 1536 1212 4)

112 1232 236 1281 haec,
277 1231 374 1288 quia
403 1247 580 1288 sponsus
609 1230 678 1272 hic
709 1230 834 1274 etiam
863 1244 1007 1289 pastor
1036 1232 1101 1275 sit.
1161 1234 1212 1274 ln
1249 1233 1538 1290 superioribus

112 1321 250 1351 autem
283 1309 584 1359 didiceramus,
625 1326 721 1351 eum
753 1326 839 1351 esse
873 1322 913 1352 et
943 1326 1109 1363 regem,
1147 1328 1227 1367 pro
1260 1327 1310 1352 eo
1342 1310 1430 1352 sine
1462 1312 1539 1352 du-

112 1387 207 1437 bio,
256 1388 371 1443 quod
400 1387 592 1428 homines
622 1399 756 1440 regat:
802 1398 1017 1444 pastorem
1046 1404 1148 1428 vero
1178 1405 1258 1444 pro
1292 1405 1366 1438 eo,
1419 1391 1534 1445 quod

113 1481 210 1506 oves
240 1476 401 1521 pascat:
448 1481 650 1521 sponsum
681 1476 821 1507 autem
850 1481 929 1521 pro
964 1481 1035 1515 eo,
1082 1467 1198 1522 quod
1229 1467 1377 1507 habeat
1408 1482 1534 1522 spon-

111 1558 219 1592 sam,
260 1558 364 1598 quae
399 1559 493 1582 cum
526 1558 576 1583 eo
606 1554 773 1595 regnet,
809 1544 1043 1584 secundum
1073 1545 1188 1600 quod
1219 1543 1422 1600 scriptum
1455 1555 1534 1585 est:

114 1619 299 1672 „adstitit
316 1620 355 1675 ⁵)
387 1619 527 1672 regina
552 1637 574 1661 a
593 1620 746 1661 dextris
776 1619 858 1662 tuis
887 1620 928 1661 in
953 1620 1106 1662 vestitu
1132 1621 1375 1663 deaurat0.“
1420 1622 1536 1663 Haec

113 1697 281 1739 interim
312 1697 498 1739 continet
530 1696 725 1738 dramatis
764 1696 914 1753 ipsius,
958 1697 1028 1754 qui
1061 1710 1121 1740 est
1151 1698 1266 1755 quasi
1295 1698 1535 1749 historicus,

114 1776 234 1817 ordo.
293 1776 415 1816 Nunc
455 1786 595 1816 autem
634 1773 894 1831 requiramus
934 1774 1254 1830 intelligentiam
1291 1776 1533 1834 mysticam:

113 1865 153 1894 et
183 1852 216 1894 si
248 1864 420 1909 oportet
446 1851 694 1910 ‘praevenire
724 1853 947 1909 paululum
979 1870 1046 1904 ea,
1078 1871 1184 1910 quae
1212 1854 1257 1897 in
1286 1854 1535 1912 posteriori-

111 1933 187 1973 bus
217 1931 437 1972 referenda
454 1931 495 1986 ⁶)
527 1941 647 1980 sunt,
694 1947 777 1987 quo
812 1930 902 1988 quis
938 1931 1171 1988 affectus⁷)
1203 1933 1255 1974 sit
1285 1933 1437 1974 horum
1468 1949 1535 1975 so-

111 2009 269 2050 dalium
296 2020 450 2065 pateat,
480 2024 765 2050 memoremus
799 2008 922 2060 illud,
954 2010 1070 2067 quod
1102 2010 1305 2068 scriptum
1324 2022 1408 2052 est:
1440 2010 1537 2068 quia

109 2087 280 2141 reginae·
306 2081 456 2143 sunt⁸)
488 2086 719 2140 sexaginta,
767 2088 842 2128 sed
872 2104 920 2129 ex
949 2086 1013 2129 his
1045 2087 1240 2131 omnibus
1271 2106 1354 2131 una
1382 2089 1436 2130 sit
1466 2106 1536 2130 co-

111 2168 275 2218 lumba,
316 2178 357 2208 et
384 2181 466 2206 una
496 2166 697 2222 perfecta,
729 2182 776 2206 ac
806 2164 1016 2223 particeps
1046 2166 1182 2220 regni:
1243 2178 1405 2208 ceterae
1436 2183 1536 2208 vero

229 2385 268 2442 ¹)
302 2383 461 2426 Cantic.
492 2386 525 2435 Ι,
555 2384 594 2428 2.

225 2457 269 2513 ²)
302 2455 460 2498 cantic.
491 2456 526 2505 I,
557 2454 595 2497 7.
627 2477 680 2485 -—-
711 2455 844 2497 Deest
874 2455 1155 2520 „sqdalium“
1186 2456 1228 2498 in
1265 2457 1360 2498 edd.
1392 2457 1456 2500 M.

225 2522 270 2580 ³)
301 2527 433 2567 Deest
464 2531 574 2576 ‚,et“
604 2525 648 2567 in
680 2526 774 2567 edd.
806 2526 867 2568 M.

226 2595 270 2650 ⁴)
301 2596 411 2637 Edd.
442 2596 504 2637 M.
535 2607 670 2653 „post
697 2597 830 2638 hoc.“
948 2599 991 2656 ⁵)
1022 2598 1173 2641 Psalm.
1205 2599 1334 2649 XLV,
1368 2599 1407 2643 9.

225 2667 266 2723 6)
297 2667 399 2709 Mss.
430 2667 728 2716 „referenda.“
786 2668 956 2722 Vulgati
986 2668 1083 2711 libri
1115 2668 1279 2727 (itemq.
1302 2671 1396 2713 edd.
1421 2671 1531 2728 Μ.);

108 2757 132 2776 „
146 2724 434 2781 praeferenda.
448 2728 472 2747 “
531 2723 582 2764 R.

224 2793 265 2851 ⁷)
296 2794 405 2836 Edd.
438 2792 501 2837 M.
533 2794 802 2844 ,‚effectus.“

225 2864 267 2922 8)
298 2863 408 2906 Edd.
438 2863 500 2908 M.
533 2863 697 2914 ,‚sint.“
