1759 3134
715 135 856 176 erm
885 134 917 174 Ι.
1450 138 1534 183 345

113 258 249 288 morte
290 247 332 286 in
370 257 575 297 mortem,
613 246 704 288 aliis
745 258 883 287 autem
923 247 1033 287 odor
1071 249 1122 288 (le
1161 248 1246 290 vita
1286 251 1328 289 in
1359 249 1532 292 vitam.“

116 325 161 367 Si
194 324 304 365 enim
337 323 529 365 omnibus
564 323 709 365 suisset
739 325 848 365 odor
876 323 914 380 Ι)
947 325 998 365 de
1028 325 1112 367 vita
1142 326 1186 367 in
1216 325 1366 378 vitam,
1408 328 1534 371 dixis-

115 414 177 444 set
214 401 359 458 utique
399 412 441 442 et
478 400 566 442 hic:
610 417 754 442 omnes
793 400 1030 443 dilexerunt
1066 413 1108 443 te
1150 414 1192 444 et
1227 416 1440 447 traxerunt
1475 419 1531 449 te.

115 480 200 523 Sed
229 495 338 521 nunc
367 477 444 519 ait:
484 477 558 518 ubi
596 492 752 519 nomen
781 489 902 520 tuum
935 490 995 520 est
1023 480 1181 521 factum
1211 494 1469 535 unguentum
1490 485 1534 541 2)

116 555 389 606 exinanitum,
431 555 667 597 dilexerunt
695 566 761 606 te,
800 572 888 597 non
920 555 1018 598 illae
1049 557 1239 608 vetulae,
1268 574 1315 600 ac
1345 571 1534 604 veterem

112 634 327 676 hominem
364 632 535 674 indutae
574 632 756 684 animae,
794 650 931 690 neque
971 650 1090 687 rugas
1129 635 1348 688 habentes,
1392 654 1530 696 neque

111 712 311 762 maculas,
349 711 424 752 sed
462 710 800 758 adolescentulae
839 709 883 752 in
923 723 1146 765 augmento
1186 714 1346 757 scilicet
1386 717 1531 759 aetatis

112 800 153 830 et
182 786 508 845 pulchritudinis
535 787 698 844 positae
728 787 904 839 animae,
937 805 1041 846 quae
1072 806 1240 848 semper
1264 792 1532 846 innovantur,

112 877 152 907 et
191 866 242 906 de
282 865 350 906 die
388 864 433 905 in
474 863 586 906 diem
623 876 900 917 renovantur,
945 883 1102 908 novum
1140 885 1183 910 se
1224 870 1441 913 hominem
1471 871 1536 914 in-

111 944 309 993 duentes,
349 941 421 999 qui
463 943 694 984 secundum
726 943 870 985 Deum
901 957 1060 987 creatus
1091 957 1164 988 est.
1223 946 1408 1005 Propter
1435 949 1534 992 istas

112 1037 209 1074 ergo
240 1019 596 1072 adolescentulas,
636 1031 677 1062 et
714 1020 757 1062 in
793 1022 1024 1075 augmentis
1052 1023 1162 1066 vitae
1195 1035 1236 1065 et
1256 1024 1299 1082 ³)
1329 1027 1536 1082 profecti-

110 1100 188 1140 bus
218 1097 397 1155 positas,
430 1097 654 1140 exinanivit
682 1115 725 1140 se
757 1098 853 1150 ille,
885 1099 957 1156 qui
988 1113 1075 1143 erat
1105 1102 1149 1143 in
1179 1103 1316 1145 forma
1346 1104 1453 1157 Dei,
1486 1117 1534 1148 ut

113 1176 233 1217 fieret
261 1186 522 1229 unguentum
553 1175 808 1218 exinanitum
837 1194 994 1220 nomen
1026 1178 1132 1238 ejus:
1164 1191 1212 1222 ut
1242 1197 1328 1222 non
1356 1181 1441 1240 jam
1472 1182 1538 1225 in-

114 1270 320 1296 accessam
359 1253 499 1295 lucem
538 1255 835 1296 tantummodo
866 1255 1093 1308 habitaret,
1132 1269 1174 1298 et
1211 1257 1256 1299 in
1286 1259 1423 1301 forma
1451 1261 1538 1302 Dei

116 1343 404 1389 permaneret,
448 1332 523 1373 sed
561 1333 738 1373 verbum
777 1348 873 1374 caro
912 1334 1052 1385 fieret,
1100 1352 1184 1393 quo
1223 1348 1397 1392 possent
1435 1337 1538 1381 istae

115 1408 480 1460 adolescentulae,
521 1420 562 1450 et
599 1409 642 1451 in
681 1410 910 1462 augmentis
948 1412 1220 1468 profectuum
1257 1413 1421 1469 positae
1452 1416 1541 1458 ani-

112 1504 218 1539 mae,
248 1503 335 1529 non
365 1485 504 1527 solum
536 1485 723 1540 diligere,
754 1488 827 1529 sed
859 1500 900 1530 et
926 1489 1092 1531 trahere
1123 1505 1219 1532 eum
1250 1491 1301 1532 ad
1319 1507 1374 1539 se.
1436 1492 1540 1536 Tra-

112 1567 174 1610 hit
205 1565 317 1608 enim
345 1580 621 1622 unaquaeque
651 1564 800 1616 anima,
833 1577 874 1608 et
904 1567 1075 1608 assumit
1105 1568 1159 1609 ad
1187 1584 1230 1610 se
1256 1571 1442 1612 verbum
1454 1571 1540 1614 Dei

112 1662 191 1703 pro
225 1642 462 1701 capacitatis
491 1654 532 1684 et
560 1642 663 1684 fidei
692 1659 790 1685 suae
821 1660 1026 1687 mensura.
1088 1646 1196 1688 Cum
1234 1657 1375 1689 autem
1404 1660 1539 1691 traxe-

115 1723 199 1764 rint
229 1723 281 1763 ad
310 1737 353 1762 se
384 1719 547 1762 animae
577 1722 754 1762 verbum
783 1722 880 1774 Dei,
913 1734 954 1764 et
984 1723 1172 1765 sensibus
1205 1724 1288 1766 suis
1320 1737 1444 1784 atque
1475 1727 1538 1770 in-

117 1799 356 1842 tellectibus
384 1797 658 1850 inseruerint,
699 1810 740 1841 et
770 1799 1005 1842 dulcedinis
1039 1800 1126 1860 ejus
1157 1813 1198 1843 et
1228 1803 1371 1846 odoris
1401 1822 1538 1849 sense-

114 1879 199 1921 rint
235 1877 505 1930 suavitatem,
545 1877 620 1918 ubi
658 1889 969 1931 unguentorum
1002 1878 1089 1938 ejus
1119 1881 1384 1934 fragrantiam
1416 1901 1539 1942 cepe-

113 1958 196 2000 rint
218 1957 284 2013 4),
314 1956 478 1998 ratione
510 1956 708 1997 duntaxat
737 1956 938 1998 adventus
971 1956 1084 2015 ejus,
1117 1969 1157 2000 et
1183 1960 1460 2004 redemtionis
1491 1979 1538 2006 ac

112 2035 316 2094 passionis
348 2051 506 2086 causas,
547 2034 846 2092 caritatemque
877 2036 1147 2089 agnoverint,
1182 2055 1261 2096 qua
1290 2056 1372 2096 pro
1404 2042 1538 2084 salute

114 2114 303 2158 omnium
333 2131 465 2171 usque
495 2114 549 2154 ad
577 2125 761 2154 mortem
793 2114 926 2156 crucis
968 2114 1221 2158 immortalis
1259 2118 1453 2172 accessit,
1497 2133 1540 2162 et

114 2194 176 2236 his
208 2193 401 2249 omnibus
431 2183 548 2233 vesut
578 2191 710 2233 divini
741 2191 956 2251 cujusdam
987 2205 1029 2234 et
1066 2193 1295 2236 ineffabilis
1335 2199 1537 2251 unguenti

117 2271 318 2313 odoribus
354 2270 552 2313 invitatae
589 2271 952 2323 adolescentulae,
992 2270 1037 2313 id
1068 2284 1149 2324 est,
1192 2273 1354 2315 animae
1383 2277 1536 2332 plenae

115 2349 269 2403 vigoris
299 2360 422 2405 atque
448 2349 670 2391 alacritatis
689 2351 881 2401 effectae,
915 2362 1089 2392 currunt
1106 2363 1205 2408 post
1227 2352 1379 2409 ipsum,
1409 2367 1535 2412 atque

116 2429 169 2470 ad
214 2429 392 2470 odorem
428 2427 640 2470 suavitatis
678 2427 766 2486 ejus
807 2445 894 2470 non
933 2428 1048 2470 lento
1087 2431 1239 2483 gradu,
1286 2447 1364 2473 nec
1407 2434 1535 2476 tardis

237 2626 275 2682 ι)
308 2625 416 2666 Edd.
448 2625 642 2667 Manui:
675 2626 784 2668 odor
814 2624 922 2668 vitae
951 2615 995 2669 'in
1024 2627 1165 2669 vitam.

233 2698 276 2752 2)
310 2697 443 2738 Deest
472 2700 802 2751 ‚,unguentum“
832 2695 876 2738 in
906 2698 999 2741 edd.
1031 2699 1091 2740 Μ.

231 2769 275 2825 3)
307 2768 440 2808 Deest
468 2778 545 2818 „et
557 2772 580 2792 ‘⁴
610 2767 654 2809 in
681 2768 745 2810 ed.
775 2767 922 2809 Ruaei.

233 2836 276 2896 4)
306 2839 414 2880 Edd.
455 2837 649 2880 Merlini:
689 2838 946 2895 „coeperint
983 2839 1195 2883 invenire:
1235 2842 1432 2883 duntaxat
1465 2842 1538 2884 ad-

120 2908 268 2942 ventus
298 2893 409 2953 ejus:
442 2906 484 2937 et
510 2895 819 2938 redemtionis“
853 2906 931 2938 etc.
