1738 3134
242 140 298 186 34
648 140 868 182 Omcms
899 151 957 208 mx
975 151 1264 182 EzEcnfflmzm

245 255 373 295 corde
402 251 580 308 proprio
612 251 654 293 in
686 252 916 305 evangelio.
977 252 1032 292 Et
1063 253 1114 292 de
1153 251 1372 292 haereticis
1406 253 1576 308 quidem
1608 255 1671 294 ni-

244 332 305 372 hil
335 330 566 370 absurdum
597 340 660 370 est
688 330 789 370 haec
824 330 936 370 dicta
966 329 1213 381 intelligere.
1260 329 1482 370 Disserunt
1513 331 1670 386 quippe

247 408 364 465 quasi
393 407 436 447 in
468 407 508 462 ¹)
541 407 777 459 evangeliis,
811 419 851 447 et
885 407 999 462 quasi
1033 407 1084 446 de
1103 407 1333 461 Apostolis,
1367 405 1548 449 αῗώνων
1577 425 1674 447 suo-

248 502 341 526 rum
371 484 533 525 fabulas
564 485 740 540 proprio
775 484 902 525 corde
936 495 1206 538 exponentes,
1236 500 1322 523 non
1353 483 1395 523 in
1428 485 1553 524 corde
1577 485 1673 539 Spi-

249 563 352 603 ritus
381 562 525 603 sancti.
585 564 732 618 Neque
773 561 884 602 enim
920 572 1094 616 possunt
1126 559 1286 601 dics-re:
1330 577 1442 610 „nos
1465 562 1506 613 ²)
1538 573 1676 602 autem

250 656 418 681 sensum
444 638 598 681 Christi
629 639 843 688 habemus,
873 649 920 678 ut
952 638 1166 678 videamus
1199 655 1258 689 ea,
1292 654 1397 694 quae
1428 654 1450 679 τι
1474 639 1570 679 Deo
1604 639 1680 679 do-

251 729 343 759 nata
385 728 480 758 sunt
517 716 681 757 nobis.“
741 717 849 757 Cum
889 727 1028 756 autem
1060 728 1099 756 et
1132 733 1258 771 super
1286 733 1354 756 me
1388 716 1568 765 venerit,
1608 716 1679 771 qui

254 795 375 836 dicor
405 794 730 844 ecclesiasticus,
770 795 842 849 qui
872 794 1034 849 accipio
1068 793 1223 833 librum
1256 806 1468 843 snm-tum,
1502 806 1541 833 et
1571 794 1683 834 nitor

253 889 352 912 eum
386 870 654 926 interpretari
679 871 734 926 ³),
768 871 862 921 hoc,
894 871 1009 926 quod
1041 871 1091 910 de
1124 871 1342 912 haeretiCis
1374 871 1551 923 intelligi
1584 882 1680 926 pot·

258 962 339 1000 est,
371 963 526 1005 quaeso
559 947 774 989 audientes
805 960 851 988 ut
885 948 1107 999 diligenter
1137 949 1372 998 attendant,
1405 959 1446 987 et
1476 948 1683 1002 accipiant

258 1020 430 1080 gratiam
462 1025 654 1081 spiritus,
696 1026 747 1065 de
789 1042 870 1081 qua
909 1025 1070 1066 dictum
1110 1037 1190 1066 est:
1230 1025 1464 1075 „discretio
1492 1024 1532 1080 ⁴)
1563 1024 1682 1079 spiri-

259 1109 436 1144 tuum:“
474 1114 522 1143 ut
559 1102 727 1158 probati
766 1103 993 1158 trapezitae
1032 1104 1154 1154 sacti,
1195 1103 1419 1154 diligenter
1448 1104 1684 1149 observent,

259 1181 427 1236 quando
459 1180 586 1219 falsus
618 1179 695 1219 sini
726 1180 934 1232 magister,
966 1182 1132 1236 quando
1166 1196 1264 1220 vero
1296 1179 1551 1234 praedicem,
1583 1195 1688 1234 quae

260 1268 354 1297 sunt
386 1255 553 1312 pietatis
585 1271 632 1296 ac
662 1257 859 1297 veritati&
922 1258 969 1299 Si
1006 1257 1146 1312 itaque
1176 1256 1345 1296 invenio
1376 1256 1418 1295 in
1450 1257 1599 1306 Mose,
1645 1267 1685 1296 et

260 1334 302 1374 in
344 1332 564 1389 prophetis
601 1349 767 1374 sensum
800 1334 976 1384 Christi,
1014 1351 1099 1374 non
1133 1335 1183 1373 (le
1217 1335 1343 1373 corde
1374 1334 1574 1388 proprio,
1614 1335 1686 1373 sed

259 1413 314 1452 ‘de
344 1411 509 1466 Spiritu
545 1422 688 1451 sancto
728 1411 895 1467 loquor.
956 1411 1001 1453 Si
1043 1420 1182 1450 autem
1222 1410 1329 1449 nihil
1361 1427 1593 1463 congruum
1623 1411 1685 1451 in-

263 1487 453 1537 veniens,
493 1487 686 1528 mihimet
714 1487 795 1544 ipsi
827 1488 1041 1540 confingo,
1073 1503 1178 1543 quae
1209 1487 1380 1542 loquar,
1411 1489 1615 1527 fluctuans
1646 1487 1687 1526 in

263 1565 548 1614 sermonibus,
579 1564 651 1620 qui
680 1576 775 1605 sunt
805 1565 931 1605 alieni
961 1582 984 1606 a
1012 1566 1132 1615 Deo,
1165 1565 1215 1605 de
1245 1581 1343 1605 meo
1374 1564 1515 1621 potius
1548 1565 1689 1613 corde,

265 1659 390 1699 quam
421 1643 473 1682 de
505 1641 590 1682 Dei
620 1642 807 1682 sensibus
838 1642 1006 1697 loquor.

375 1718 415 1761 3.
461 1718 715 1773 „Propheta
739 1719 805 1773 ⁵),
837 1730 878 1758 et
909 1719 1020 1759 (lices
1050 1719 1291 1774 prophetis,
1334 1720 1404 1775 qui
1435 1719 1691 1775 prophetant

267 1797 319 1836 de
351 1795 478 1836 corde
509 1801 628 1835 su0.“
685 1796 785 1836 Non
816 1795 872 1836 ait
902 1795 1154 1851 simpliciter
1183 1797 1234 1836 de
1267 1797 1408 1847 corde,
1441 1797 1513 1837 sed
1545 1797 1624 1845 „de
1647 1796 1689 1850 ὃ)

268 1874 396 1913 corde
426 1888 503 1913 suo
516 1878 553 1912 “.
614 1872 704 1922 „Et
731 1872 771 1928 ⁷)
802 1873 1096 1928 prophetabis,
1129 1885 1170 1913 et
1199 1873 1311 1914 dices
1342 1875 1394 1914 ad
1426 1890 1518 1914 eos:
1551 1872 1691 1913 audite

269 1951 443 1990 verbum
472 1948 694 1990 Domini.“
750 1949 866 1990 Haec
904 1952 955 1991 ad
995 1967 1085 2001 me,
1126 1951 1228 1990 haec
1267 1952 1318 1990 ad
1356 1967 1450 1991 eum
1482 1951 1690 1999 dicuntur,

270 2026 343 2082 qui
371 2027 594 2067 doctorem
624 2042 667 2066 se
698 2042 785 2067 esse
815 2027 1041 2082 promittit,
1071 2038 1119 2066 ut
1147 2026 1278 2066 timor
1302 2027 1385 2067 Dei
1416 2027 1553 2084 major
1584 2027 1690 2067 oria-

270 2115 340 2144 tur
380 2104 425 2145 in
466 2103 610 2153 nobis,
662 2119 714 2143 ne
765 2103 1059 2159 periclitemur
1103 2103 1219 2159 quasi
1267 2105 1342 2144 sub
1389 2105 1691 2145 commentario

271 2180 429 2235 scripto
460 2196 548 2220 non
579 2181 630 2220 ab
660 2181 925 2230 hominibus,
962 2180 1036 2220 sed
1077 2181 1128 2220 ab
1169 2180 1324 2232 angelis
1353 2181 1459 2231 Dei,
1497 2181 1555 2220 sic
1592 2197 1692 2236 pro-

271 2257 382 2297 ferre
412 2272 663 2298 sermonem.
721 2258 833 2299 Novi
864 2258 1043 2314 quippe,
1076 2256 1192 2312 quia,
1234 2274 1330 2298 cum
1360 2258 1401 2298 in
1429 2258 1588 2316 judicio
1619 2258 1693 2297 ille

275 2335 381 2374 ordo
422 2334 678 2383 consederit,
719 2335 770 2375 de
809 2351 892 2391 quo
924 2333 1195 2390 prophetavit
1224 2334 1381 2375 Daniel
1409 2336 1474 2389 ⁸),
1517 2347 1555 2374 et
1593 2333 1692 2374 libri

275 2410 431 2452 fuerint
458 2411 605 2467 aperti,
636 2428 781 2453 omnes
809 2411 893 2452 mei
926 2423 1110 2461 conatus,
1143 2428 1287 2452 omnes
1318 2427 1435 2452 meae
1465 2410 1695 2467 expositio-

273 2504 346 2530 nes
382 2490 654 2545 proserentur
689 2490 732 2530 in
762 2488 974 2539 medium,
1016 2487 1102 2528 sive
1133 2488 1176 2528 in
1206 2487 1567 2545 justificationem,
1605 2488 1690 2528 sive

336 2668 337 2671 ’
394 2656 433 2709 ¹)
464 2656 573 2698 Edd.
604 2655 799 2697 Merlini:
831 2657 896 2696 de.
1017 2655 1058 2712 ²)
1089 2655 1226 2697 ICor.
1258 2657 1290 2696 Ῑ.
1325 2655 1390 2699 16.
1423 2656 1519 2697 coll.
1555 2655 1617 2698 12.

390 2726 433 2782 ε”·)
462 2725 541 2767 Ed.
574 2726 728 2767 Pmaei:
761 2726 1037 2782 interpretati.
1099 2726 1141 2781 ⁴¹)
1176 2726 1261 2767 Cfr.
1293 2724 1313 2765 Ι
1333 2725 1430 2767 Cor.
1459 2725 1560 2774 XII,
1593 2724 1656 2767 10.

392 2795 432 2851 ⁵)
464 2795 551 2836 Cfr.
581 2795 731 2837 Ezech.
762 2797 883 2847 Xlll,
913 2797 950 2841 2.
984 2795 1021 2840 3.
1086 2795 1128 2851 ⁶)
1164 2796 1250 2837 Cfr.
1280 2795 1431 2837 Ezech.
1462 2795 1583 2844 XIII,
1615 2794 1652 2837 3.

391 2863 431 2919 ἲ)
460 2863 612 2907 Ezech.
643 2861 765 2915 XlII,
792 2864 830 2908 2.
950 2865 993 2922 8)
1025 2865 1111 2907 Cfr.
1141 2865 1250 2907 Dant.
1283 2862 1379 2909 Vll.
