1759 3134
636 157 835 199 HOMILIA
866 156 936 196 IV.
1440 159 1489 201 61

82 268 193 308 enim
234 283 413 323 operum
452 268 539 327 ejus
578 269 620 309 in
650 267 858 309 absconsis
888 278 1003 307 sunt:
1041 283 1127 307 non
1157 285 1378 324 possumus
1407 286 1494 310 ma-

77 345 338 397 gnitudinem
358 345 584 401 sapientiae
610 345 741 386 effari.
787 345 995 395 „Arenam
1015 345 1054 399 ¹)
1084 346 1221 396 maris,
1255 358 1294 387 et
1323 347 1491 402 pluviae

79 421 230 472 stillas,
276 434 318 463 et
362 422 448 464 dies
495 422 647 463 saeculi
692 420 783 477 quis
827 421 1135 462 dinumerabit?
1209 423 1490 464 Altitudinem

78 500 201 550 coeli,
233 512 273 540 et
303 499 568 540 latitudinem
590 511 738 548 terrae,
767 510 808 539 ct
837 499 1109 554 profundum'
1127 498 1365 553 sapientiae,
1399 500 1490 556 quis

76 575 404 629 investigabit?“
461 576 583 617 Varie
625 592 722 628 ergo
765 575 947 616 mittitur
974 576 1104 615 fames
1134 591 1260 631 super
1288 578 1491 631 peccatri—

78 669 169 693 cem
199 665 368 694 terram.

188 729 226 773 3.
272 731 353 780 „Et
372 730 414 784 ²)
439 730 638 780 auferam,
668 729 816 785 inquit,
848 747 896 770 ex
928 747 975 770 ea
1003 729 1220 770 hominem
1252 739 1292 768 et
1321 733 1490 783 pecu5.“

75 806 207 846 Aliud
238 818 298 847 est
326 818 456 855 terra,
492 806 607 847 aliud
635 807 777 848 homo.
836 809 944 849 Nam
974 807 1227 848 habitatores
1256 817 1415 855 terrae,
1444 817 1491 845 ut

78 883 248 938 quidam
284 895 453 939 putant,
492 900 602 924 nunc
638 901 718 940 pro
758 896 867 926 terra
906 901 993 925 non
1030 884 1234 925 nominat.
1294 883 1340 925 Si
1380 882 1490 923 enim

60 960 327 1006 ,habitatores
356 972 491 1001 terrae
521 977 599 1016 per
628 972 784 1002 terram
813 961 947 1016 accipi
977 961 1100 1011 velit,
1136 960 1396 1016 superfluum
1426 960 1490 999 su-

78 1049 163 1078 erat
193 1037 355 1078 dicere:
387 1039 600 1088 „auferam
620 1039 661 1094 3)
694 1054 742 1078 ex
773 1054 820 1078 ea
848 1037 1065 1078 hominem
1098 1049 1139 1078 et
1160 1043 1330 1092 pecus.“
1377 1035 1490 1076 Gau-

76 1115 147 1155 det
185 1114 295 1155 enim
331 1127 462 1165 terra,
503 1116 668 1171 quando
707 1116 834 1171 plena
872 1126 934 1156 est
962 1115 1136 1167 accolis;
1167 1125 1352 1163 moeret,
1394 1130 1488 1154 cum

75 1191 133 1241 id,
165 1192 281 1247 quod
312 1191 485 1241 dicitur,
515 1192 725 1233 acciderit.
786 1193 1021 1243 „Auferam
1041 1192 1084 1247 4)
1115 1193 1166 1232 ab
1197 1208 1244 1231 ea
1273 1191 1491 1231 hominem

77 1279 117 1308 et
144 1274 314 1323 pecus.“
369 1269 438 1308 De
468 1268 640 1323 quibus,
670 1268 704 1308 si
731 1269 944 1310 Dominus
973 1268 1093 1309 vobis
1124 1267 1337 1308 orantibus
1366 1268 1490 1308 mini-

74 1345 264 1386 straverit
293 1362 470 1396 sensum,
505 1368 554 1374 —
586 1345 620 1385 si
650 1357 790 1385 tamen
819 1362 960 1386 sensus
989 1345 1168 1386 Domini
1200 1362 1369 1401 capaces
1398 1346 1489 1385 sue-

73 1422 201 1462 rimus
240 1422 406 1472 effecti,
455 1444 505 1451 --
552 1422 747 1462 volumus
790 1438 923 1476 pauca
962 1422 1176 1462 disserere.
1252 1421 1486 1474 Quomodo

70 1515 209 1554 poena
237 1498 380 1538 matris
411 1510 471 1538 est
499 1497 542 1538 in
569 1498 765 1538 exsilium
797 1498 1022 1539 destinatae
1061 1498 1217 1554 privari
1258 1498 1378 1548 filiis,
1417 1510 1489 1539 aut

70 1587 180 1616 certe
210 1575 322 1616 filios
352 1591 448 1616 suos
479 1576 531 1615 ad
561 1575 685 1616 aliam
715 1575 858 1616 videre
888 1575 1151 1631 provinciam
1181 1574 1398 1616 destinari:
1429 1575 1488 1615 sic

72 1647 387 1708 (inodammodo
427 1665 561 1693 mater
595 1665 738 1693 nostra
775 1664 886 1693 terra
921 1652 1156 1703 flagellatur
1191 1668 1270 1706 pro
1303 1652 1486 1706 peccatis

70 1729 154 1769 suis
187 1745 210 1768 a
237 1730 358 1778 Deo,
398 1730 562 1784 quando
602 1730 789 1779 aufertur
818 1730 868 1768 ab
900 1744 947 1768 ea
976 1728 1105 1768 homo
1138 1739 1179 1767 et
1208 1744 1358 1782 pecus;
1401 1729 1485 1768 lae-

70 1817 193 1855 tatur,
225 1805 391 1861 quando
423 1805 613 1845 homines
643 1805 780 1855 habet,
810 1795 939 1856 magis
968 1816 1131 1853 autem,
1164 1806 1329 1860 quando
1360 1805 1486 1845 habet

68 1882 260 1922 homines
292 1881 500 1937 optimos,
540 1892 580 1921 et
618 1881 661 1921 in
690 1881 775 1921 Dei
805 1881 951 1921 studiis
982 1881 1188 1931 viventes,
1229 1881 1335 1922 sicut
1362 1898 1486 1937 supra

70 1958 348 2015 exposuimus.
406 1958 576 1998 Dicitur
606 1974 727 2010 ergo:
757 1959 952 2014 „quando
979 1958 1019 2014 ⁵)
1050 1969 1161 2019 terra
1188 1959 1484 2013 peccaverit:“

68 2036 184 2092 quasi
222 2035 402 2076 dicatur:
449 2035 484 2075 si
522 2036 689 2091 quando
729 2035 967 2091 peccaverit
1006 2047 1159 2085 mater,
1209 2036 1395 2076 auferam
1433 2036 1484 2076 de

68 2113 198 2154 domo
238 2111 323 2170 ejus
363 2110 521 2163 filium,
562 2112 620 2153 sic
659 2124 701 2153 et
738 2130 849 2153 nunc
879 2113 1065 2153 auferam
1094 2113 1147 2152 de
1179 2128 1226 2152 ea
1254 2112 1482 2152 hominem.

65 2191 263 2231 Laetatur
301 2189 459 2245 quippe
496 2201 607 2231 terra
642 2207 729 2231 non
766 2207 893 2246 super
931 2189 1075 2231 bestiis
1116 2200 1157 2229 et
1185 2189 1284 2230 feris
1314 2189 1483 2240 rabidis,

67 2268 142 2307 sed
170 2283 296 2323 super
324 2266 579 2322 pecudibus,
618 2267 714 2323 quia
749 2267 916 2323 placida
956 2279 997 2308 et
1036 2278 1251 2314 mansueta
1289 2267 1481 2307 animalia

68 2343 216 2395 diligit.

180 2420 218 2462 4.
267 2421 358 2470 „Et
382 2421 423 2476 6)
462 2423 647 2462 auferam
681 2423 733 2462 de
765 2438 812 2463 ea
841 2411 1057 2464 hominem
1089 2434 1130 2463 et
1161 2438 1303 2477 pecus.
1362 2421 1417 2461 Et
1446 2420 1480 2460 si

67 2497 224 2538 fuerint
253 2496 321 2538 isti
349 2509 431 2538 tres
462 2498 540 2539 viri
570 2498 613 2540 in
642 2500 785 2541 medio
818 2499 947 2558 ejus.“
1007 2500 1240 2555 Quomodo
1267 2508 1409 2554 potest
1438 2496 1479 2536 in

183 2665 222 2721 ¹)
256 2667 353 2720 Sap.
386 2665 517 2707 Sirac.
548 2667 580 2716 I,
610 2666 648 2709 2.
680 2666 718 2710 3.
751 2668 1070 2724 (Ecclesiastic.)

181 2736 223 2790 2)
253 2735 405 2776 Ezech.
436 2735 552 2785 XIV,
584 2735 647 2779 13.
766 2738 809 2792 ³)
838 2738 990 2780 Ezech.
1020 2739 1137 2787 XIV,
1168 2736 1233 2780 13.

180 2807 222 2860 ⁴)
253 2806 402 2846 Ezech.
433 2805 548 2855 XIV,
581 2805 644 2849 13.
765 2807 806 2862 ⁵)
835 2808 986 2850 Ezech.
1017 2810 1134 2860 XIV,
1165 2808 1231 2852 13.

181 2874 224 2932 ὃ)
254 2875 404 2916 Ezech.
436 2876 550 2925 XIV,
584 2874 648 2919 13.
681 2875 744 2919 14.
