1759 3134
267 94 352 137 258
561 94 782 135 Omeus
812 106 860 136 m
891 95 1079 136 Cmnc.
1114 95 1416 139 cmi-monum

272 219 434 256 sancta,
472 208 525 247 de
566 223 646 262 qua
684 223 794 247 nunc
831 207 935 248 mihi
974 224 1112 248 sermo
1157 220 1227 249 est.
1290 209 1390 251 Scio
1431 209 1589 265 quippe
1620 213 1703 252 Lu-

276 302 365 327 cam
386 285 424 340 Ι)
455 285 507 324 de
538 284 786 339 peccatrice,
816 286 1209 326 Matthaeum‘vero
1239 297 1280 327 et
1296 287 1503 327 Joannem
1533 299 1574 327 et
1591 288 1705 330 Mar-

277 379 373 404 cum
412 377 498 402 non
539 363 591 402 de
631 363 865 417 peccatrice
905 363 977 403 illa
1003 364 1045 415 ²)
1087 361 1251 403 dixisse.
1311 363 1438 404 Venit
1477 380 1575 416 ergo
1617 382 1702 406 non

278 439 489 496 peccatrix
520 439 593 480 illa
618 440 674 495 3),
705 442 779 481 sed
809 439 1108 496 sanam-cujus
1133 439 1174 495 ⁴)
1206 456 1362 481 nomen
1395 458 1563 497 quoque
1579 443 1705 483 Joan-

276 533 347 556 nes
379 516 565 558 inseruit.
627 518 761 558 RIaria
801 519 958 574 quippe
1000 529 1109 566 erat,
1149 518 1303 557 habens
1344 518 1594 559 alabastrum
1628 537 1706 560 un-

275 594 418 646 guenti
448 594 567 635 nardi
598 595 738 650 pistici
769 596 966 651 pretiosi,
1011 607 1051 635 et
1094 595 1247 635 effudit
1277 611 1403 650 super
1434 609 1557 651 caput
1590 598 1702 637 Jesu.

274 672 442 712 Deinde
483 689 612 727 super
651 673 732 712 hoc
775 672 1084 725 indignantibus
1130 689 1215 712 non
1249 672 1444 713 omnibus
1476 674 1704 729 discipulis,

273 751 347 790 sed
378 750 489 790 Juda
520 749 613 789 solo
647 750 835 790 dicente:
868 751 1036 806 „potuit
1060 751 1099 805 ᾖ)
1133 751 1363 791 venundari
1395 752 1477 791 hoe
1506 752 1702 792 trecentis

276 826 482 876 denariis,
523 838 563 866 et
605 826 693 866 dari
732 827 1049 882 pauperibus:“
1090 828 1324 883 respondit.
1348 829 1542 880 magister
1580 841 1704 884 atque

274 904 478 945 salvator:
511 905 762 959 „semper⁵)
796 922 1000 961 pauperes
1032 906 1237 946 habebitis
1270 906 1502 955 vobiscum,
1534 923 1600 946 me
1633 922 1703 946 au-

275 993 361 1023 tem
401 998 484 1022 non
527 999 705 1037 semper.
766 982 1045 1023 Praeveniens
1087 985 1244 1039 quippe
1285 984 1386 1024 haec
1426 984 1467 1023 in
1500 984 1612 1024 diem
1643 1000 1704 1024 se-

272 1060 467 1115 pulturae
514 1075 633 1099 meae
665 1059 779 1099 fecit.
841 1061 944 1100 Ideo
986 1060 1227 1116 ubicunque
1258 1062 1546 1116 praedicatum
1578 1062 1703 1101 fuerit

275 1136 538 1188 evangelium
560 1136 686 1184 istud,
720 1136 885 1176 dicetur
906 1148 948 1177 et
970 1138 1087 1192 quod
1118 1137 1219 1177 fecit
1248 1138 1349 1177 haec
1380 1138 1423 1177 in
1452 1138 1701 1178 memoriam

275 1213 405 1269 ejus.“
466 1214 515 1253 In
544 1213 675 1264 figura
705 1229 802 1264 ergo
836 1212 954 1253 istius
978 1214 1033 1269 ⁷),
1066 1230 1169 1268 quae
1201 1230 1311 1254 nunc
1343 1214 1553 1271 loquitur:
1585 1232 1704 1265 „nar-

276 1292 352 1331 dus
372 1291 415 1346 9)
456 1307 550 1331 mea
591 1290 709 1330 dedit
750 1291 930 1330 odorem
969 1297 1154 1331 suum:“
1194 1291 1268 1331 illa
1298 1308 1424 1347 super
1458 1305 1582 1349 eaput
1612 1294 1704 1334 Do-

274 1368 380 1408 mini
412 1367 523 1408 fudit
550 1379 834 1420 unguentum:
870 1380 910 1408 et
940 1380 986 1408 tu
1021 1383 1190 1424 quoque
1222 1385 1384 1410 assume
1413 1371 1613 1419 nardum,
1643 1382 1703 1419 ut,

274 1455 500 1501 postquam
533 1456 659 1500 caput
686 1446 786 1486 Jesu
817 1445 934 1485 suavi
967 1447 1099 1486 odore
1128 1446 1385 1501 perfuderis,
1414 1449 1548 1502 possis
1578 1450 1705 1489 auda-

276 1535 363 1563 cter
405 1522 549 1563 effari:
592 1524 781 1572 „nardus
808 1524 850 1578 9)
890 1540 982 1563 mea
1023 1524 1141 1564 dedit
1179 1525 1357 1564 odorem
1388 1531 1568 1564 suum:“
1612 1537 1650 1566 et
1682 1542 1702 1565 a

271 1602 371 1641 Jesu
401 1600 671 1655 reciprocum
701 1600 846 1640 audire
891 1617 1155 1651 sermonem,
1196 1602 1292 1657 quia
1332 1601 1608 1657 „ubicunque
1635 1604 1702 1658 '⁰)

272 1679 563 1734 praedicatum
592 1677 722 1718 fuerit
752 1678 834 1717 hoc
867 1678 1131 1730 evangelium
1162 1678 1206 1718 in
1236 1690 1329 1719 toto
1367 1680 1552 1729 mundo,
1591 1681 1703 1721 dice-

274 1767 342 1796 tur
385 1768 425 1795 et
467 1756 583 1811 quod
627 1754 727 1795 fecit
756 1755 858 1794 haec
889 1755 932 1795 in
963 1757 1215 1797 memoriam
1247 1755 1376 1814 eju5.“
1437 1757 1505 1797 Tu
1536 1773 1704 1813 quoque

273 1833 425 1883 facito,
468 1833 510 1873 in
547 1833 753 1874 universis
795 1833 986 1885 gentibus
1029 1833 1287 1889 praedicato,
1351 1833 1533 1887 Quando
1564 1848 1704 1876 autem

272 1911 353 1951 hoc
398 1911 554 1953 facies?
621 1912 668 1954 Si
713 1912 846 1951 factus
890 1911 1018 1951 fueris
1063 1923 1110 1952 ut
1149 1911 1405 1967 Apostolus,
1451 1924 1492 1953 et
1530 1913 1701 1954 dixeris:

394 2102 432 2155 ¹)
467 2102 553 2143 Cfr.
576 2103 676 2142 Luc.
694 2103 790 2150 VII,
822 2101 890 2144 37.
915 2100 980 2144 38.
1011 2101 1110 2141 coll.
1141 2101 1292 2141 Matth.
1324 2100 1483 2150 XXVI,
1513 2101 1551 2144 6.
1585 2118 1697 2158 seqq.

273 2174 334 2199 ev.
366 2158 518 2201 Joann.
550 2159 646 2206 XII,
683 2157 718 2200 1.
751 2174 866 2214 seqq.
899 2168 940 2197 et
969 2157 1248 2206 Marc.'X1V‚
1286 2157 1325 2201 3.
1358 2173 1472 2213 seqq.

386 2229 430 2282 ²)
462 2228 594 2268 Deest
624 2228 771 2278 ‚,illa“
802 2227 843 2266 in
877 2227 971 2266 edd.
1005 2226 1066 2266 M.

388 2298 430 2353 3)
461 2298 594 2338 Deest
625 2297 770 2347 „illa“
803 2296 846 2336 in
879 2297 942 2336 ed.
975 2296 1028 2336 R.

387 2368 429 2423 ⁴)
459 2367 569 2408 Edd.
602 2368 662 2408 M.
694 2383 941 2422 perperam:
975 2366 1054 2406 eui.

386 2439 428 2490 ⁵)
471 2437 557 2479 Cfr.
597 2438 747 2479 Matth.
787 2437 953 2485 XXVI,
993 2436 1030 2478 9.
1079 2436 1177 2477 coll.
1219 2437 1351 2484 Marc,
1390 2439 1507 2489 XIV,
1546 2439 1583 2481 5.
1631 2455 1693 2480 ev.

268 2497 421 2537 Joann.
453 2495 553 2544 XII,
584 2495 621 2537 5.

385 2566 428 2618 ⁶)
460 2565 545 2606 Cfr.
578 2564 728 2605 Matth.
760 2564 918 2611 XXVI,
958 2562 1021 2606 11.
1067 2562 1131 2605 12.
1177 2563 1242 2607 13.
1277 2565 1374 2606 coll.
1415 2566 1547 2607 Rlarc.
1577 2566 1693 2616 XIV,

271 2623 306 2664 7.
337 2622 376 2665 8.
409 2621 447 2664 9.
483 2637 544 2661 εν.
577 2622 728 2661 Joann.
759 2620 859 2669 XII,
893 2620 929 2661 7.
961 2619 999 2663 8.

388 2692 425 2746 ⁷)
457 2691 564 2731 Edd.
596 2690 770 2731 Merlini
789 2708 807 2745 εἴ
828 2690 940 2731 istud
973 2692 1088 2747 quod
1117 2708 1228 2732 nunc
1261 2703 1336 2733 etc.

381 2761 424 2815 Θ)
457 2761 614 2802 Cantic.
649 2761 681 2810 I,
715 2760 778 2802 12.
899 2761 941 2817 ⁹)
973 2762 1131 2803 Cantic.
1169 2764 1202 2812 I,
1235 2762 1299 2805 12.

356 2835 422 2884 ¹⁰)
454 2831 540 2872 Cfr.
572 2831 721 2872 Matth.
753 2831 911 2881 XXVI,
945 2831 1008 2875 13.
1042 2832 1140 2873 coll.
1173 2833 1307 2874 RIarc.
1336 2832 1453 2882 XIV,
1483 2831 1518 2873 9.
