1759 3134
276 93 359 139 ‘268
566 96 785 138 Omossms
814 108 859 139 m
891 98 1072 140 CAN'ric.
1107 97 1408 142 CANTICORUM

274 221 339 250 sto
371 220 464 249 ante
499 208 667 258 ostium,
699 220 739 249 et
768 210 907 265 pulso.
967 211 1013 252 Si
1045 211 1135 266 quis
1163 212 1266 252 mihi
1297 212 1531 268 aperuerit,
1560 213 1693 267 ingre-

275 288 366 328 ‹liar
396 287 447 327 ad
479 302 596 337 eum,
629 297 670 326 et
701 289 890 328 coenabo
924 305 1019 329 cum
1052 304 1126 338 eo,
1168 300 1209 329 et
1239 289 1329 345 ipse
1358 306 1538 331 mecum.
1597 292 1694 341 „In-

210 412 212 414 Υ
272 362 485 404 troducite
514 363 552 418 Ι)
590 369 701 405 me.“
758 364 815 405 Et
854 382 965 406 nunc
1005 367 1152 406 eadem
1192 366 1296 407 dicit
1336 384 1474 408 sermo
1515 366 1694 418 divinus,

274 457 370 481 ecce
413 439 600 482 Christus
642 442 851 497 loquitur:
901 443 1158 484 introducite
1197 460 1278 485 me.
1346 445 1478 486 Vobis
1524 461 1694 501 quoque

273 519 581 560 catechumenis
614 519 822 575 loquitur:
864 520 1121 562 introducite
1145 522 1188 575 2)
1221 538 1303 563 me.
1362 521 1695 572 ‚‚lntroducite,“

271 613 358 637 non
388 596 639 652 simpliciter
668 597 709 637 in
742 599 939 647 domum,
979 600 1052 639 sed
1095 599 1174 649 „in
1216 600 1393 639 domum
1431 597 1576 638 vini:“
1616 596 1695 637 im-

271 675 438 730 pleatur
468 673 566 714 vino
600 674 808 724 laetitiae,
849 675 948 715 vino
982 675 1164 731 Spiritus
1203 676 1334 717 sancti
1372 675 1509 716 anima
1546 686 1696 725 vestra,

273 764 314 793 et
352 752 410 792 sic
450 751 707 793 introducite
746 753 786 793 in
826 755 1003 794 domum
1033 765 1212 794 vestram
1242 770 1467 810 sponsum,
1504 753 1695 802 verbum,

270 829 540 885 sapientiam,
581 829 813 872 veritatem.
873 831 1022 872 Potest
1051 843 1192 872 autem
1224 843 1265 872 et
1294 832 1346 872 ad
1376 847 1448 871 eos
1483 829 1592 880 dici,
1623 828 1697 885 qui

269 907 461 947 nondum
490 907 671 960 perfecti
700 920 815 948 sunt:
847 908 1133 958 „introducite
1149 910 1192 965 3)
1216 926 1285 950 me
1306 909 1350 950 in
1373 905 1696 947 domum'vini.“

380 983 422 1026 8⁶
481 983 724 1033 „Ordinato
750 984 791 1041 4)
834 985 877 1025 in
906 1003 974 1026 me
1006 986 1264 1027 caritatem.“
1321 985 1548 1037 Eleganter
1577 984 1695 1024 locu-

267 1074 334 1103 tus
374 1071 454 1101 est:
501 1060 788 1109 ‚‚ordinate:“
831 1063 1119 1117 plurimorum
1162 1063 1320 1119 quippe
1359 1062 1597 1102 inordinata
1633 1072 1695 1102 est

270 1139 438 1180 caritas:
489 1137 679 1192 quando,
728 1139 845 1193 quod
892 1139 935 1180 in
981 1140 1122 1196 primo
1172 1141 1269 1180 loco
1313 1140 1469 1179 debent
1507 1137 1694 1190 diligere,

269 1215 450 1268 diligunt
479 1213 522 1253 in
552 1214 762 1254 secundo:
794 1218 909 1271 quod
940 1217 984 1257 in
1014 1217 1216 1267 secundo,
1248 1216 1427 1269 diligunt
1457 1214 1500 1255 in
1529 1214 1689 1270 primo:

269 1306 311 1336 et
341 1293 458 1349 quod
489 1303 662 1347 oportet
691 1308 830 1333 amare
856 1293 895 1347 ⁵)
929 1293 972 1334 in
1003 1306 1175 1350 quarto,
1211 1305 1351 1335 amant
1388 1293 1433 1334 in
1459 1292 1610 1334 tertio:
1653 1304 1695 1333 et

264 1387 406 1412 rursus
434 1368 609 1409 tertium
638 1368 680 1408 in
713 1381 877 1424 quarto,
906 1382 947 1411 et
978 1383 1040 1412 est
1068 1371 1112 1412 in
1140 1371 1356 1428 plerisque
1377 1369 1557 1411 caritatis
1584 1370 1690 1410 ordo

263 1463 499 1505 perversus.
560 1446 815 1488 Sanctorum
845 1463 946 1487 vero
980 1447 1126 1490 caritas
1157 1449 1348 1489 ordinata
1378 1459 1450 1488 est.
1494 1447 1609 1487 Volo
1640 1447 1693 1487 ad

264 1524 591 1577 intelligendum
621 1525 725 1574 hoc,
757 1525 874 1580 quod
905 1524 1066 1566 dictum
1097 1537 1181 1567 est:
1221 1526 1451 1576 „ordinate
1476 1521 1519 1581 6)
1548 1524 1592 1564 in
1622 1539 1691 1564 me

266 1604 540 1646 caritatem:“
587 1601 730 1657 aliqua
774 1602 966 1657 exempla
1002 1602 1222 1658 replicare.
1291 1603 1365 1653 Te·
1397 1602 1489 1642 vult
1526 1601 1691 1641 divinus

264 1697 403 1723 sermo
436 1677 612 1729 diligere
639 1689 825 1733 patrem,
854 1678 1006 1729 filium,
1035 1679 1192 1729 filiam,
1223 1680 1315 1719 vult
1343 1691 1386 1719 te
1417 1694 1555 1719 sermo
1587 1677 1692 1718 divi-

263 1777 339 1801 nus
371 1756 546 1808 diligere
579 1754 814 1805 Christum,
853 1771 930 1795 nec
961 1754 1065 1796 dicit
1099 1755 1202 1806 tibi,
1242 1772 1294 1796 ne
1334 1755 1481 1807 diligas
1520 1754 1692 1805 liberos,

262 1853 315 1877 ne
345 1832 587 1891 parentibus
618 1831 789 1873 caritate
818 1831 1012 1888 jungaris.
1073 1833 1160 1874 Sed
1197 1832 1300 1889 quid
1333 1832 1435 1873 dicit
1463 1832 1572 1874 tibi?
1626 1833 1690 1873 Ne

262 1913 545 1955 inordinatam
584 1909 736 1950 habeas
778 1909 1016 1959 caritatem,
1060 1925 1114 1949 ne
1160 1909 1348 1965 primum
1390 1920 1575 1964 patrem,
1621 1919 1692 1949 aut

262 2003 462 2038 matrem,
501 1986 654 2028 deinde
695 2003 765 2027 me
796 1987 964 2039 diligas,
1002 2003 1055 2027 ne
1094 1986 1173 2028 filii
1213 1998 1255 2027 et
1292 1986 1405 2026 filiae
1435 1986 1533 2041 plus
1564 2002 1690 2042 quam

260 2068 347 2109 mei
377 2065 547 2107 caritate
576 2063 768 2104 tenearis.
828 2063 957 2117 „Qui
982 2063 1025 2119 7)
1062 2075 1173 2104 amat
1209 2074 1373 2119 patrem
1413 2074 1484 2103 aut
1512 2074 1690 2104 matrem

260 2160 388 2201 super
416 2158 500 2192 me,
529 2157 616 2181 non
649 2152 711 2181 est
734 2156 802 2180 me
823 2141 982 2192 dignus.
1032 2139 1119 2193 Qui
1150 2152 1261 2181 amat
1290 2140 1426 2181 filiurn
1457 2151 1528 2180 aut
1556 2140 1688 2181 filiam

259 2238 387 2278 super
416 2235 497 2269 me,
528 2234 613 2258 non
645 2228 706 2257 est
730 2233 798 2258 me
819 2217 1009 2269 dignus.“
1053 2217 1217 2259 Recole
1243 2218 1543 2259 conscientiam
1572 2229 1688 2260 tuam

379 2432 420 2486 ¹)
452 2427 612 2471 Cantic.
643 2427 699 2475 II,
730 2425 769 2467 4.

373 2500 418 2551 2)
449 2499 558 2539 Edd.
589 2495 789 2538 Merlini:
822 2495 1081 2538 introducite
1108 2514 1197 2538 me:
1229 2515 1315 2538 non
1337 2497 1588 2554 simpliciter
1606 2508 1682 2539 etc.

261 2583 310 2588 —-
345 2558 431 2599 Cfr.
457 2554 618 2597 Cantic.
650 2554 706 2603 II,
736 2553 774 2594 4.

372 2627 416 2683 ³)
449 2624 609 2668 Cantic.
642 2623 698 2672 II,
728 2623 767 2664 4.
888 2623 930 2678 ³¹)
965 2623 1123 2664 Cantic.
1158 2625 1214 2674 II,
1245 2624 1283 2666 4.

373 2698 415 2753 ⁵)
446 2696 555 2736 Edd.
587 2692 785 2735 Merlini:
819 2709 962 2734 amore
994 2706 1166 2750 quarto,
1204 2706 1343 2738 amant
1372 2693 1511 2735 tertio.

375 2768 419 2822 ὃ)
452 2764 611 2808 Cantic.
643 2765 700 2813 II,
731 2764 769 2805 4.

375 2836 417 2890 7)
448 2835 598 2876 Matth.
631 2835 684 2884 X,
715 2833 781 2878 37.
