1759 3134
224 156 308 201 388
518 157 738 198 OmGr-:ms
767 169 812 197 m
845 155 1028 197 CAN'rxc.
1061 154 1363 197 CAN‘nconuM

226 286 402 310 monum
435 285 591 324 pugnas
623 269 822 310 dimicare
853 285 938 309 non
969 279 1159 324 possunt,
1189 279 1339 324 utpote
1370 266 1547 307 infantes
1578 267 1647 307 ad-

225 347 306 387 huc
345 359 386 387 et
424 346 623 387 lactentes
664 346 707 387 in
740 346 930 398 Christo,
975 347 1072 387 dare
1113 346 1283 399 angelos
1313 356 1648 401 propugnatores

227 437 267 465 et
304 425 569 465 defensores:
625 423 697 480 qui
743 424 859 465 velut
914 434 1073 464 tutores
1124 435 1164 464 et
1208 434 1504 480 procuratores
1552 438 1650 463 con-

226 502 360 543 stituti
400 515 495 544 sunt
534 518 555 543 a
593 503 689 544 Deo
732 518 903 553 eorum,
953 501 1024 558 qui
1063 501 1104 542 in
1147 500 1312 542 infirma
1351 512 1482 543 aetate
1520 500 1650 557 positi

226 596 305 636 pro
337 592 471 621 semet
500 579 613 636 ipsis,
642 592 690 621 ut
723 580 915 630 diximus,
946 595 1131 636 pugnare
1162 595 1248 620 non
1279 590 1466 635 possunt.
1521 578 1576 619 Et
1605 589 1651 618 ut

224 657 306 698 hoc
339 674 434 699 cum
464 657 615 717 majori
644 658 800 699 fiducia
836 669 978 711 agant,
1019 657 1267 698 conceditur
1305 657 1354 698 iis
1396 672 1563 713 semper
1593 655 1652 696 vi-

226 736 326 777 dere
355 735 510 777 faciem
539 735 692 792 patris,
737 735 810 792 qui
847 735 890 776 in
923 735 1052 777 coelis
1084 747 1165 777 est:
1212 746 1253 776 et
1294 734 1396 776 istos
1427 746 1532 791 puto
1565 749 1652 774 esse

225 814 439 869 parvulos,
471 830 577 870 quos
608 813 751 856 venire
782 814 837 855 ad
867 830 909 855 se
943 813 1129 856 Christus
1177 811 1319 870 jussit,
1364 824 1404 854 et
1440 829 1528 854 non
1558 811 1654 853 sivit

226 891 467 947 prohiberi,
516 903 558 934 et
601 908 705 949 quos
748 907 915 948 semper
955 891 1114 947 dixit¹)
1147 890 1290 932 videre
1321 890 1473 931 faciem
1510 888 1652 946 patriS.

224 970 315 1011 Nec
344 968 422 1011 tibi
452 969 709 1011 contrarium
738 969 950 1020 videatur,
981 969 1015 1011 si
1049 985 1120 1010 eos
1151 969 1253 1010 haec
1283 968 1432 1019 anima,
1464 985 1570 1025 quae
1602 968 1654 1009 ad

226 1047 370 1088 Deum
403 1048 560 1098 tendit,
604 1047 748 1089 matris
780 1064 877 1088 suae
916 1047 1029 1089 filios
1070 1048 1268 1104 appellat.
1331 1047 1377 1089 Si
1418 1046 1530 1088 enirn
1568 1046 1655 1087 ani-

226 1141 389 1165 marum
418 1138 554 1166 mater
570 1125 841 1166 Hierusalem
871 1125 1066 1166 coelestis
1099 1136 1171 1174 est,
1205 1136 1246 1165 et
1274 1123 1410 1176 angeli
1440 1122 1656 1163 nihilomi—

227 1219 303 1243 nus
331 1203 535 1244 coelestes
564 1203 859 1253 nominantur,
890 1202 995 1243 nihil
1029 1202 1244 1243 dissonans
1277 1201 1503 1252 videbitur,
1535 1201 1569 1241 si
1598 1200 1654 1250 hi,

230 1281 301 1336 qui
337 1280 534 1322 similiter
562 1293 608 1322 ut
638 1281 729 1337 ipsa
761 1281 965 1322 coelestes
996 1292 1104 1331 sunt,
1143 1282 1193 1320 ab
1227 1296 1273 1321 ea
1305 1279 1382 1319 filii
1411 1277 1554 1319 matris
1585 1295 1654 1334 ap-

228 1359 455 1414 pellantur.
525 1360 666 1416 Super
708 1358 850 1400 omnia
896 1371 1035 1400 autem
1087 1375 1319 1412 congruum
1360 1356 1575 1398 videbitur
1616 1368 1656 1397 et

230 1435 498 1486 conveniens,
528 1448 596 1488 ut,
629 1437 779 1494 quibus
811 1454 917 1478 unus
950 1449 1010 1478 est
1039 1449 1161 1493 pater
1188 1436 1329 1487 Deus,
1360 1452 1443 1477 una
1472 1435 1526 1476 sit
1557 1447 1597 1475 et
1613 1435 1655 1491 2)

229 1513 498 1554 Hierusalem
528 1527 673 1557 mater.
725 1515 857 1570 Quod
874 1532 975 1556 vero
1007 1515 1086 1556 ait:
1120 1515 1370 1571 „vineam³)
1401 1531 1539 1556 meam
1569 1532 1655 1556 non

230 1592 493 1632 custodivi:“
526 1592 717 1633 instituta
746 1592 821 1633 illa
851 1609 898 1633 ac
928 1609 1069 1634 mores
1103 1605 1143 1633 et
1172 1592 1463 1649 propositum,
1494 1594 1536 1634 in
1569 1610 1652 1650 quo

229 1671 500 1711 exercebatur
529 1671 761 1712 secundum
790 1682 978 1712 veterem
1014 1670 1232 1712 hominem
1262 1670 1425 1721 vivens,
1470 1671 1656 1712 indicare

229 1747 397 1789 videtur
435 1748 707 1790 laudabiliter
743 1766 766 1790 a
804 1765 847 1790 se
884 1765 971 1790 non
1014 1765 1101 1790 esse
1142 1760 1316 1791 servata.
1374 1748 1438 1790 Ex
1470 1765 1553 1806 quo
1586 1765 1656 1790 au-

230 1836 317 1866 tem
355 1824 569 1883 adjutorio
621 1827 868 1880 angelorum
911 1827 1149 1878 dimicavit,
1206 1826 1307 1868 vicit
1322 1826 1363 1884 ⁴)
1404 1843 1451 1868 ac
1488 1826 1656 1883 penitus

231 1920 252 1944 a
283 1919 326 1944 se
359 1903 561 1957 effugavit
590 1917 776 1946 veterem
808 1906 1027 1948 hominem
1070 1922 1166 1948 cum
1205 1905 1366 1947 actibus
1406 1905 1511 1956 suis,
1559 1921 1656 1947 con-

229 1980 456 2037 stitutaque
486 1993 547 2022 est
587 1983 638 2023 ab
687 1982 736 2024 iis
785 1983 1003 2026 vinearum
1044 1996 1205 2034 custos,
1256 2000 1454 2025 sensuum
1495 1982 1656 2024 scilicet

232 2057 326 2114 εἶ’)
361 2059 608 2112 dogmatum
647 2060 911 2114 divinorum,
957 2080 1005 2104 ex
1046 2062 1196 2119 quibus
1234 2061 1369 2118 possit
1406 2061 1550 2103 vinum
1591 2061 1655 2101 bi-

229 2135 344 2186 bere,
377 2137 494 2192 quod
524 2137 725 2179 laetificet
757 2156 831 2180 cor
861 2140 961 2197 ejus.

343 2214 595 2264 „Annuntia
611 2216 651 2273 ⁶)
682 2216 808 2268 mihi,
839 2234 967 2274 quem
999 2217 1145 2258 dilexit
1175 2216 1313 2258 anima
1341 2233 1449 2267 mea,
1480 2216 1555 2257 ubi
1584 2232 1657 2272 pa-

230 2289 322 2340 scis,
351 2291 426 2332 ubi
464 2292 603 2333 cubile
633 2293 759 2336 habes
799 2294 842 2335 in
871 2294 1073 2345 meridie,
1113 2311 1166 2335 ne
1205 2296 1316 2336 forte
1358 2294 1518 2335 efficiar
1548 2294 1653 2335 sicut

232 2367 435 2425 adoperta
473 2387 600 2426 super
629 2387 770 2425 greges
802 2373 1014 2414 sodalium
1043 2379 1264 2416 tuorum.“
1324 2372 1474 2414 Adhuc
1504 2389 1654 2429 sponsa

349 2510 389 2566 ¹)
422 2510 507 2552 Cfr.
538 2512 690 2555 Mattb.
721 2515 884 2566 XVIII,
920 2514 987 2558 10.

342 2581 385 2638 ²)
416 2581 549 2623 Deest
579 2590 693 2634 „et“
724 2584 768 2624 in
801 2586 895 2627 edd.
926 2586 987 2627 Μ.
1109 2585 1152 2643 3)
1185 2584 1345 2629 Cantic.
1376 2585 1409 2627 I.
1440 2585 1478 2630 6.

345 2648 388 2706 ⁴)
418 2651 535 2693 Libri
565 2665 684 2696 antea
716 2655 838 2697 editi:
880 2668 958 2706 „et
989 2653 1089 2696 vicit
1121 2671 1214 2697 eam
1251 2672 1299 2698 ac
1337 2656 1540 2713 penitus“
1575 2667 1650 2699 ete.

227 2705 327 2747 Mss.
359 2719 406 2747 ut
435 2708 478 2748 in
508 2722 654 2753 nostro
693 2723 822 2754 textu.
870 2712 920 2755 R.
962 2735 1013 2742 —-
1052 2712 1163 2755 Edd.
1193 2712 1392 2755 Merlini:
1431 2725 1509 2766 „et
1550 2712 1653 2754 vicit

229 2778 342 2804 eam:
375 2763 582 2820 penitus“
616 2779 694 2809 etc.

345 2833 385 2890 ⁵)
416 2833 548 2876 Deest
578 2845 691 2888 „et“
722 2838 765 2879 in
798 2839 892 2880 edd.
925 2840 985 2882 M.

344 2904 385 2960 ⁶)
420 2905 578 2948 Cantic.
612 2908 644 2959 Ῐ,
676 2908 712 2950 7.
747 2934 795 2940 ——-
828 2909 935 2951 Edd.
968 2910 1029 2954 M.
1064 2911 1173 2963 „ubi
1204 2912 1329 2953 cubas
1360 2910 1404 2952 in
1432 2908 1649 2951 meridie.“
