1759 3134
667 130 866 173 HommA
896 129 992 171 XII.
1468 136 1543 181 151

121 244 215 294 fiat,
254 245 369 299 quod
411 258 532 297 saepe
564 245 719 284 factum
746 254 816 284 est.
876 241 1061 281 Assumti
1093 242 1203 283 enim
1235 255 1329 285 sunt
1361 246 1542 300 quidam,

124 333 162 361 et
203 321 244 361 in
274 320 536 377 Babylonem
567 319 776 369 translati,
817 317 888 374 qui
930 319 973 358 in
1012 319 1187 360 ecclesia
1226 320 1438 378 principes
1478 324 1542 364 fu-

123 409 265 446 erunt,
311 408 352 436 et
395 409 572 452 propter
614 407 833 452 peccatum
869 411 991 435 suurn
1030 395 1081 435 de
1115 395 1264 437 Libani
1303 399 1541 441 summitate

120 473 283 514 sublati.
344 474 481 528 Super
511 474 572 514 his
605 461 838 514 dicendum>
861 483 920 512 est
939 503 948 521 ,
982 471 1077 526 qula
1109 471 1247 527 aquila
1277 490 1424 527 magna
1454 493 1540 518 ma-

118 566 293 602 gnorum
323 550 546 602 unguium,
586 548 741 605 plumis
782 560 945 589 extensa
992 548 1200 603 acceperit
1233 550 1283 589 de
1317 553 1539 594 cacumini-

118 629 194 668 bus
227 627 361 675 cedri,
402 639 442 667 et
473 627 674 667 deraserit
702 642 773 666 eos
806 626 857 667 de
887 625 1070 675 Libano,
1102 625 1144 666 id
1176 637 1260 676 est,
1292 628 1344 668 de
1373 630 1538 671 Jerusa-

120 705 226 753 lem,
271 715 311 743 et
339 704 590 758 plantaverit
620 703 661 744 in
691 714 801 744 terra
832 703 1037 744 Chanaan.
1099 704 1196 744 Non
1226 704 1368 745 solum
1397 718 1535 748 autem

118 780 257 836 aquila
295 780 371 821 ista
411 796 571 821 summa
611 779 745 828 cedri,
785 778 829 820 id
869 790 952 829 est,
999 781 1050 820 de
1093 780 1344 835 optimatum
1387 800 1536 835 genere

114 857 192 897 sibi
223 856 435 906 vendicat,
476 858 548 897 sed
595 869 636 897 et
674 868 808 897 terrae
843 873 985 897 semen
1022 856 1152 913 rapit,
1193 869 1234 899 et
1270 861 1466 902 transfert
1494 862 1536 902 in

114 946 266 974 terram
298 933 513 983 Chanaan,
554 934 721 989 quando
762 933 852 989 quis
893 934 944 973 de
982 934 1147 988 populo
1190 948 1359 990 peccat,
1403 949 1443 978 et
1484 940 1535 980 de

113 1011 197 1051 Dei
234 1011 359 1066 plebe
402 1010 561 1051 diaboli
600 1010 758 1066 laqueis
796 1009 1082 1066 praepeditur.
1144 1011 1418 1069 Quapropter
1448 1016 1536 1056 die-

113 1089 190 1128 bus
221 1098 262 1127 et
290 1086 486 1128 noctibus
517 1098 603 1128 tam
631 1103 709 1143 pro
740 1086 877 1137 nobis,
909 1097 1034 1142 quam
1059 1104 1138 1143 pro
1161 1089 1358 1131 fratribus
1379 1092 1533 1133 nostris

112 1163 197 1204 Dei
233 1164 509 1219 imploremus
548 1164 770 1214 auxilium,
816 1181 868 1203 ne
912 1164 1002 1219 quis
1043 1166 1094 1204 de
1134 1166 1368 1208 Jerusalem
1405 1180 1535 1210 trans-

113 1242 272 1281 feratur
301 1241 341 1280 in
375 1241 590 1290 Chanaan,
628 1257 681 1280 ne
719 1240 923 1281 sententia
954 1239 1042 1297 ejus
1073 1242 1236 1283 deserta
1266 1259 1288 1283 a
1318 1245 1534 1287 voluntate

111 1317 224 1357 illius
256 1319 307 1357 ad
340 1317 463 1357 aliam
493 1318 711 1358 tendamus
742 1317 945 1373 aquilam,
990 1329 1031 1358 et
1068 1318 1208 1359 veniat
1237 1337 1365 1376 super
1392 1339 1469 1363 nos
1493 1323 1532 1378 ¹)

112 1395 171 1434 ira
201 1393 358 1451 major,
396 1405 437 1433 et
468 1405 679 1449 putrescat
708 1394 902 1434 universa
932 1394 1160 1449 plantatio,
1201 1407 1242 1435 et
1272 1397 1432 1438 fructus
1462 1417 1534 1454 pa—

113 1472 215 1512 riter
254 1488 348 1512 cum
385 1470 593 1512 radicibus
632 1482 800 1512 arescat.
859 1470 1069 1511 Plantatio
1111 1471 1269 1528 quippe
1300 1475 1531 1517 Jerusalem

111 1565 196 1588 non
225 1559 366 1603 potest
395 1547 437 1587 in
469 1547 548 1587 alia
576 1558 687 1587 terra
717 1547 825 1587 ferre
857 1548 1037 1597 fructus,
1075 1564 1161 1589 non
1198 1550 1299 1591 facit
1337 1553 1533 1607 palmites

112 1625 154 1665 in
185 1625 338 1666 finibus
368 1623 536 1673 alienis,
575 1625 649 1664 sed
686 1624 825 1664 statim
866 1641 960 1664 cum
998 1625 1119 1677 gleba
1158 1642 1231 1667 sua
1259 1627 1458 1679 siccatur,
1497 1632 1531 1671 si

111 1719 195 1742 non
227 1700 556 1757 perseveraverit
585 1700 627 1740 in
658 1701 873 1740 voluntate
903 1701 1009 1749 Dei,
1054 1712 1094 1741 et
1132 1701 1173 1741 in
1216 1703 1391 1744 ecclesia
1431 1704 1530 1761 ejus,

114 1780 157 1819 id
189 1790 270 1828 est,
303 1778 343 1817 in
374 1778 516 1828 factis,
549 1788 589 1817 et
618 1776 902 1826 sermonibus,
936 1788 976 1816 et
1005 1776 1177 1817 scientia
1207 1779 1392 1822 veritatis
1413 1782 1532 1825 Chri-

114 1857 164 1897 sti
179 1857 301 1897 Jesu:
334 1855 399 1896 cui
432 1866 493 1895 est
522 1853 656 1906 gloria
685 1866 726 1894 et
750 1853 976 1909 imperium
999 1853 1042 1894 in
1066 1856 1230 1897 saecula
1253 1857 1528 1898 saeculomm

114 1932 267 1974 Amen!

465 2289 957 2339 HOMILIA
1030 2287 1164 2340 XII.

113 2417 180 2456 De
211 2431 287 2464 e0,
319 2414 434 2469 quod
463 2411 666 2467 scriptum
698 2423 775 2452 est:
819 2412 916 2462 „fili
940 2413 984 2468 ²)
1023 2413 1228 2463 hominis,
1268 2413 1336 2454 die
1375 2415 1428 2455 ad
1458 2415 1534 2456 do·

198 2508 315 2532 mum
347 2501 677 2545 exasperantem:
708 2489 898 2538 nescitis,
930 2489 1031 2546 quid
1060 2490 1138 2531 ista
1168 2490 1440 2543 significent.“

230 2618 266 2660 1.
312 2617 397 2664 Ea,
440 2630 543 2670 quae
582 2614 664 2671 jam
692 2632 818 2670 supra
845 2617 1077 2657 memoravi
1110 2618 1161 2658 de
1195 2617 1354 2657 duabus
1385 2618 1534 2673 aquilis

116 2694 287 2748 maguis,
321 2704 360 2733 et
391 2706 632 2743 magnarum
661 2691 834 2744 alarum,
866 2706 906 2734 et
936 2709 1183 2747 magnorum
1213 2695 1429 2747 unguium,
1458 2710 1534 2734 nec

243 2850 280 2904 ¹)
309 2846 415 2888 Edd.
448 2846 642 2889 Merlini:
675 2862 761 2886 vos,
882 2846 928 2901 ²)
957 2848 1107 2890 Ezech.
1140 2848 1278 2897 XVII,
1311 2846 1374 2890 12.
