1759 3134
226 173 309 214 404
523 173 743 215 Omssflms
773 187 817 215 m
848 174 1030 216 CAN-rm.
1064 175 1365 217 CANTmome

230 291 446 340 patrem.“
506 287 552 326 In
590 287 904 342 quadragesimo
946 303 1046 327 vero
1089 288 1236 343 quinto
1268 288 1499 344 Psalmo¹)
1531 288 1655 328 dicit:

233 377 405 413 „vacate
420 364 476 420 ²),
510 376 551 404 et
583 366 837 417 cognoscite,
869 365 1069 422 quoniam
1101 382 1177 418 ego
1209 382 1301 406 sum
1322 366 1481 408 Deusf‘
1527 364 1658 417 Igitur

232 440 466 496 principale
513 459 664 484 munus
710 444 906 485 scientiae
956 455 1038 494 est,
1089 459 1342 496 cognoscere
1383 443 1657 493 Trinitatem3

232 519 417 559 secundo
450 535 550 560 vero
591 521 633 562 in
666 521 763 563 loco
795 537 1048 575 cognoscere
1091 533 1322 562 creaturam
1364 520 1473 579 ejus,
1512 535 1658 561 secun-

231 595 334 636 dum
367 613 486 648 eum,
518 598 592 654 qui
622 599 807 641 dicebat:
849 599 974 656 „ipse
993 600 1034 655 3)
1067 599 1179 640 enim
1207 599 1312 639 mihi
1343 598 1460 640 dedit
1491 599 1657 646 horum,

232 689 337 730 quae
367 686 475 725 sunt,
506 675 724 718 scientiam
754 693 914 729 veram,
948 676 1221 718 substantiam
1251 676 1423 726 mundi,
1457 686 1499 716 et
1529 674 1657 715 virtu-

231 763 319 792 tem
352 753 684 805 elementorum,
728 743 897 797 initium
939 767 979 796 et
1010 756 1139 796 finem
1181 766 1221 795 et
1251 754 1523 795 medietatem
1553 764 1660 793 tem-

229 837 446 885 porum,“
487 842 529 872 et
565 832 742 889 reliqua,
801 834 918 874 Inter
954 834 1057 874 haec
1099 848 1197 885 ergo
1230 832 1393 874 animae
1424 830 1503 872 erit
1534 845 1660 886 quae-

229 909 327 950 dam
357 909 484 950 etiam
513 909 578 950 sui
609 909 766 962 agnitio
785 909 852 966 ⁴¹),
883 927 961 967 per
992 928 1118 968 quarn
1148 911 1255 951 scire
1288 911 1435 960 debet,
1470 924 1576 965 quae
1605 907 1659 948 sit

230 986 317 1044 ejus
347 987 590 1036 substantia,
620 999 763 1028 utrum
795 1005 1015 1045 corporea,
1047 990 1115 1029 vel
1147 989 1411 1045 incorporea,
1445 998 1486 1028 et
1515 998 1658 1027 utrum

228 1065 420 1121 simplex,
453 1066 520 1106 vel
538 1066 579 1121 ⁵)
611 1081 658 1106 ex
690 1067 870 1116 duobus,
901 1078 972 1107 aut
1001 1067 1148 1117 tribus,
1179 1084 1231 1108 an
1261 1084 1361 1108 vero
1397 1083 1444 1107 ex
1462 1065 1656 1122 pluribus

229 1142 478 1198 composita.
547 1143 634 1183 Sed
675 1155 716 1183 et
753 1143 866 1201 juxta
905 1145 1173 1200 quorundam
1211 1144 1476 1199 quaestiones
1513 1155 1658 1183 utrum

228 1221 350 1270 facta,
381 1237 432 1260 an
464 1219 639 1260 omnino
672 1237 694 1260 a
722 1220 844 1260 nullo
877 1221 991 1278 sit5)
1023 1223 1152 1262 facta:
1187 1233 1227 1262 et
1257 1221 1291 1262 si
1318 1222 1426 1262 facta
1454 1220 1519 1271 sit,
1553 1236 1658 1275 quo-

226 1299 360 1338 modo
392 1296 445 1338 sit
476 1298 605 1338 facta:
646 1309 812 1348 utrum,
852 1310 898 1339 ut
930 1310 1079 1354 putant
1110 1300 1261 1355 aliqui,
1304 1300 1344 1340 in
1375 1298 1534 1340 semine
1567 1314 1658 1338 cor-

227 1376 367 1432 porali
407 1376 531 1416 etiam
570 1375 701 1431 ipsius
740 1376 970 1417 substantia
1019 1378 1279 1428 continetur,
1325 1389 1365 1417 et
1408 1376 1527 1429 origo
1570 1374 1657 1433 ejus

227 1455 386 1509 pariter
417 1471 512 1495 cum
553 1454 713 1506 origine
747 1455 938 1511 corporis
968 1457 1226 1497 traducitur:
1273 1472 1324 1495 an
1359 1456 1549 1511 perfecta
1590 1470 1654 1494 ex-

226 1533 430 1573 trinsecus
461 1531 646 1582 veniens,
677 1544 825 1587 parato
856 1532 940 1589 jam
973 1545 1013 1574 et
1045 1535 1229 1575 formato
1260 1534 1370 1574 inter
1391 1533 1550 1574 viscera
1565 1548 1658 1572 mu-

227 1610 376 1650 liebria
408 1626 589 1666 corpore
620 1610 820 1652 induitur.
866 1611 921 1652 Et
952 1611 987 1652 si
1017 1611 1073 1652 ita
1104 1612 1170 1662 sit,
1200 1623 1343 1652 utrum
1366 1628 1503 1667 nuper
1522 1622 1656 1651 creata

226 1687 387 1738 veniat,
435 1699 475 1727 et
515 1699 616 1728 tunc
645 1688 833 1744 primum
878 1690 1011 1740 sacta,
1058 1707 1156 1730 cum
1186 1706 1339 1746 corpus
1370 1689 1539 1730 videtur
1569 1704 1656 1729 esse

225 1767 477 1816 formatum,
525 1777 573 1806 ut
614 1782 734 1807 causa
773 1767 958 1808 facturae
998 1766 1085 1825 ejus
1117 1767 1331 1809 animandi
1361 1767 1552 1824 corporis
1581 1782 1655 1807 ne-

226 1844 391 1886 cessitas
424 1844 626 1885 exstitisse
659 1845 874 1886 credatur:
908 1861 960 1886 an
989 1845 1106 1902 prius
1139 1858 1180 1887 et
1203 1846 1308 1887 olim
1339 1847 1461 1897 facta,
1493 1847 1548 1886 ob
1579 1844 1655 1886 ali-

225 1939 349 1979 quam
382 1938 548 1963 causam
579 1923 632 1962 ad
664 1939 817 1979 corpus
843 1924 1098 1964 sumendum
1128 1923 1271 1965 venire
1300 1924 1580 1966 existimetur:
1613 1934 1655 1964 et

225 2001 258 2041 si
301 2017 348 2041 ex
388 2016 510 2041 causa
549 2001 689 2057 aliqua
727 2002 771 2042 in
801 2001 884 2043 hoc
916 2002 1069 2043 deduci
1111 2002 1317 2053 creditur,
1358 2019 1463 2059 quae
1494 2002 1570 2043 illa
1600 2001 1654 2041 sit

225 2094 358 2128 eausa,
387 2089 435 2118 ut
466 2078 633 2130 agnosci
663 2079 822 2135 possit,
854 2080 1052 2121 scientiae
1084 2097 1191 2137 opus
1223 2092 1295 2122 est.
1356 2081 1443 2123 Sed
1473 2092 1514 2120 et
1544 2079 1653 2119 illud

221 2155 474 2211 requiritur,
513 2167 656 2197 utrum
689 2158 820 2197 semel
860 2169 1024 2199 tantum
1057 2175 1238 2214 corpore
1279 2158 1498 2207 induatur,
1537 2168 1578 2197 et
1607 2156 1652 2196 id

221 2235 501 2290 postmodum
532 2234 797 2291 depositum,
829 2236 940 2277 ultra
968 2252 1056 2277 non
1088 2246 1284 2292 quaerat,
1312 2251 1365 2276 au
1396 2251 1493 2276 cum
1521 2234 1651 2276 semel

343 2427 381 2484 ¹)
412 2425 522 2468 Edd.
555 2426 747 2467 Merlini:
785 2427 1014 2477 ,‚Psalmo‚
1044 2427 1224 2479 Vacate,
1262 2452 1331 2479 —-,
1368 2424 1567 2484 quoniam
1599 2452 1651 2459 —

221 2485 361 2536 Deus,
393 2482 559 2536 legitur.
618 2481 862 2539 Principale
892 2490 1081 2526 munus“
1114 2497 1192 2530 etc.

335 2557 379 2612 2)
413 2555 566 2596 Psalm.
598 2554 750 2604 XLVI,
784 2554 848 2597 10.
881 2556 1052 2614 (XLV.)

338 2627 380 2682 ³)
413 2626 499 2668 Cfr.
541 2626 640 2680 Sap.
680 2625 766 2667 Sal.
807 2626 915 2677 VII,
967 2629 1032 2671 17.
1074 2628 1139 2672 18.
1189 2651 1242 2659 --
1289 2625 1399 2668 Edd.
1452 2626 1646 2668 Merlini:

218 2687 348 2742 „Ipse
379 2683 488 2725 enim
519 2682 623 2723 novi
652 2681 843 2723 horum“
874 2695 952 2726 etc.

334 2755 377 2812 4)
407 2754 516 2795 Edd.
547 2753 608 2794 M.
640 2784 666 2804 ‚,
679 2753 877 2806 cognitio.
892 2761 917 2779 “

335 2827 376 2881 ⁵)
406 2825 517 2866 Edd.
548 2823 609 2864 M.
643 2840 728 2874 „an
761 2840 808 2864 ex
840 2825 1022 2877 duobus,
1055 2841 1106 2866 an
1136 2826 1284 2875 tribus,
1314 2837 1384 2866 aut
1419 2840 1520 2866 vero
1551 2824 1645 2880 plu-

217 2885 331 2926 ribus
345 2889 368 2908 “
400 2893 477 2922 etc.

331 2953 372 3009 ⁶)
403 2952 537 2992 Deest
568 2950 692 3001 ,‚sit“
724 2951 766 2991 in
797 2954 861 2995 ed.
891 2953 1040 2995 Ruaei.
