1759 3134
236 154 318 198 122
641 155 861 197 Omemus
890 167 936 197 m
967 154 1260 198 Ezncnnmzm

235 267 412 308 Materia
457 266 699 322 superbiae,
746 268 937 318 divitiae,
994 266 1193 319 dignitas,
1247 268 1381 319 gloria
1425 271 1658 313 saecularis.

232 344 495 399 Frequenter
540 361 658 387 causa
701 346 921 401 superbiae
967 357 1027 385 est
1077 345 1135 395 ei,
1185 345 1256 400 qui
1298 345 1461 398 ignorat
1505 347 1657 388 habere

234 420 555 463 ecclesiasticam
603 422 870 475 dignitatem,
920 422 1190 463 sacerdotalis
1237 424 1342 464 ordo
1385 435 1427 463 et
1468 424 1658 465 leviticus

232 499 394 550 gradus.
464 498 621 553 Quanti
660 499 894 558 presbyteri
937 498 1153 540 constituti
1194 499 1316 540 obliti
1355 511 1450 540 sunt
1488 500 1658 540 humili-

230 576 344 618 tatis!
405 576 536 630 Quasi
565 578 725 618 idcirco
758 578 915 618 fuerint
948 577 1144 626 ordinati,
1179 588 1226 617 ut
1256 577 1435 618 humiles
1468 594 1553 617 esse
1586 579 1658 618 de-

233 654 437 696 sisterent.
499 655 616 709 Quin
645 655 787 711 potius
818 655 1096 696 humilitatem
1129 654 1247 710 sequi
1277 655 1530 704 debuerant,
1564 655 1659 710 quia

230 731 473 783 dignitatem
504 734 669 773 fucrant
691 732 917 783 consecuti,
952 733 1116 773 dicente
1135 732 1375 787 Scriptura:
1409 744 1590 788 „quanto
1615 733 1653 787 ¹)

228 826 399 861 magnus
430 810 573 860 fueris,
604 822 720 851 tanto
752 810 928 865 humi-lia
958 822 998 850 te
1031 810 1212 866 ipsum.“
1257 809 1312 850 Et
1345 810 1548 851 dilectum
1579 811 1656 868 Sy-

226 903 408 939 nagogae
438 899 480 928 te.
512 888 632 938 facit,
675 888 862 928 nobilius
903 888 1115 929 summitte
1158 899 1281 943 caput
1320 900 1459 929 tuum:
1504 889 1657 928 ducem

226 975 265 1004 te
296 963 586 1015 instituerunt,
630 966 721 1006 noli
754 965 934 1016 elevari,
972 966 1063 1006 noli
1093 965 1186 1005 fieri
1216 965 1258 1005 in
1288 965 1361 1015 iis,
1403 966 1516 1021 quasi
1548 982 1654 1006 unus

226 1058 273 1082 ex
304 1041 416 1098 ipsis.
478 1043 665 1098 Oportet
694 1044 912 1093 humilem,
945 1055 1117 1098 oportet
1149 1060 1234 1084 esse
1268 1043 1493 1100 dejectum,
1526 1059 1650 1097 opor·

224 1130 286 1159 tet
318 1120 461 1172 fugere
493 1120 734 1174 superbiam
768 1121 978 1160 malorum
1014 1120 1206 1161 omnium
1238 1132 1374 1175 caput.
1424 1119 1655 1161 Considera

224 1196 501 1247 evangelium,
533 1197 647 1251 quali
681 1197 1033 1237 condemnatione
1061 1197 1103 1250 2)
1135 1197 1348 1237 Pharisaei
1385 1196 1581 1251 superbia
1612 1208 1653 1236 et

223 1271 393 1329 jactatio
426 1273 610 1314 feriatur.
674 1275 820 1316 Stabat
848 1273 1120 1323 Pharisaeus,
1153 1285 1192 1314 et
1222 1273 1320 1314 talia
1351 1272 1458 1314 intra
1488 1289 1530 1314 se
1563 1289 1654 1312 ora-

220 1353 312 1391 bat:
352 1352 504 1400 „Deus
529 1351 596 1407 3),
628 1351 777 1404 gratias
807 1367 883 1403 ago
914 1350 1016 1401 tibi,
1061 1351 1155 1406 quia
1184 1368 1271 1391 non
1300 1367 1416 1401 sum,
1447 1362 1493 1390 ut
1525 1350 1652 1391 ceteri

219 1428 432 1478 homines,
463 1440 674 1483 raptores,
706 1427 860 1483 iniqui,
894 1427 1097 1477 adulteri,
1131 1440 1171 1468 et
1199 1439 1246 1468 ut
1279 1427 1357 1468 iste
1388 1428 1649 1483 publicanus.

218 1506 373 1564 Jejuno
404 1505 468 1546 bis
498 1505 542 1545 in
572 1505 788 1545 sabbato.“
846 1505 903 1545 At
943 1521 1042 1545 vero
1074 1505 1322 1560 publicanus
1357 1505 1577 1545 humiliter
1606 1516 1646 1545 et

217 1596 432 1624 mansuete
474 1583 637 1635 longius
677 1594 806 1632 stans,
847 1598 934 1621 non
972 1594 1059 1622 erat
1090 1598 1211 1623 ausus
1241 1599 1377 1638 neque
1410 1582 1558 1622 oculos
1591 1583 1650 1622 le-

217 1677 326 1710 vare,
359 1672 401 1700 et
431 1660 618 1700 dicebat:
654 1658 894 1714 „propitius
909 1657 950 1714 ⁴)
974 1670 1077 1707 esto,
1108 1658 1238 1708 Deus,
1270 1659 1373 1699 mihi
1392 1660 1648 1714 peccatori.“

219 1738 275 1778 Et
307 1738 527 1778 descendit
555 1737 600 1777 in
631 1736 807 1776 domum
837 1751 954 1775 suam
985 1734 1234 1790 publicanus
1267 1734 1532 1792 justificatus:
1561 1753 1648 1778 non

213 1814 466 1870 simpliciter
494 1813 762 1872 justificatu53
805 1815 879 1854 scd
916 1812 1164 1870 justificatus
1197 1814 1511 1868 comparatione
1541 1813 1649 1854 Pha-

214 1892 350 1933 risaei.
412 1892 710 1933 Observandus
744 1891 901 1947 quippe
935 1901 996 1931 est
1027 1890 1342 1942 diligentissime
1375 1891 1510 1932 omnis
1537 1892 1648 1933 Scri—

212 1982 361 2026 pturae
393 1987 555 2020 sermo,
588 1971 721 2019 ordo,
751 1968 955 2026 junctura.
1017 1967 1148 2008 Aliud
1179 1979 1240 2008 est
1269 1967 1498 2024 justificari,
1529 1968 1644 2008 aliud

214 2064 260 2087 ex
306 2047 389 2087 alio
434 2046 663 2103 justificari.
739 2046 889 2088 Simile
937 2058 997 2086 est
1041 2045 1315 2101 publicanum
1357 2061 1378 2085 a
1420 2045 1642 2085 Pharisaeo

210 2122 482 2180 justificatum
515 2124 655 2175 fuisse,
687 2124 765 2174 illi,
798 2125 913 2179 quod
945 2125 1135 2165 Sodoma
1168 2135 1207 2163 et
1227 2121 1415 2164 Samaria
1448 2138 1496 2161 ex
1528 2138 1642 2162 com-

210 2200 427 2257 paratione
468 2201 714 2256 peccatricis
753 2201 986 2242 Jerusalem
1024 2201 1271 2260 justificatae
1311 2211 1418 2240 sunt.
1477 2199 1532 2240 Et
1570 2215 1643 2240 ne-

211 2296 324 2320 cesse
364 2291 424 2319 est
461 2295 538 2319 nos
577 2279 619 2319 id
650 2281 779 2329 scire,
822 2279 918 2335 quia
956 2279 1242 2335 unusquisque
1272 2289 1465 2318 nostrum
1496 2277 1538 2317 in
1572 2276 1639 2317 die

209 2355 358 2416 judicii
388 2357 438 2396 ab
470 2356 554 2397 alio
582 2356 849 2413 justificetur,
882 2369 923 2397 et
947 2358 998 2397 ab
1024 2356 1108 2397 alio
1138 2357 1455 2396 condemnetur.
1499 2353 1639 2394 Etiam

212 2451 308 2474 cum
337 2424 540 2474 fuerimus
571 2433 784 2491 justificati
817 2450 864 2473 ex
896 2434 994 2483 alio,
1026 2432 1184 2491 justitia
1214 2432 1288 2473 illa
1317 2448 1402 2473 non
1433 2443 1518 2472 tam
1550 2432 1637 2471 lau-

212 2511 288 2561 dis,
321 2527 445 2567 quam
478 2510 660 2551 criminis
692 2511 789 2551 loco
821 2511 1004 2567 ponitur.
1067 2511 1125 2552 Ut
1155 2523 1257 2567 puta
1288 2510 1321 2551 si
1351 2511 1542 2551 inventus
1573 2510 1637 2549 fu-

209 2605 280 2628 ero
323 2587 588 2629 Sodomitica
624 2588 776 2628 habere
817 2601 1009 2644 peccata,
1057 2601 1098 2629 et
1140 2588 1245 2629 alius
1285 2588 1553 2644 protrahatur
1590 2585 1634 2625 in

324 2757 364 2812 ¹)
395 2757 492 2812 Sap.
526 2756 655 2798 Sirac.
688 2758 766 2807 III,
802 2756 862 2800 18.
898 2757 1222 2815 (Ecclesiastic.)

322 2827 364 2881 2)
397 2827 505 2868 Edd.
537 2827 736 2868 Merlini:
770 2828 1150 2869 commendatione.

325 2896 370 2952 3)
401 2898 504 2938 Luc.
536 2898 697 2948 xvm,
734 2898 797 2942 11.
831 2899 894 2942 12.
1018 2897 1059 2955 4)
1089 2900 1190 2940 Luc.
1219 2897 1380 2946 xvm,
1412 2894 1478 2940 13.
