1759 3134
216 114 301 160 312
515 111 738 154 Ome-ems
770 123 816 154 m
847 109 1030 153 CANrm.
1063 109 1366 155 cmi-iconum

223 228 401 270 busdam
431 225 574 279 figuris
604 225 811 266 docentur
841 224 885 265 in
917 222 1092 265 Cantico
1122 223 1166 279 ¹)
1199 224 1485 268 Canticorum.
1546 229 1648 271 Ideo

226 306 339 348 enim
369 303 648 346 novissimum
678 303 823 345 locum
853 314 969 344 tenet
1003 301 1071 342 hic
1103 301 1233 353 liber,
1267 314 1315 344 ut
1344 314 1446 345 tunc
1475 305 1527 346 ad
1560 321 1655 350 eum

227 383 432 434 veniatur,
465 399 561 424 cum
593 394 634 424 et
653 381 844 423 moribus
865 379 956 436 quis
977 378 1106 420 fuerit
1127 379 1413 438 defecatus2),
1445 392 1487 422 et
1514 398 1658 426 rerum

228 460 574 518 corruptibilium
604 471 728 517 atque
759 457 1152 515 incorruptibilium
1181 456 1398 500 scientiam
1422 459 1657 503 distinctio-

227 555 410 595 nemque
442 538 663 589 didirerit,
696 553 774 594 per
805 553 910 594 quae
942 536 984 578 in
1014 536 1136 577 nullo
1167 535 1303 592 possit
1333 551 1381 576 ex
1409 536 1472 577 his
1502 537 1658 590 figuris,

227 617 377 674 quibus
407 632 584 673 sponsae
616 616 668 656 ad
701 625 904 671 sponsum
936 614 1164 655 coelestem
1193 613 1260 669 ³),
1300 611 1346 654 id
1377 625 1461 665 est,
1497 614 1659 657 animae

224 697 437 753 perfectae
477 710 597 736 amor
637 693 690 734 ad
730 694 907 734 verbum
937 692 1022 733 Dei
1063 690 1316 734 describitur
1358 708 1405 733 ac
1438 692 1658 745 formatur,

227 774 461 815 offendere.
545 770 789 813 Praemissis
840 786 1021 826 namque
1072 769 1162 821 his,
1214 769 1365 826 quibus
1412 770 1660 827 purificatur

226 851 365 893 anima
393 867 471 907 per
500 861 614 892 actus
644 865 692 890 ac
721 864 874 899 mores,
908 859 949 889 et
978 848 1021 889 in
1052 864 1194 889 rerum
1223 847 1522 890 discretionem
1541 860 1661 890 natu-

225 929 379 971 ralium
408 928 668 985 perducitur,
701 937 995 983 competenter
1025 927 1077 967 ad
1109 925 1402 982 dogmatica⁴)
1420 925 1660 983 venitur—³⁶),

227 1019 267 1049 et
298 1007 350 1048 ad
380 1006 576 1064 mystica,
618 1017 743 1062 atque
785 1006 838 1046 ad
881 1001 1109 1045 divinitatis
1141 1003 1548 1060 contemplationem
1577 1003 1661 1046 sin-

227 1101 324 1127 cero
369 1096 410 1126 et
454 1083 662 1140 spirituali
695 1098 839 1123 amore
871 1080 1179 1122 conscenditur.
1241 1081 1362 1122 Hanc
1393 1097 1491 1134 ergo
1521 1081 1662 1138 tripli-

229 1180 320 1205 cem
362 1161 527 1202 divinae
568 1159 868 1216 philosophiae
905 1159 1091 1199 sormam
1132 1156 1259 1198 etiam
1298 1157 1343 1199 in
1380 1157 1465 1199 illis
1510 1158 1660 1200 sanctis

227 1258 275 1282 ac
304 1239 439 1281 beatis
469 1237 568 1279 viris
600 1237 782 1279 arbitror
817 1235 1137 1293 praesignatam,
1165 1251 1247 1291 pro
1279 1250 1464 1291 quorum
1492 1235 1662 1277 sanctis-

226 1318 342 1361 simis
373 1315 709 1358 institutionibus
741 1315 861 1356 Deus
893 1330 1080 1355 summus
1111 1312 1197 1354 dici
1227 1312 1366 1354 voluit
1390 1313 1509 1355 Deus
1526 1314 1660 1355 Abra-

224 1397 347 1446 ham,
377 1395 496 1436 Deus
527 1394 665 1444 Isaac,
697 1393 816 1434 Deus
844 1393 990 1434 Jacob.
1051 1392 1264 1433 Abraham
1293 1403 1493 1449 tanquam
1522 1408 1662 1434 mora-

224 1475 312 1515 lem
345 1472 531 1514 declarat
558 1470 877 1528 philosophiam
907 1485 984 1526 per
1021 1468 1320 1511 obedientiam.
1383 1470 1519 1512 Tanta
1549 1471 1661 1512 enim

226 1551 314 1610 ejus
353 1551 436 1591 fuit
475 1549 719 1590 obedientia
751 1560 792 1589 ct
823 1547 1062 1590 observatio
1093 1547 1414 1599 mandatorum,
1451 1560 1522 1600 ut,
1566 1566 1662 1591 cum

226 1629 413 1671 audiret:
456 1627 521 1668 exi
548 1628 591 1684 6)
625 1627 677 1667 de
709 1638 820 1667 terra
850 1638 943 1676 tua,
976 1637 1017 1666 et
1048 1626 1100 1665 de
1133 1625 1381 1678 cognatione
1412 1638 1506 1677 tua,
1538 1639 1580 1667 et
1609 1628 1662 1669 de

228 1710 360 1750 domo
402 1706 530 1763 patris
570 1704 654 1746 tui:
700 1720 787 1745 non
826 1703 879 1744 sit
919 1714 1156 1754 cunctatus,
1201 1705 1276 1745 sed
1320 1703 1461 1745 statim
1502 1704 1665 1756 fecerit,

229 1788 317 1829 imo
350 1797 391 1827 et
421 1784 584 1842 aliquid
613 1783 795 1839 amplius
826 1782 987 1824 fecerit.
1049 1782 1238 1824 Audiens
1261 1782 1304 1839 7)
1336 1782 1470 1833 enim,
1509 1793 1556 1823 ut
1585 1782 1663 1824 im-

229 1866 413 1908 molaret
451 1863 590 1904 filium
621 1879 767 1912 suum,
811 1877 888 1902 nec
916 1860 1013 1902 inde
1047 1860 1219 1917 quidem
1254 1860 1441 1911 dubitat,
1481 1861 1554 1902 sed
1586 1862 1661 1902 ob-

227 1954 438 2001 temperat
477 1952 734 1998 praecepto:
777 1951 818 1980 et
856 1940 908 1980 ad
949 1939 1190 1994 exemplum
1230 1937 1517 1989 obedientiae,
1558 1955 1662 1995 quae

229 2035 291 2064 est
320 2020 494 2063 moralis
525 2017 800 2076 philosophia
820 2017 877 2074 8),
913 2016 1094 2073 posteris
1125 2018 1323 2068 dandum,
1353 2033 1431 2058 nee
1462 2016 1552 2058 filio
1584 2034 1660 2058 suo

351 2235 391 2291 ¹)
421 2234 522 2276 Mss.
553 2231 758 2283 „Cantico
778 2229 1094 2272 Canticorum.“
1138 2228 1255 2271 Libri
1287 2227 1389 2271 editi
1419 2228 1477 2285 (v.
1505 2245 1538 2274 c.
1564 2230 1659 2271 edd.

228 2290 332 2349 M.):
364 2290 575 2342 „Canticis
608 2287 922 2331 Canticorum.“
981 2287 1032 2328 R.

349 2363 392 2419 ²)
429 2363 530 2404 BI‘ss.
573 2360 874 2412 „defecatus.“
942 2356 1060 2399 Libri
1098 2357 1200 2399 editi
1239 2358 1301 2416 (v.
1343 2375 1376 2398 c.
1417 2358 1512 2399 edd.
1554 2358 1659 2416 M.):

232 2419 526 2472 „defaecatis.“
584 2419 636 2460 R.

349 2492 394 2547 ³)
423 2491 524 2532 BIss.
557 2490 855 2541 „coelestem.“
913 2486 1112 2544 Impressi
1142 2486 1242 2528 libri
1274 2487 1332 2543 (v.
1363 2505 1396 2529 c.
1430 2489 1524 2530 edd.
1553 2487 1656 2545 M.):

232 2549 505 2602 „coelestis.“
563 2548 614 2588 R.

348 2620 390 2676 4)
421 2619 523 2661 BIss.
555 2616 861 2671 „dogmatica.“
921 2616 1120 2673 Impressi
1153 2616 1251 2658 libri
1282 2617 1338 2675 (e.
1372 2634 1405 2658 c.
1433 2617 1528 2658 edd.
1549 2616 1654 2673 M.):

230 2676 539 2731 „domestica.“
597 2676 649 2717 R.

344 2749 389 2804 5)
419 2747 529 2789 Edd.
544 2745 740 2788 Merlini:
770 2744 935 2786 venitur
954 2745 1146 2803 mystica:
1171 2746 1308 2802 adque
1330 2744 1557 2788 divinitatis
1576 2756 1651 2788 etc.

344 2819 388 2875 ⁶)
420 2818 507 2861 Csr.
537 2817 644 2859 Gen.
674 2815 774 2866 XII,
806 2815 842 2860 1.
965 2816 1007 2872 ⁷)
1039 2816 1125 2859 Cfr.
1158 2816 1264 2859 Gen.
1295 2817 1434 2859 XXII.

343 2889 388 2946 8)
417 2888 526 2931 Edd.
557 2886 754 2930 Merlini:
784 2886 1068 2944 philosophia.
