1759 3134
705 116 845 157 Lmen
877 115 930 156 ΙΙ.
1453 113 1537 158 407

104 234 155 273 de
198 231 331 281 vitiis,
383 229 536 271 merito
579 229 618 270 ei
658 227 761 269 dici:
811 226 1033 283 „exi¹):“
1072 242 1148 282 per
1190 226 1304 283 quod
1345 224 1537 265 videatur

108 309 224 366 quasi
256 309 307 349 de
349 304 622 348 interioribus
659 305 772 344 foras
810 302 1010 359 propelli.
1071 303 1116 345 Si
1154 319 1256 344 vero
1298 303 1533 344 secundum

107 385 338 428 editionem
368 383 506 433 aliam,
538 397 619 439 qua
649 380 842 431 diximus,
875 380 992 437 quod
1019 391 1213 422 naturam
1244 379 1539 421 substantiam-

109 480 189 520 que
219 478 338 504 suam
368 475 593 514 agnoscere
610 458 651 515 2)
688 459 850 508 debeat,
884 468 925 499 et
955 468 1122 507 statum,
1156 458 1223 498 vel
1254 456 1297 498 in
1327 473 1412 514 quo
1446 458 1535 498 fue-

110 541 184 591 rit,
224 539 293 580 vel
331 538 375 579 in
416 553 499 594 quo
543 535 643 586 erit,
682 551 804 589 grave
837 535 1044 576 credetur.
1104 533 1226 589 Quae
1267 533 1380 575 enim
1410 534 1536 576 facile

104 616 202 658 ‘talis
243 614 381 656 anima
418 614 677 664 invenietur,
717 613 775 654 ita
812 613 1022 669 persecta,
1062 612 1120 654 ita
1150 624 1428 669 praepotens,
1469 612 1536 653 cui

109 695 262 734 horum
293 691 485 734 omnium
515 692 622 734 ratio
657 703 697 733 et
726 690 1013 745 intelligentia
1032 689 1203 748 pateat?
1259 691 1328 732 Ad
1358 690 1441 731 hoc
1471 707 1536 732 re-

108 770 435 828 spondebimus,
477 769 678 828 quoniam
713 785 874 819 sermo,
926 746 1009 826 qus
1034 768 1212 810 habetur
1250 767 1294 810 in
1331 768 1537 818 manibus,

111 864 197 889 non
229 848 283 889 ad
315 863 459 889 omnes
490 847 646 889 animas
675 848 736 898 fit,
766 863 904 903 neque
928 848 981 888 ad
1007 846 1417 902 adolescentulas-³),
1449 844 1541 902 qui-

110 927 187 967 bus
218 924 286 967 hic
317 924 507 981 loquitur
535 941 734 982 sponsus,
773 940 911 982 neque
942 924 994 966 ad
1028 935 1186 965 ceteras
1216 923 1438 974 mulieres,
1467 940 1540 964 ne·-

113 1019 194 1060 que
225 1003 278 1044 ad
319 1002 534 1056 octoginta
573 1002 849 1053 concubinas,
888 1013 960 1043 aut
999 1001 1209 1055 sexaginta
1244 1001 1426 1055 reginas,
1466 1001 1540 1042 sed

109 1079 162 1121 ad
203 1079 343 1130 illam,
394 1096 499 1136 quae
548 1080 658 1122 inter
708 1094 854 1122 omnes
893 1080 1093 1122 mulieres
1131 1079 1222 1121 sola
1260 1079 1438 1135 pulchra
1477 1078 1539 1119 di-

71 1146 73 1149 ⁴
111 1157 219 1198 citur
249 1169 291 1199 et
321 1159 521 1216 perfecta.
569 1158 695 1200 Unde
725 1169 914 1216 apparet,
945 1159 998 1199 ad
1029 1158 1203 1199 dilectas
1234 1172 1420 1213 quasque
1450 1154 1538 1197 ani-

109 1251 196 1276 mas
235 1235 336 1276 haec
377 1235 479 1285 dici,
519 1234 670 1292 quibus
715 1253 809 1278 cum
839 1236 969 1289 gratia
999 1237 1136 1277 multa
1166 1233 1373 1276 sentiendi
1405 1244 1445 1274 et
1477 1232 1538 1274 in-

112 1311 331 1364 telligendi
362 1329 384 1354 a
413 1313 510 1354 Deo
554 1314 648 1354 data
688 1313 762 1364 sit,
803 1313 1019 1367 negligunt
1047 1324 1190 1354 tamen
1219 1311 1416 1353 scientiae
1446 1327 1541 1366 par-

116 1402 190 1440 tes,
224 1401 265 1430 et
296 1390 579 1443 cognoscendi
608 1403 742 1432 semet
770 1391 879 1447 ipsas
910 1391 1076 1431 nullum
1109 1389 1311 1431 adhibent
1340 1387 1540 1429 studium.

114 1468 189 1509 His
221 1484 318 1521 ergo
352 1467 634 1510 comminatur
662 1486 800 1510 sermo
827 1468 1013 1510 divinus:
1046 1467 1155 1524 quia,
1188 1466 1541 1525 quibusmultum

114 1547 258 1596 datur,
299 1547 481 1588 multum
522 1563 569 1587 ex
600 1546 649 1588 iis
685 1547 873 1600 exigitur.
932 1547 987 1587 Et
1016 1545 1186 1587 humilis
1218 1546 1391 1602 quidem
1420 1544 1541 1585 venia

112 1636 154 1665 et
182 1623 473 1666 misericordia
503 1624 650 1677 dignus
682 1625 781 1675 erit,
820 1636 1017 1680 potentes
1048 1636 1189 1666 autem
1218 1635 1418 1680 potenter
1448 1639 1540 1663 cru-

114 1701 345 1743 ciabuntur.
406 1702 452 1744 Si
494 1718 592 1755 ergo
638 1714 679 1743 et
716 1713 762 1743 tu
805 1702 964 1753 anima,
1004 1719 1110 1759 quae
1140 1701 1362 1759 pulchrior
1392 1717 1456 1752 es,
1499 1713 1540 1741 et

115 1780 368 1822 eminentior
405 1780 514 1821 inter
544 1790 723 1830 ceteras,
762 1780 881 1821 verbi
912 1779 1062 1833 gratia,
1103 1779 1329 1830 doctrinis,
1358 1778 1540 1832 negligas

115 1870 245 1900 temet
273 1858 430 1914 ipsam,
472 1869 513 1898 et
544 1857 586 1898 in
615 1856 849 1910 ignorantia
879 1858 942 1900 tui
974 1874 1165 1908 maneas,
1207 1859 1426 1914 quomodo
1459 1874 1538 1913 po-

119 1949 259 1979 terunt
291 1938 357 1978 vel
387 1936 453 1988 hi,
485 1936 557 1994 qui
586 1935 796 1978 aedificari
829 1936 1091 1987 desiderant,
1132 1936 1302 1986 instrui,
1340 1935 1410 1975 vel
1440 1951 1541 1976 con-

116 2015 227 2057 vinci
270 2027 311 2056 et
347 2015 462 2068 argui
504 2014 864 2058 contradicentes?
920 2015 1060 2068 Digne
1103 2030 1201 2067 ergo
1235 2030 1332 2055 cum
1362 2012 1539 2054 commi-

114 2093 284 2136 natione
327 2094 507 2150 quadam
551 2093 604 2132 ad
639 2108 730 2133 eam
772 2092 946 2134 dicitur:
996 2093 1096 2144 „exi
1112 2093 1153 2148 ⁴)
1190 2104 1238 2134 tu
1275 2092 1319 2133 in
1357 2090 1540 2143 vestigiis

115 2189 310 2226 gregum,
347 2183 387 2213 et
415 2186 539 2228 pasce
572 2171 735 2212 hoedos
765 2182 862 2212 tuos
892 2171 934 2211 in
964 2170 1244 2212 tabernaculis
1273 2180 1503 2225 pastorum.
1516 2174 1540 2192 “

120 2251 268 2292 Potest
307 2251 360 2292 ad
406 2249 489 2291 hoc
524 2248 634 2290 trahi
674 2248 801 2290 etiam
848 2248 981 2300 illud,
1033 2250 1150 2306 quod
1188 2248 1334 2290 BIoses
1372 2245 1539 2288 scribit:

89 2328 291 2386 'qu0d⁵)
323 2327 357 2368 si
393 2343 473 2384 qua
501 2326 728 2368 Israelitica
765 2326 920 2368 mulier
956 2326 1274 2376 adulteraverit,
1315 2324 1540 2381 lapidetur.

120 2406 221 2463 Si⁶)
254 2422 353 2446 vero
385 2405 472 2446 filia
502 2404 743 2455 sacerdotis,
775 2404 939 2457 ignibus
961 2416 1167 2446 exuratur.
1214 2402 1285 2445 Sic
1305 2418 1403 2455 ergo
1433 2400 1541 2458 justa

241 2604 278 2660 ¹)
313 2603 470 2647 Cantic.
503 2602 536 2651 I,
566 2601 605 2644 8.
727 2601 768 2657 ²)
800 2601 908 2643 Edd.
941 2603 1002 2644 M.
1034 2606 1375 2654 „cognoscere.“

237 2675 279 2729 ³)
312 2675 420 2715 Edd.
449 2675 509 2716 M.
543 2673 906 2725 „adolescentulas
923 2672 991 2714 hic
1014 2672 1188 2729 quidem
1208 2671 1398 2728 loquitur
1414 2688 1541 2729 spon-

125 2750 192 2775 sus
205 2739 229 2757 “
261 2742 340 2773 etc.

241 2802 285 2858 Δ)
317 2800 473 2843 cantic.
507 2800 539 2848 1,
569 2799 608 2843 8.
728 2799 769 2855 5)
803 2798 892 2843 cfr.
920 2799 1053 2842 Levit.
1083 2800 1181 2851 xx,
1213 2797 1279 2842 10.

241 2872 284 2929 ⁶)
317 2871 403 2914 cfr.
435 2869 567 2912 Lex-it.
596 2869 716 2920 XXI,
745 2868 786 2913 9.
