1759 3134
638 133 835 174 ΗοΜῙιῙΑ
863 131 938 171 ΧΙ.
1416 136 1498 182 145

75 255 117 284 et
148 259 293 285 verum
325 244 607 292 Pharaonem,
647 255 687 283 et
718 259 764 283 ea
792 242 939 291 verba,
976 258 1080 297 quae
1111 244 1162 283 de
1193 243 1343 300 aquilis
1372 263 1492 302 prae-

79 321 188 362 dicta
219 333 324 362 sunt.
384 320 550 361 Idcirco
591 330 729 360 autem
764 329 856 358 ante
887 316 1254 372 interpositionem
1283 324 1493 378 sequentis

75 397 289 447 lectionis,
330 398 434 438 hanc
480 395 784 452 expositionem
813 394 1053 434 summatim
1082 396 1343 455 strictimque
1373 417 1494 456 prae..

73 474 264 523 diximus,
294 485 340 514 ut
369 485 409 514 et
433 489 626 529 praesens
652 471 768 511 locus
794 470 956 511 facilius
981 470 1250 524 intelligatur,
1276 487 1316 515 et
1336 477 1494 518 nihilo-

67 551 202 591 minus
231 563 419 591 servetur
448 551 545 590 loco
576 564 650 589 suo
681 547 849 603 plenior
881 547 1108 603 expositio,
1148 560 1189 588 et
1228 567 1484 609 consequens

70 628 272 682 parabola
303 628 427 668 etiam
455 627 568 685 juxta
596 624 838 677 allegoriam
869 624 1067 665 latissime
1098 626 1333 669 disseratur.

180 703 219 747 3.
266 705 424 745 Verum
463 719 575 742 nunc
614 717 747 757 pauca
785 702 985 741 debemus
1024 718 1254 753 assumere,
1295 716 1336 746 et
1370 707 1485 762 quasi

70 782 254 835 quodam
293 790 548 821 armamento
589 780 752 819 futurae
793 778 1132 834 interpretationi
1162 780 1272 821 viam
1302 794 1485 826 sternere

70 858 121 897 de
152 858 227 907 his,
259 873 364 912 quae
393 856 515 896 nobis
543 856 628 896 Dei
658 854 785 907 gratia
817 854 1010 906 largitur,
1040 856 1215 898 scientes
1248 858 1349 913 quid
1375 861 1413 916 ¹)
1444 861 1487 903 in

66 933 254 988 sequenti
292 933 456 989 plenius
504 948 772 988 exponemus.
835 932 896 971 Ac
926 932 1111 987 primum
1144 933 1313 989 quidem
1344 936 1488 979 viden-

67 1010 167 1049 dum
198 1021 270 1059 est,
303 1024 428 1064 quare
458 1008 856 1049 Nabuchodonosor
886 1019 927 1048 et
955 1008 1118 1050 Pharao
1148 1011 1312 1066 aquilae
1344 1013 1485 1055 dican-

64 1096 144 1126 tur.
202 1084 397 1125 Forsitan
428 1085 588 1140 quaerit
619 1084 852 1140 quispiam,
884 1084 956 1140 qui
985 1102 1072 1126 non
1104 1086 1239 1128 otiose
1271 1100 1312 1130 et
1340 1092 1486 1133 transi-

62 1162 170 1201 torie
202 1161 437 1216 Scripturas
476 1161 595 1213 legit:
635 1163 1033 1204 Nabuchodonosor
1063 1163 1202 1219 aquila
1233 1176 1293 1205 est
1321 1182 1482 1220 magna,

62 1249 103 1278 et
142 1254 384 1290 magnarum
420 1238 602 1288 alarum,
649 1249 689 1278 et
729 1238 795 1279 hic
835 1239 998 1279 Pharao
1039 1239 1120 1280 alia
1157 1241 1296 1297 aquila
1331 1259 1479 1297 magna

60 1314 252 1355 similiter
282 1314 441 1355 alarum
472 1314 715 1366 ingentium,
748 1326 788 1355 et
818 1315 860 1355 in
894 1316 984 1368 lege
1018 1315 1127 1356 inter
1150 1317 1366 1360 immunda
1392 1322 1479 1362 ani-

59 1390 185 1432 malia
222 1391 360 1446 posita
398 1402 460 1431 est
498 1390 659 1445 aquila:
708 1406 834 1445 quare
881 1403 922 1431 et
964 1391 1095 1449 justus
1141 1392 1256 1434 dives
1301 1396 1477 1438 effectus

57 1478 277 1524 praeparat
304 1466 384 1507 sibi
414 1467 497 1506 alas
529 1466 715 1521 aquilae,
755 1479 802 1507 ut
838 1467 972 1523 possit
1011 1468 1200 1509 converti
1229 1469 1272 1510 in
1301 1471 1478 1516 domum

56 1543 258 1600 principis
288 1543 384 1585 sui?
429 1541 572 1596 Quare
604 1542 729 1583 etiam
754 1543 1025 1599 repromissio
1053 1547 1257 1601 quaedam
1281 1560 1342 1589 est
1364 1552 1478 1606 apud

57 1620 204 1662 Isaiam
241 1620 515 1675 prophetam,
561 1619 791 1660 dicentem:
836 1620 969 1678 „justi
993 1621 1036 1676 ²)
1074 1621 1280 1677 accipient
1318 1642 1475 1680 pennas

56 1709 103 1737 ut
132 1696 319 1752 aquilae,
358 1707 524 1736 current
554 1708 595 1736 et
622 1712 709 1735 non
739 1695 1017 1747 laborabunt,
1047 1698 1287 1750 gradientur
1318 1713 1358 1742 et
1387 1719 1474 1745 non

58 1772 302 1815 esurient?“
371 1773 417 1814 Si
456 1773 568 1813 enim
613 1772 830 1814 immunda
870 1785 930 1815 est
967 1773 1130 1830 aquila,
1173 1792 1259 1817 non
1301 1791 1476 1834 oportet

56 1868 132 1892 nos
163 1866 318 1906 pennas
349 1849 538 1904 accipere
568 1860 615 1889 ut
644 1850 847 1905 aquilam,
889 1868 983 1892 cum
1012 1850 1111 1907 justi
1139 1852 1362 1895 fuerimus:
1399 1872 1473 1898 ne-

57 1944 140 1984 quev
171 1943 265 1967 cum
296 1925 464 1966 divitiae
494 1924 616 1965 nobis
648 1926 873 1976 creverint,
918 1939 1090 1982 oportet
1117 1944 1366 1985 praeparare
1394 1948 1474 1974 nos

54 2003 175 2045 nobis
212 2018 368 2058 pennas
407 2001 583 2058 aquilae.
660 2002 739 2044 Cui
782 2002 968 2058 primum
1010 2005 1353 2059 respondendum
1399 2021 1474 2061 est,

56 2081 259 2137 quaedam
297 2078 470 2120 nomina
508 2078 752 2120 animalium
793 2079 836 2120 in
867 2079 1084 2136 Scriptura
1121 2079 1164 2121 in
1192 2093 1375 2139 utroque
1404 2101 1474 2138 ge-

54 2174 175 2207 nere,
213 2156 257 2197 id
290 2166 370 2205 est,
413 2155 455 2195 in
484 2156 597 2196 malo
629 2172 675 2197 ac
703 2157 819 2196 bono
850 2157 1008 2212 posita:
1047 2169 1095 2198 ut
1123 2170 1227 2214 puta
1256 2159 1326 2200 leo
1359 2173 1399 2202 et
1429 2162 1473 2204 in

53 2236 207 2275 bonam
246 2231 471 2288 accipitur,
508 2244 551 2272 et
587 2232 630 2273 in
667 2234 821 2275 malam
859 2246 1035 2290 partem.
1108 2236 1159 2276 In
1195 2237 1352 2279 bonam
1390 2239 1471 2281 sic:

55 2310 249 2361 „catulus
269 2310 313 2365 3)
355 2309 490 2350 leonis
519 2310 649 2351 Juda:
691 2329 739 2352 ex
779 2311 1080 2364 germinatione
1118 2312 1181 2353 fili
1209 2313 1269 2355 mi
1299 2316 1470 2358 adscen-

55 2385 174 2436 disti,
212 2386 460 2426 accumbens
502 2386 696 2427 dormisti
733 2398 780 2426 ut
818 2387 908 2437 leo,
949 2399 990 2428 et
1027 2399 1074 2428 ut
1113 2389 1274 2430 catulus
1312 2391 1470 2434 leonis:

54 2461 146 2518 quis
174 2461 389 2502 suscitabit
418 2462 576 2504 eum?“
634 2464 684 2504 In
723 2464 878 2505 malam
918 2479 1018 2504 vero
1049 2476 1212 2520 partem
1241 2466 1323 2507 sic:
1362 2500 1387 2518 „
1400 2470 1472 2510 ad-

55 2537 258 2578 versarius
284 2537 326 2595 ⁴)
367 2550 510 2579 noster
548 2539 741 2581 diabolus
778 2535 826 2581 ut
863 2541 932 2581 leo
971 2539 1137 2593 rugiens
1168 2559 1369 2598 quaerens
1400 2547 1473 2588 de-

55 2631 202 2655 vorare
243 2613 411 2654 circuit:
453 2614 519 2655 cui
559 2615 727 2670 expedit
764 2632 841 2657 nos
878 2615 1067 2657 resistere
1098 2617 1243 2660 firmos
1273 2619 1315 2661 in
1345 2621 1471 2664 fide.“

171 2773 211 2829 ¹)
241 2773 349 2813 Edd.
380 2771 574 2813 Merlini:
607 2772 715 2828 quia.
835 2774 878 2830 ²)
908 2776 997 2818 Cfr.
1026 2777 1151 2818 Jesai.
1181 2779 1271 2828 XL,
1300 2778 1365 2823 31.

168 2842 211 2898 ³)
242 2842 349 2883 Gen.
380 2841 535 2891 XLIX,
564 2840 605 2884 9.
724 2840 767 2898 4)
799 2843 884 2886 Cfr.
918 2846 1065 2888 IPetr.
1098 2847 1148 2898 V,
1177 2846 1217 2890 8.
1248 2847 1288 2890 9.

52 2917 274 2962 Omenms
305 2918 475 2963 OPERA.
507 2918 625 2962 ΤοΜ.
649 2918 768 2962 XIV.
1169 2921 1224 2965 10
