1759 3134
209 137 292 183 346
502 140 722 180 Omoemus
754 151 795 180 ιΝ
830 140 1009 183 cmm.
1044 141 1345 184 CANriconum

206 252 407 309 passibus,
437 253 510 293 scd
541 252 692 308 rapido
721 270 866 303 cursu,
898 265 938 293 et
969 265 1056 295 tota
1088 255 1389 310 properatione
1422 256 1629 306 festinant,

205 331 566 390 quemadmodum
597 342 638 372 et
666 330 754 382 ille,
786 330 858 388 qui
889 331 1076 373 dicebat:
1107 331 1166 374 sic
1190 333 1230 388 ¹)
1263 350 1410 384 curro,
1439 345 1487 375 ut
1518 350 1630 375 com-

204 409 473 466 prehendam.
533 410 692 452 Verum
724 411 838 467 quod
871 408 946 451 ait:
981 422 1276 464 „unguentum
1301 411 1343 466 2)
1376 411 1629 455 exinanitum

203 504 360 529 nomen
391 498 531 540 tuum3
571 499 797 544 propterea
837 489 1178 531 adolescentulae
1220 488 1458 531 dilexerunt
1486 502 1550 540 te,
1590 503 1630 532 et

205 577 418 607 traxerunt
464 577 505 606 te
552 577 650 621 post
693 582 758 607 se:
806 566 847 607 in
894 568 1072 609 odorem
1109 577 1420 620 unguentorum
1458 578 1630 608 tuorum

208 660 433 686 curremus.
447 649 471 668 “
540 643 729 685 Trahunt
769 645 823 685 ad
862 661 904 686 se
945 644 1158 687 Christum
1199 644 1558 695 adolescentulae,
1598 644 1631 686 si

206 723 378 780 quidem
424 723 477 764 de
524 721 710 763 ecclesiis
752 721 1033 775 intelligatur,
1081 739 1185 780 quae
1224 738 1304 763 una
1348 721 1519 779 quidem
1558 734 1631 773 est,

207 817 301 842 cum
332 800 521 856 perfecta
553 811 624 840 est.
684 800 849 842 Multae
880 816 980 841 vero
1013 812 1108 842 sunt
1138 800 1506 851 adolescentulae,
1537 817 1633 841 cum

203 879 339 920 adhuc
379 878 641 919 instruuntur
681 889 721 918 et
760 878 1001 934 proficiunt.
1073 879 1181 920 Istae
1231 895 1329 932 ergo
1372 878 1541 920 trahunt
1580 879 1630 919 ad

204 973 246 999 se
279 956 492 999 Christum
522 972 600 1012 per
627 955 770 1006 fidem,
803 956 898 1013 quia
931 956 1142 1007 Christus,
1172 956 1246 998 ubi
1277 955 1430 998 viderit
1461 972 1634 1010 congre-

203 1046 318 1089 gatos
345 1035 386 1090 ³)
430 1034 558 1083 duos,
599 1033 665 1074 vel
707 1045 790 1075 tres
830 1033 873 1075 in
910 1034 994 1074 fide
1032 1033 1215 1075 nominis
1246 1033 1333 1084 sui,
1372 1032 1487 1075 vadit
1515 1033 1632 1084 illuc,

206 1124 247 1154 et
278 1123 340 1154 est
369 1111 410 1152 in
443 1110 587 1152 medio
620 1127 769 1152 eorum
792 1111 857 1167 ⁴),
897 1110 981 1151 fide
1025 1126 1173 1152 eorum
1213 1122 1368 1152 tractus
1407 1123 1449 1152 et
1486 1111 1633 1153 unani-

202 1189 349 1231 mitate
386 1199 655 1246 provocatus.
717 1188 763 1230 Si
803 1204 904 1229 vero
943 1187 1066 1229 tertia
1107 1187 1369 1244 expositione
1415 1187 1466 1228 de
1497 1188 1631 1230 anima

204 1268 380 1309 verbum
410 1265 496 1307 Dei
536 1276 737 1322 sequente
777 1265 958 1319 intelligi
988 1265 1090 1306 haec
1121 1276 1315 1322 oportet,
1360 1282 1633 1323 quaecunque

203 1343 340 1386 anima
381 1344 511 1385 fuerit
552 1343 715 1384 erudita
752 1343 893 1400 primo
924 1343 969 1384 in
997 1342 1250 1392 moralibus,
1288 1331 1476 1384 secundo
1510 1344 1632 1385 etiam

203 1422 245 1463 in
275 1421 535 1463 naturalibus
568 1420 810 1472 exercitata,
849 1437 928 1478 per
957 1421 1030 1461 illa
1064 1420 1225 1470 omnia,
1270 1436 1374 1477 quae
1405 1420 1448 1461 in
1478 1421 1539 1463 his
1572 1421 1634 1463 di-

202 1499 391 1556 sciplinis
413 1499 584 1540 edoceri
614 1516 738 1555 supra
770 1499 1044 1550 ostendimus,
1075 1499 1165 1556 ipsa
1184 1515 1353 1540 morum
1379 1499 1633 1550 emendatio,

203 1590 245 1619 ct
286 1577 468 1618 eruditio
511 1593 676 1627 rerum,
721 1593 767 1618 ac
813 1577 1004 1633 probitas
1045 1577 1291 1633 disciplinae
1333 1577 1461 1618 trahit
1499 1579 1551 1619 ad
1589 1595 1632 1618 se

203 1657 381 1697 verbum
412 1655 519 1705 Dei,
561 1667 603 1696 et
642 1654 777 1696 libens
808 1654 1009 1696 trahitur:
1051 1653 1281 1707 gratissime
1316 1654 1426 1696 enim
1456 1657 1509 1697 ad
1541 1672 1634 1697 cru-

203 1733 309 1775 ditas
339 1732 496 1773 animas
528 1731 665 1783 venit,
707 1744 748 1774 et
783 1732 891 1774 trahi
923 1749 966 1773 se
997 1733 1046 1773 ab
1079 1731 1140 1773 his
1171 1718 1439 1785 indulgenter
1466 1733 1632 1791 accipit,

200 1810 464 1867 benigneque
497 1810 705 1853 concedit.
751 1810 941 1868 Requiro
975 1827 1084 1861 sane,
1116 1810 1150 1852 si
1181 1811 1321 1852 solum
1349 1828 1505 1854 nomen
1532 1811 1632 1870 ejus,

202 1888 300 1946 quia
345 1900 604 1942 unguentum
652 1889 811 1930 factum
857 1900 918 1930 est
963 1888 1240 1940 exinanitum,
1284 1901 1447 1932 tantum
1493 1890 1631 1948 operis

201 1966 352 2020 egerit,
386 1978 427 2007 et
457 1966 513 2008 ita
544 1967 754 2008 suscitarit
783 1968 1142 2018 adolescentulas,
1172 1980 1219 2009 ut
1248 1969 1388 2024 primo
1419 1970 1629 2011 traherent

201 2061 299 2085 eum
330 2046 383 2086 ad
413 2061 479 2095 se,
521 2056 562 2086 et
591 2046 790 2086 babentes
823 2062 921 2087 eum
952 2046 1064 2102 apud
1101 2061 1166 2096 se,
1208 2059 1405 2102 caperent
1441 2064 1630 2101 unguen·

200 2134 342 2163 torum
389 2122 475 2181 ejus
524 2123 722 2173 odorem,
770 2135 812 2164 et
853 2124 994 2165 statim
1035 2136 1250 2195 currerent
1289 2136 1388 2180 post
1433 2141 1550 2167 eum:
1597 2127 1631 2168 si

198 2202 314 2252 haec,
344 2200 528 2257 inquam,
561 2200 703 2241 omnia
731 2201 827 2242 solo
858 2201 1032 2242 nomine
1067 2200 1154 2260 ejus
1185 2203 1338 2243 effecta
1375 2215 1484 2254 sunt,
1515 2204 1630 2260 quid,

197 2290 344 2336 putas,
391 2278 517 2320 faciet
563 2278 651 2335 ipsa
706 2277 792 2335 ejus
833 2279 1091 2322 substantia?
1165 2279 1282 2334 Quid
1328 2297 1375 2321 ex
1414 2281 1487 2323 illa
1528 2283 1631 2324 ado-

200 2357 456 2400 lescentulae
475 2356 588 2398 'istae
619 2355 808 2407 virtutis,
839 2357 941 2414 quid
972 2357 1127 2411 vigoris
1158 2357 1368 2415 accipient
1392 2359 1447 2416 ⁵),
1477 2359 1512 2401 si
1543 2377 1626 2418 quo

318 2568 357 2624 ¹)
391 2568 478 2610 Cfr.
506 2569 525 2609 Ι
552 2568 650 2610 Cor.
682 2568 758 2618 IX,
789 2567 854 2610 2-1-

316 2639 360 2696 ²)
394 2639 552 2682 Cantic.
586 2640 621 2690 I,
649 2638 689 2683 3.
722 2638 761 2681 4.
793 2667 846 2676 -
874 2638 985 2681 Edd.
1017 2640 1215 2683 Merlini:
1249 2641 1469 2688 currimus.

317 2709 360 2767 3)
390 2709 525 2752 Deest
556 2715 898 2763 ‚,congregatos“
929 2709 972 2753 in
1001 2713 1095 2756 edd.
1126 2712 1189 2755 M.

249 2836 259 2847 '
320 2779 362 2834 ⁴)
394 2780 504 2821 Edd.
536 2779 732 2822 Merlini:
772 2797 980 2831 „eorumz
1015 2782 1057 2825 in
1087 2783 1172 2826 fide
1203 2795 1380 2826 tractus:
1413 2795 1455 2827 et
1482 2785 1626 2827 unani-

203 2842 385 2880 mitate“
416 2847 493 2879 etc.

322 2907 363 2966 ⁵)
393 2907 504 2951 Edd.
535 2906 731 2951 Merliniz
765 2907 996 2966 excipient,
1025 2909 1060 2953 si
1092 2921 1170 2955 etc.
