1759 3134
655 157 853 199 HommA
882 155 955 196 IX.
1439 157 1517 201 121

101 271 188 329 jus:
230 281 271 311 ct
300 269 490 326 proclive
521 267 764 324 suscipitur,
796 266 985 307 omnium
1016 279 1288 322 peccatorum
1319 284 1405 310 esse
1433 286 1521 311 ma-

104 348 189 405 jus,
221 347 307 388 sive
339 345 684 394 fornicationem,
719 343 804 384 sive
836 343 1158 395 immunditiam,
1186 345 1272 386 sive
1304 347 1521 402 quodcun-

104 499 400 545 abominabilia
423 510 545 554 atque
570 498 748 554 polluta,
779 496 853 536 sed
879 512 966 536 non
984 495 1096 546 talia,
1128 498 1250 552 quale
1281 498 1374 548 hoc,
1407 501 1522 555 quod

102 593 212 617 nunc
253 593 274 617 a
313 576 531 631 Scriptura
572 573 685 630 quasi
723 572 856 630 majus
897 573 1086 614 omnium
1131 575 1456 626 condemnatur,
1501 594 1524 618 a

104 669 188 708 quo
228 669 305 692 nos
345 654 564 692 observare
605 651 817 692 debemus.
894 650 1026 705 Quod
1066 667 1164 704 ergo
1205 662 1266 691 est
1303 664 1523 707 peccatum

102 727 235 785 majus
267 728 460 768 omnibus
489 726 702 783 peccatis?
759 727 916 783 Utique
947 728 1077 777 illud,
1118 739 1295 784 propter
1335 730 1451 784 quod
1481 742 1522 771 et

104 805 297 845 diabolus
331 804 500 846 corruit.
563 804 694 858 Quod
732 816 792 845 est
832 805 913 845 hoc
943 816 1185 860 peccatum,
1225 804 1267 845 in
1298 822 1381 861 quo
1413 818 1526 849 tanta

103 881 334 921 sublimitas
366 881 538 932 cecidit,
576 894 624 922 ut
655 883 823 932 „elatus
854 883 892 939 ¹)
935 882 977 922 in
1018 881 1222 938 judicium
1253 881 1410 924 incidat
1440 884 1526 925 dia-

101 957 256 999 boli?“
315 957 388 998 Ait
412 959 654 1014 Apostolus.
714 958 896 1010 Inflatio‚
929 958 1138 1014 superbia,
1167 959 1399 1012 arrogantia
1428 978 1526 1017 pec-

106 1046 244 1075 catum
285 1035 445 1075 diaboli
486 1047 572 1077 est:
614 1048 655 1077 et
695 1037 750 1077 ob
780 1036 881 1076 haec
915 1035 1067 1076 delicta
1097 1037 1150 1077 ad
1179 1048 1307 1077 terras
1335 1037 1527 1091 migravit

104 1113 156 1152 de
189 1111 324 1153 coelo.
383 1112 507 1153 Unde
539 1114 683 1163 „Deus
706 1113 749 1168 2)
782 1113 973 1169 superbis
998 1112 1167 1163 resistit,
1196 1113 1426 1155 humilibus
1457 1132 1526 1156 au-

105 1201 192 1230 tem
231 1190 302 1229 (lat
338 1189 577 1242 gratiam?“
635 1189 690 1230 Et
720 1189 862 1244 „quid
886 1190 928 1246 3)
959 1191 1148 1245 superbit
1175 1202 1285 1231 terra
1314 1203 1355 1232 et
1386 1192 1528 1244 cinis,“

106 1278 154 1307 ut
179 1266 308 1306 homo
334 1265 567 1319 arrogantia
591 1265 846 1315 sublevetur,
879 1265 1048 1317 oblitus,
1081 1267 1184 1323 quid
1208 1268 1298 1318 erit,
1332 1280 1373 1309 et
1404 1286 1527 1325 quam

106 1342 243 1395 fragili
276 1343 444 1382 vasculo
478 1342 762 1392 contineatur,
803 1353 843 1381 et
883 1343 1033 1397 quibus
1074 1345 1328 1385 stercoribus
1360 1345 1529 1387 immer-

107 1436 174 1460 sus
193 1420 233 1474 4)
264 1419 329 1468 sit,
362 1429 402 1458 et
432 1418 569 1473 qualia
599 1433 766 1473 semper
795 1432 1068 1473 purgamenta
1098 1422 1150 1461 de
1180 1437 1254 1461 sua
1277 1437 1398 1462 carne
1428 1440 1528 1479 pro-

106 1494 247 1552 jiciat?
292 1494 409 1549 Quid
440 1494 550 1535 enim
582 1494 638 1536 ait
669 1494 917 1550 Scriptura?
961 1496 1165 1553 „Quid5)
1198 1498 1389 1553 superbit
1417 1511 1527 1541 terra

107 1583 149 1612 et
191 1571 353 1614 cinis?“
397 1583 456 1613 et:
500 1571 579 1622 „in
605 1571 650 1626 ὃ)
692 1571 775 1612 vita
815 1571 902 1629 ejus
939 1572 1121 1631 projecit
1158 1573 1369 1617 interanea
1399 1575 1527 1633 ejus.“

108 1649 314 1704 Superbia
353 1647 534 1705 peccatis
577 1648 770 1688 omnibus
812 1648 948 1706 major
987 1661 1070 1700 est,
1116 1662 1157 1690 et
1197 1650 1327 1706 ipsius
1367 1653 1527 1694 diaboli

106 1725 342 1780 principale
382 1736 615 1781 peccatum.
685 1724 731 1766 Si
771 1726 936 1780 quando
977 1726 1194 1781 Scriptura
1233 1727 1392 1769 diaboli
1429 1747 1523 1786 pec-

110 1812 200 1842 cata
238 1801 455 1851 describit,
495 1801 681 1842 invenies
720 1817 766 1842 ea
806 1802 858 1842 de
899 1802 1118 1858 superbiae
1159 1805 1276 1845 fonte
1306 1807 1528 1850 manantia.

108 1877 182 1919 Ait
223 1878 400 1934 quippe:
447 1877 641 1928 „viribus
669 1877 710 1933 ⁷)
752 1877 925 1929 faciam,
973 1891 1013 1919 et
1050 1880 1252 1936 sapientia
1291 1881 1530 1926 intellectus

108 1956 295 1995 auferam
325 1956 428 1995 fines
458 1954 658 2007 gentium,
694 1966 735 1995 ct
764 1955 1014 1996 fortitudine
1046 1973 1194 1999 eorum
1221 1960 1430 2015 depascar.
1475 1963 1531 2003 Et

112 2033 393 2072 commovebo
427 2031 635 2081 civitates,
675 2048 779 2087 quae
810 2030 1114 2083 inhabitantur,
1155 2047 1196 2076 et
1226 2038 1374 2077 orbem
1402 2049 1532 2080 terra-

111 2125 206 2149 rum
249 2108 490 2148 universum
531 2108 884 2164 comprehendam
924 2120 970 2148 ut
1007 2109 1175 2162 nidum,
1216 2124 1258 2153 et
1287 2114 1401 2169 quasi
1433 2132 1531 2156 con-

114 2186 246 2226 fracta
277 2202 356 2225 ova
388 2186 614 2226 auferam.“
672 2185 781 2226 Vide
811 2201 1025 2227 sermones
1056 2186 1164 2246 ejus,
1205 2192 1422 2246 quomodo
1465 2211 1532 2234 su—

111 2262 233 2317 perbi
274 2262 375 2312 sint,
415 2263 632 2318 quomodo
673 2274 934 2315 arrogantes,
978 2275 1020 2304 et
1055 2265 1247 2307 universa
1286 2285 1365 2323 pro
1395 2269 1530 2309 nihilo

116 2339 251 2379 ducat.
323 2340 446 2380 Tales
483 2351 577 2380 sunt
617 2355 761 2380 omnes
801 2339 1025 2397 jactatione
1067 2353 1107 2382 et
1150 2345 1346 2400 superbia
1388 2345 1532 2387 inflati.

240 2535 278 2591 ¹)
311 2535 330 2574 1
350 2535 461 2577 Tim,
493 2538 571 2587 III,
602 2536 640 2580 6.
762 2537 804 2593 ²)
837 2537 922 2579 Cfr.
954 2539 1041 2580 Jac.
1075 2540 1146 2590 lV,
1180 2539 1217 2582 6.

236 2604 278 2659 3)
310 2604 407 2659 Sap.
440 2605 567 2646 Sirac.
597 2607 652 2657 X,
683 2606 722 2650 9.
753 2606 1078 2665 (Ecclesiastic.)

238 2674 279 2729 4)
311 2673 420 2714 Edd.
452 2674 647 2715 Merlini:
679 2676 923 2719 immersum
954 2678 1019 2720 sit.

238 2743 280 2797 ⁵)
311 2743 408 2799 Sap.
442 2743 571 2785 Sirac.
602 2745 656 2794 X,
688 2745 727 2788 9.
761 2746 1085 2805 (Ecclesiastic.)

237 2812 278 2868 ⁶)
312 2813 397 2854 Cfr.
431 2814 527 2868 Sap.
561 2813 690 2855 Sirac.
720 2816 776 2867 X,
806 2816 844 2860 9.
876 2818 1200 2874 (Ecclesiastic.)

239 2881 285 2937 7)
311 2882 434 2924 Jcsai.
466 2883 521 2934 X,
553 2883 617 2928 13.
651 2883 721 2927 14.
