1759 3134
731 117 871 158 Lmen
903 116 958 156 ΙΙ.
1121 90 1124 93 ⁴
1466 114 1548 157 397

132 245 230 269 nare
262 244 347 269 non
379 229 430 269 ad
459 227 628 268 initium
659 227 755 277 diei,
785 229 859 268 sed
889 228 941 268 ad
971 226 1206 276 meridiem,
1235 237 1281 266 ut
1313 238 1353 266 et
1383 226 1471 282 ipse
1497 229 1549 268 ad

132 305 304 358 gratiam
340 304 558 362 perveniat
594 304 799 349 Abrahae.
859 303 906 345 Si
945 303 1058 344 enim
1095 304 1185 354 lux,
1230 319 1334 360 quae
1373 303 1416 344 in
1453 303 1547 359 ipso

132 394 192 423 est
220 381 394 433 mentis,
427 394 467 423 et
496 382 653 439 puritas
685 381 823 423 cordis
853 380 962 422 clara
988 380 1116 422 fuerit
1141 392 1183 421 et
1207 380 1440 437 splendida,
1471 380 1548 422 iste

128 459 407 501 meridianum
445 470 612 516 tempus
651 458 694 500 in
731 470 864 500 semet
901 458 993 515 ipso
1035 457 1189 499 habere
1229 458 1461 500 videbitur:
1508 470 1549 499 et

128 552 205 593 per
235 536 339 577 hanc
369 536 597 592 puritatem
629 535 780 587 cordis,
811 536 927 592 quasi
955 536 998 578 in
1028 535 1204 577 meridie
1225 535 1387 592 positus
1405 536 1548 577 Deum

128 612 311 664 videbit,
353 614 500 655 sedens
535 615 587 655 ad
617 630 817 670 quercum
847 613 1066 664 Mambre,
1114 613 1230 669 quod
1260 613 1312 653 ad
1343 613 1548 655 visionem

126 689 437 746 interpretatur.
496 692 626 747 Apud
657 691 865 733 visionem
896 707 993 744 ergo
1025 691 1142 732 sedet
1172 690 1215 731 in
1245 691 1444 742 meridie,
1477 691 1549 748 qui

128 768 304 824 vacatl)
343 769 396 809 ad
433 768 662 810 videndum
691 769 845 810 Deum.
906 770 1010 810 Inde
1050 769 1231 825 denique
1267 784 1355 809 non
1395 766 1550 808 dicitur

127 844 236 897 intra
273 846 611 898 tabernaculum,
659 848 733 888 sed
771 846 874 888 foris
914 847 967 887 ad
999 847 1153 887 ostium
1183 847 1329 887 sedere
1359 846 1549 887 taberna-

129 922 226 964 culi.
272 923 396 964 Foris
427 924 584 965 etenim
616 936 677 965 est
707 936 817 966 extra
845 940 997 980 corpus
1026 923 1166 980 posita
1195 940 1312 965 mens
1343 923 1443 982 ejus,
1476 922 1549 979 qui

126 1000 251 1053 longe
283 1011 344 1041 est
372 1017 395 1042 a
426 1001 717 1057 corporalibus
761 1001 1105 1056 cogitationibus,
1146 1002 1270 1055 longe
1311 1017 1333 1042 a
1375 1000 1549 1042 carnali-

124 1078 202 1119 bus
237 1077 476 1129 desideriis,
519 1090 559 1119 et
588 1078 686 1120 ideo
717 1081 768 1120 ab
798 1080 861 1121 his
893 1079 1088 1121 omnibus
1118 1079 1220 1120 foris
1259 1078 1446 1136 positum
1489 1077 1549 1118 vi-

126 1155 220 1196 sitat
250 1156 380 1197 Deus.
438 1155 642 1214 Ejusdem
672 1173 841 1213 quoque
870 1157 1058 1215 mysterii
1077 1158 1120 1215 2)
1152 1169 1225 1207 est,
1258 1157 1372 1213 quod
1405 1168 1445 1196 et
1474 1156 1549 1196 Jo-

124 1233 241 1289 seph,
272 1234 419 1274 fratres
449 1251 545 1276 suos
577 1251 672 1276 cum
702 1234 950 1291 suscepisset
979 1235 1020 1276 in
1051 1237 1259 1293 Aegypto,
1295 1234 1339 1274 in
1369 1233 1547 1274 meridie

128 1327 198 1351 eos
238 1311 393 1367 pascit,
426 1324 466 1353 et
503 1312 546 1352 in
584 1312 760 1354 meridie
804 1314 980 1354 adorant
1019 1329 1115 1353 eum
1156 1329 1250 1353 cum
1289 1312 1545 1352 muneribus.

124 1389 357 1445 Propterea
388 1390 568 1446 denique
597 1402 701 1446 puto
736 1402 775 1431 et
806 1390 857 1431 de
888 1390 963 1440 his,
995 1406 1100 1446 quae
1117 1390 1270 1430 Judaei
1299 1389 1342 1430 in
1368 1390 1548 1430 salvato-

125 1483 215 1507 rem
256 1467 578 1518 commiserunt,
622 1468 790 1508 nullum
829 1466 1176 1520 evangelistarum
1222 1466 1404 1508 voluisse
1450 1466 1550 1507 scri-

124 1547 247 1596 bere,
293 1546 389 1602 quia
427 1544 607 1586 meridie
651 1545 753 1586 haec
793 1557 904 1598 gesta
950 1557 1068 1596 sunt,
1116 1562 1213 1586 cum
1254 1544 1399 1601 utique
1438 1554 1550 1585 sexta

124 1623 228 1664 hora
255 1639 343 1664 non
374 1623 506 1672 aliud,
550 1640 673 1679 quam
702 1623 981 1664 meridianum
1012 1634 1179 1678 tempus
1210 1623 1425 1673 ostendat,
1454 1621 1549 1662 nul-

126 1700 188 1741 lus
221 1712 359 1742 tamen
389 1700 614 1741 meridiem
641 1699 887 1741 nominavit.
948 1700 1034 1741 Sed
1063 1700 1301 1740 Matthaeus
1333 1699 1389 1740 ita
1422 1697 1548 1740 dixit:

124 1810 150 1829 „
161 1778 211 1818 ab
230 1778 271 1834 ³)
301 1778 407 1819 hora
435 1790 576 1819 autem
600 1788 713 1819 sexta
740 1778 937 1819 tenebrae
966 1778 1099 1818 factae
1119 1788 1214 1817 sunt
1233 1793 1359 1833 super
1379 1791 1548 1817 omnem

124 1868 279 1897 terram
316 1871 448 1912 usque
487 1855 532 1896 in
570 1856 719 1896 horam
757 1860 962 1896 nonam.“
1020 1855 1152 1895 Lucas
1193 1871 1316 1895 vero:
1363 1865 1488 1905 „erat
1505 1853 1548 1910 4)

121 1933 206 1991 jam
224 1933 340 1990 quasi
357 1933 460 1974 hora
481 1944 606 1983 sexta,
638 1944 679 1973 et
698 1933 895 1973 tenebrae
933 1933 1067 1973 saetae
1092 1943 1187 1972 sunt
1220 1948 1348 1988 super
1377 1947 1548 1972 omnem

123 2022 278 2052 terram
305 2027 436 2067 usque
475 2009 519 2050 in
548 2010 696 2051 horam
731 2026 888 2051 nonam
929 2010 1150 2051 deficiente
1188 2010 1291 2051 sole.
1309 2015 1331 2034 “
1390 2009 1476 2051 Sed
1508 2019 1549 2049 et

121 2087 313 2130 Marcus:
363 2087 553 2144 ,‚cum⁵)
583 2098 722 2128 autem
754 2099 858 2128 esset
888 2088 997 2128 facta
1037 2088 1140 2128 hora
1171 2098 1305 2137 sexta,
1350 2087 1547 2127 tenebrae

121 2166 253 2207 factae
284 2176 379 2206 sunt
408 2181 536 2222 super
567 2181 737 2206 omnem
767 2177 923 2206 terram
950 2182 1082 2221 usque
1113 2165 1156 2205 in
1179 2165 1328 2205 horam
1349 2169 1548 2205 nonam.“

124 2242 248 2283 Unde
279 2254 472 2299 apparet,
513 2242 609 2299 quia
637 2242 680 2283 in
710 2242 948 2284 visitatione
981 2242 1153 2299 quidem
1182 2241 1395 2291 Abrahae,
1435 2252 1474 2282 et
1505 2241 1547 2281 in

125 2319 320 2361 convivio
360 2320 690 2377 patriarcharum
728 2321 842 2376 apud
881 2321 1043 2376 Joseph
1087 2337 1173 2361 non
1218 2319 1451 2371 indigebat,
1500 2329 1548 2357 ut

128 2408 293 2454 tempus
331 2398 443 2439 istud
473 2400 549 2439 sub
578 2398 751 2440 nomine
782 2398 885 2439 sexti
914 2398 1081 2440 numeri
1111 2396 1431 2452 significaretur,
1473 2395 1547 2436 sed

242 2601 283 2657 ¹)
312 2601 392 2643 Ed.
423 2600 477 2644 R.
508 2601 620 2643 sola:
654 2606 861 2653 ,‚vocat.“

239 2670 282 2727 ²)
312 2671 420 2714 Edd.
451 2672 646 2713 Merlini:
677 2670 910 2730 „mysterii:
953 2671 1067 2728 quod
1100 2682 1140 2712 et
1166 2669 1348 2726 Joseph,
1380 2686 1475 2711 cum
1505 2679 1544 2711 et

125 2726 272 2767 fratres
303 2744 399 2768 suos
430 2729 704 2785 suscepisset“
737 2740 814 2772 etc.

245 2796 285 2853 3)
316 2798 468 2849 Mam),
498 2798 679 2850 xxvn,
709 2798 777 2841 45.
897 2798 941 2853 ⁴)
974 2797 1174 2839 eamne.
1194 2781 1359 2847 XXIII,
1388 2797 1456 2840 44.
1477 2797 1544 2839 45.

241 2868 283 2922 ⁵)
314 2867 446 2909 Marc.
477 2866 570 2918 XV,
600 2867 667 2912 33.
