1759 3134
707 139 907 180 HOMILIA
941 139 988 178 V.
1506 137 1557 179 71

140 261 183 289 et
213 250 443 290 Cherubim
482 250 692 291 custodire
732 249 842 289 viam
881 247 983 300 ligni
1022 247 1171 288 vitae.“
1229 247 1285 286 Et
1327 248 1561 301 quomodo,

133 325 167 365 si
197 325 357 377 gladius
388 338 532 367 acutus
565 338 607 367 et
638 327 813 366 candens
843 324 1048 365 inferatur
1073 323 1114 363 in
1144 339 1310 378 corpus,
1342 322 1557 378 duplicem

129 401 278 442 tribuit
309 396 558 453 cruciatum,
589 401 840 452 adustionis,
881 413 922 441 et
954 400 1113 449 caedis,
1152 400 1209 440 sic
1243 411 1283 440 et
1312 400 1553 454 romphaea,

128 494 232 532 quae
263 480 315 519 ad
348 480 580 520 custodiam
605 478 787 534 paradisi
813 489 965 518 statuta
989 488 1262 525 memoratur,
1297 494 1421 531 quam
1440 494 1550 516 nunc

125 555 180 593 ob
220 556 525 610 expositionem
569 555 696 608 gladii
744 554 972 610 praesentis
1028 553 1316 602 assumsimus,
1365 553 1550 607 duplicia

122 630 250 672 infert
278 643 508 684 tormenta,
551 635 652 673 dum
683 631 823 672 adurit
855 643 896 671 et
925 630 1088 670 dividit.
1147 629 1207 670 Ut
1235 640 1376 669 autem
1405 646 1546 669 ncces-

119 708 273 748 sarium
303 710 473 765 aliquid,
507 726 553 750 ex
586 709 735 766 quibus
766 709 882 748 Deus
915 724 1081 748 sensum
1112 718 1304 747 nostrum
1333 705 1544 746 illuminat

120 783 162 823 in
194 785 290 825 loco
323 787 529 840 praesenti
561 786 892 840 interponamus,
924 784 1067 840 accipe
1101 784 1351 838 exemplum.
1412 783 1543 822 Aiunt

118 861 295 901 studiosi
341 861 602 901 medicinalis
648 860 918 916 disciplinae,
968 862 1020 902 ad
1064 862 1262 915 quasdam
1310 876 1540 914 corporum

116 937 349 978 curationes
391 938 665 978 necessariam
711 955 796 978 csse
840 954 927 978 non
971 938 1110 977 solum
1150 936 1381 977 sectionem
1423 935 1534 985 ferri,

113 1029 257 1053 verum
289 1014 412 1055 etiam
443 1015 720 1057 adustionem.
779 1017 886 1057 Nam
926 1016 978 1055 ad
1015 1030 1107 1064 cos,
1149 1013 1220 1068 qui
1252 1012 1434 1053 canceris
1467 1029 1533 1051 ve-

111 1102 230 1131 terno
264 1104 631 1148 computrescunt,
664 1095 912 1134 candentem
942 1092 1028 1133 sive
1058 1091 1289 1131 novaculae
1322 1090 1532 1138 laminam,

108 1167 196 1207 sive
238 1170 521 1225 quodcunque
560 1170 788 1210 acutissimi
828 1168 930 1209 serri
960 1184 1086 1221 genus
1117 1168 1338 1216 adhibent,
1376 1178 1423 1206 ut
1456 1183 1532 1221 per

110 1243 248 1295 ignem
283 1246 442 1286 radices
483 1246 663 1286 canceris
707 1247 961 1294 evellantur,
1000 1261 1077 1300 per
1113 1243 1361 1284 incisionem
1390 1255 1530 1284 autem

107 1321 276 1375 putrida
317 1339 413 1363 caro
452 1334 691 1372 truncetur,
735 1335 775 1363 et
815 1323 877 1363 via
916 1333 1057 1377 pateat
1092 1320 1439 1361 medicaminibus
1467 1319 1530 1359 in-

107 1396 308 1453 jiciendis.
370 1398 497 1451 QuiS,
543 1409 685 1451 putas,
724 1410 916 1439 nostrum
956 1400 1161 1447 canceris,
1200 1408 1246 1436 ut
1285 1396 1343 1436 ita
1377 1396 1527 1445 dicam,

105 1474 231 1514 habet
268 1474 404 1514 simile
445 1485 688 1528 peccatum,
727 1486 775 1514 ut
819 1490 905 1514 non
946 1474 983 1514 ei
1022 1474 1201 1513 sufficiat
1240 1484 1311 1512 aut
1347 1472 1526 1527 simplex

102 1566 279 1590 acumen
308 1550 430 1600 ferri,
474 1562 545 1590 aut
574 1551 663 1590 sola
694 1550 797 1603 ignis
828 1551 1015 1600 adustio,
1046 1551 1120 1590 sed
1148 1561 1325 1605 utraque
1354 1550 1526 1590 adhibe-

100 1638 241 1678 antur,
281 1644 365 1683 quo
405 1639 549 1668 uratur
588 1639 629 1667 et
673 1628 867 1670 secetur?
923 1627 1037 1668 Audi
1069 1627 1331 1668 salvatorem
1360 1627 1520 1667 ratione

101 1702 204 1755 ignis
236 1715 277 1743 et
306 1704 407 1744 ferri
437 1704 478 1744 in
511 1705 675 1744 duobus
711 1704 816 1744 locis
852 1704 1166 1755 significantem.
1224 1704 1272 1744 ln
1302 1703 1385 1743 alio
1421 1704 1518 1743 loco

98 1779 173 1819 ait:
213 1796 335 1829 „non
363 1781 402 1835 ¹)
440 1780 536 1820 veni
574 1780 742 1820 mittere
783 1797 930 1835 pacem
960 1797 1086 1835 super
1114 1792 1290 1829 terram,
1329 1779 1402 1819 sed
1434 1780 1518 1831 gla—

97 1855 257 1901 dium.“
314 1857 363 1896 In
395 1856 478 1895 alio
510 1872 633 1897 vero:
675 1856 849 1908 „ignem
875 1857 917 1912 2)
959 1856 1054 1897 veni
1083 1856 1251 1897 mittere
1280 1872 1407 1910 super
1436 1867 1518 1895 ter-

96 1949 205 1982 ram,
250 1944 291 1972 et
331 1933 492 1973 utinam
531 1933 616 1991 jam
658 1934 856 1975 ardeat!“
933 1932 1066 1984 Igitur
1110 1934 1247 1972 defert
1289 1944 1515 1989 utrumque

96 2009 309 2058 Salvator,
341 2008 527 2061 gladium
559 2020 600 2049 et
630 2009 793 2062 ignem,
835 2021 876 2050 et
905 2009 1111 2064 baptizat,
1142 2026 1246 2066 quae
1275 2026 1361 2050 non
1390 2022 1518 2065 potu-

96 2096 216 2125 erunt
256 2085 438 2140 Spiritus
483 2086 613 2126 sancti
661 2086 954 2142 purificatione
997 2086 1178 2142 purgari.
1250 2087 1516 2128 Sacramenta

95 2161 235 2202 divina
264 2174 360 2202 sunt
391 2173 432 2202 et
461 2162 706 2214 ineffabilia,
740 2175 781 2204 et
811 2163 893 2203 soli
913 2164 1009 2204 Deo
1042 2164 1219 2216 cognita,
1247 2164 1344 2219 plus
1375 2176 1514 2204 tamen

93 2238 134 2277 in
166 2237 390 2290 gratiarum
421 2240 661 2290 donatione,
694 2257 820 2296 quam
845 2241 888 2281 in
912 2252 1224 2282 tormentorum
1248 2240 1514 2281 varietatibus

95 2315 331 2355 constituta.
397 2317 546 2372 Neque
587 2317 699 2358 enim
736 2318 892 2358 medici
933 2334 981 2358 ex
1022 2317 1244 2373 disciplina
1283 2317 1380 2358 artis
1418 2334 1514 2359 suae

93 2390 399 2432 rationabiliter
430 2409 526 2443 eos,
565 2394 715 2449 quibus
744 2395 990 2445 medentur,
1021 2406 1184 2443 secant,
1214 2406 1364 2451 urunt,
1400 2396 1517 2435 dant-

95 2484 175 2523 que
222 2469 425 2522 poculum
474 2470 722 2512 amarissimi
767 2472 1112 2527 temperamenti,
1159 2472 1376 2527 multaque
1421 2471 1515 2522 alia,

93 2556 223 2598 prout
264 2561 383 2585 causa
420 2547 633 2602 postulat,
671 2548 854 2605 faciunt:
901 2549 1019 2589 Deus
1061 2560 1201 2589 autem
1238 2548 1517 2589 universitatis

93 2621 304 2661 Dominus
344 2622 431 2663 sine
471 2624 714 2665 rationabili
753 2625 934 2681 quadam
976 2625 1198 2681 sapientia,
1241 2636 1282 2665 et
1317 2625 1405 2666 sinc
1437 2624 1518 2665 dis-

93 2697 339 2752 pensatione
372 2697 495 2751 digna
523 2699 749 2758 majestatis
779 2717 876 2743 suae
900 2718 1058 2758 poenas
1085 2713 1246 2743 tantum
1270 2701 1397 2742 insert
1422 2717 1520 2756 pec-

212 2850 253 2905 1)
285 2851 434 2892 Mam..
467 2852 520 2901 Χ,
553 2851 620 2895 34.
742 2854 784 2910 2)
817 2855 917 2896 Luc.
948 2856 1046 2906 ΧΠ,
1077 2855 1143 2899 49.
