1759 3134
630 118 824 158 HommA
858 116 935 155 III.
1437 115 1491 158 49

72 242 320 271 convertero
354 230 629 271 divinationes
663 239 840 275 vestraS,
872 225 905 265 si
936 225 1077 265 secero
1109 225 1231 265 silere
1262 227 1490 275 mendacia,

71 319 169 347 tunc
203 307 366 357 scietis,
399 307 494 363 quia
527 323 600 358 ego
632 303 856 345 Dominus.
916 302 1030 342 Haec
1060 302 1178 356 prior
1206 304 1440 359 prophetia.

185 384 222 425 Τ.
269 384 469 439 Sequitur
507 396 545 423 et
585 382 686 430 alia,
727 396 831 437 quae
861 379 917 420 ita
950 378 1202 419 contexitur:
1247 392 1324 430 „et
1350 381 1389 437 ¹)
1421 397 1486 420 ve-

71 472 222 500 nerunt
244 461 295 501 ad
318 476 386 500 me
410 460 487 500 viri
515 459 727 499 seniorum
747 457 888 506 Israel,
921 468 961 496 et
989 456 1185 495 sederunt
1215 468 1308 496 ante
1339 457 1489 497 faciem

70 554 221 578 meam.
281 537 436 579 Omnia
466 535 548 577 Dei
579 551 716 575 sermo
747 533 987 590 perstringit
1000 565 1019 594 ,¹
1046 544 1086 573 et
1116 533 1275 572 nullam
1305 534 1488 588 speciem

71 613 282 662 ordinum,
315 613 385 669 qui
416 612 457 652 in
489 611 663 652 ecclesia
696 610 911 651 constituti
941 622 1048 659 sunt,
1080 609 1254 649 dimittit
1278 608 1488 659 intactam,

70 705 215 729 verum
247 688 438 728 universa
468 704 714 743 percurrens
747 704 892 727 omnes
923 703 1067 727 sanare
1101 686 1328 735 desiderat,
1358 687 1488 727 veluti

70 782 179 805 nunc
221 766 424 821 quaedam
462 766 513 805 ad
552 766 818 822 presbyteros
861 763 1060 819 loquitur.
1120 764 1182 804 Ea
1213 763 1345 813 enim,
1385 780 1489 820 quae

71 853 398 898 praecesserunt,
432 841 542 882 dicta
571 853 665 882 sunt
697 842 748 881 de
778 840 994 893 magistris.
1054 840 1220 881 Idcirco
1256 841 1492 882 considere-

70 936 162 960 mus
195 930 235 959 et
266 920 317 959 de
354 918 627 976 presbyteris,
669 918 770 974 quid
812 917 995 967 dicatur,
1037 918 1289 959 excutientes
1326 931 1493 960 nosmet

69 996 196 1051 ipsos,
226 1012 278 1035 ne
312 995 402 1051 quis
433 1007 623 1035 nostrum
652 996 874 1052 presbyter
902 994 997 1035 talis
1028 995 1093 1045 sit,
1126 995 1257 1051 qualis
1287 996 1394 1037 infra
1426 1013 1492 1037 ex-

69 1072 254 1127 ponitur.
315 1072 408 1122 „Et
433 1071 474 1127 ²)
506 1084 709 1112 venerunt
738 1074 791 1114 ad
819 1090 888 1114 me
918 1072 996 1113 viri
1026 1072 1240 1113 seniorum
1270 1074 1420 1124 Israel,
1452 1087 1492 1115 et

71 1150 268 1189 sederunt
298 1161 391 1189 ante
421 1148 574 1189 faciem
607 1166 756 1191 meam.
806 1150 862 1190 Et
892 1151 1025 1190 factus
1057 1161 1115 1190 est
1146 1166 1282 1191 sermo
1313 1151 1491 1191 Domini

72 1226 123 1264 ad
154 1242 222 1265 me
254 1225 417 1266 dicens:
448 1225 509 1265 fili
540 1226 768 1267 hominis.“
826 1226 1055 1266 Videamus
1084 1227 1415 1278 accusationem,
1445 1240 1493 1269 ut

71 1300 176 1341 scire
214 1301 446 1356 possimus,
492 1314 689 1343 utrumne
733 1320 822 1344 eam
864 1304 906 1344 in
951 1303 1074 1344 nobis
1121 1304 1494 1358 deprehendamus.

73 1378 175 1427 „An
201 1378 243 1432 3)
281 1393 366 1417 non
409 1377 486 1417 viri
528 1377 595 1417 isti
638 1392 871 1433 posuerunt
902 1379 1176 1432 cogitationes
1205 1395 1296 1419 suas
1326 1379 1368 1419 in
1400 1397 1495 1420 cor-

73 1453 193 1493 dibus
223 1454 318 1503 suis,
353 1465 392 1494 et
422 1470 605 1509 poenam
635 1454 907 1511 iniquitatum
939 1472 1108 1496 suarum
1137 1468 1371 1510 posuerunt
1400 1469 1495 1498 ante

70 1530 222 1571 faciem
252 1531 398 1572 suam?
440 1531 658 1587 'Numquid
682 1534 940 1588 respondens
966 1533 1234 1588 respondebo
1256 1526 1375 1573 iis:⁴‘“
1396 1535 1495 1584 „be-

71 1607 128 1648 ati
150 1607 214 1664 ⁴),
257 1607 328 1663 qui
358 1609 518 1648 mundo
550 1620 644 1648 sunt
676 1610 866 1651 corde?“
929 1609 1015 1663 Qui
1048 1610 1159 1650 enim
1188 1610 1395 1649 mundum
1424 1611 1494 1652 ha-

69 1686 171 1725 bent
203 1701 297 1734 cor,
340 1684 612 1735 cogitationes
651 1702 742 1726 suas
781 1703 866 1726 non
896 1696 1064 1741 ponunt
1094 1685 1135 1725 in
1169 1685 1366 1726 cordibus
1397 1687 1493 1737 suis,

72 1762 145 1800 sed
182 1760 310 1813 magis
349 1760 502 1800 hahent
542 1760 583 1800 in
623 1777 817 1802 sermone
846 1761 942 1802 Dei.
1006 1760 1092 1814 Qui
1116 1763 1161 1816 ⁵)
1194 1773 1333 1802 autem
1375 1764 1494 1804 labo-

70 1849 162 1877 rant
203 1837 245 1877 in
284 1836 564 1877 saecularibus
603 1838 730 1888 curis,
785 1851 825 1879 et
853 1838 966 1879 nihil
1006 1838 1121 1878 aliud
1160 1838 1378 1893 requirunt
1415 1841 1494 1882 nisi

189 1990 227 2046 ¹)
257 1990 408 2031 Ezech.
440 1992 556 2041 XIV,
587 1992 625 2034 1.
745 1991 788 2047 2)
821 1992 904 2034 Cfr.
937 1992 1088 2032 Ezech.
1119 1993 1236 2041 XIV,
1269 1992 1305 2034 1.
1336 1992 1375 2035 2.
1406 1993 1444 2036 3.

191 2061 233 2117 3)
268 2061 353 2102 Cfr.
384 2060 535 2101 Ezech.
565 2060 683 2111 XIV,
713 2060 753 2104 3.
873 2061 915 2116 ⁴¹)
947 2062 1098 2102 Matth.
1128 2063 1179 2111 V,
1209 2061 1251 2107 8.

190 2130 235 2185 ⁵>
280 2131 331 2171 R.
371 2131 413 2171 in
452 2131 584 2171 notis:
630 2131 809 2172 catenae
841 2121 943 2173 M'ss.
995 2130 1122 2175 Ὅσοι.
1158 2135 1353 2176 πονοῦσι
1394 2135 1498 2190 περὶ

73 2200 128 2244 τὰ
158 2203 236 2244 τοῦ
266 2199 442 2260 κόσμου
466 2199 733 2258 πράγματα,
764 2206 855 2250 τοῖς
876 2205 1109 2256 αἲσθητοῖς
1133 2206 1496 2261 προσηλωμένοι,

74 2274 151 2313 καὶ
190 2270 327 2314 οὐδὲν
366 2274 620 2329 μεριμνῶσι
664 2274 769 2329 περὶ
811 2274 885 2326 τῆς
913 2275 1220 2329 πνευματικῆς
1252 2276 1384 2328 ζωῆς,
1426 2277 1500 2316 καὶ

78 2342 150 2394 τῆς
180 2339 294 2383 κατὰ
325 2345 416 2385 τῶν
446 2345 621 2396 νοητῶν
650 2346 856 2398 θεωρίας,
890 2341 1004 2384 ἀλλὰ
1035 2341 1088 2385 τὰ
1115 2344 1194 2386 τοῦ
1217 2348 1342 2397 βίου·
1377 2335 1501 2387 οὗτοι.

76 2408 130 2452 τὰ
170 2410 264 2452 ἴδια
306 2408 590 2468 διανοήματα
628 2416 826 2456 τίθενται
869 2413 946 2455 ἐπὶ
985 2410 1068 2467 τὴν
1108 2414 1302 2469 καρδίαν
1333 2413 1496 2469 αὐτῶν,

77 2481 153 2522 καὶ
194 2479 295 2535 οὐχὶ
334 2480 436 2530 τούς
472 2480 636 2538 λόγους
672 2485 752 2525 τοῦ
792 2485 918 2525 θεοῦ.
992 2485 1084 2524 Καὶ
1124 2481 1175 2525 οὗ
1210 2481 1299 2538 χρὴ
1343 2481 1499 2541 οὕτως,

79 2551 156 2592 καὶ
185 2547 383 2605 μάλιστα
413 2556 739 2609 πρεσβυτέρους
768 2555 848 2595 τοῦ
877 2551 1064 2611 Ἰσραήλ.
1124 2551 1298 2610 Διόπερ
1331 2557 1378 2597 οἱ
1408 2572 1504 2599 τοι-

81 2623 205 2663 οὗτοι
252 2624 451 2662 τίθενται
496 2621 578 2676 τὴν
621 2620 810 2666 κόλασιν
854 2624 943 2664 τῶν
983 2620 1173 2665 ἀδικιῶν
1221 2621 1370 2667 αὐτῶν
1413 2624 1504 2680 πρὸ

78 2687 331 2746 προσώπου
364 2689 526 2733 αὐτῶν.
574 2695 667 2734 Καὶ
691 2691 780 2749 γὰρ
810 2689 939 2750 ἡμεῖς
969 2692 1108 2748 ἔσμεν
1138 2695 1272 2736 αἴτιοι
1305 2696 1397 2736 τῶν
1426 2711 1503 2738 κο-

80 2757 260 2803 λάσεων
290 2757 444 2818 ἡμῶν·
483 2757 542 2807 ιὸς
581 2762 658 2803 καὶ
695 2763 829 2816 δηλοῖ
856 2761 878 2806 ὁ
908 2764 1078 2819 λέγων·
1119 2761 1412 2818 ,,πορεύεσθε
1443 2767 1503 2821 τῷ

83 2832 202 2888 ([ωτὶ
232 2832 311 2873 τοῦ
344 2827 486 2887 πυρὸς
514 2827 670 2888 ἡμῶν,
703 2833 780 2873 καὶ
809 2834 860 2890 τῇ
891 2835 1034 2889 φλογὶ
1063 2823 1089 2892 ᾗ
1120 2832 1432 2882 ἔξεκτεὺσατε.“

86 2913 313 2955 Omessms
344 2913 513 2955 OPERA.
545 2912 664 2954 Tom.
689 2911 807 2953 XIV.
1234 2912 1261 2953 4
