1759 3134
226 134 282 177 42
628 139 848 180 Ostiensis
882 152 924 180 m
956 138 1246 179 Exi-:emmam

225 265 319 288 mus
349 250 596 300 revelatam,
641 251 720 292 nisi
750 253 859 293 sorte
892 249 1218 298 calamitatibus,
1258 260 1298 288 et
1328 247 1521 300 angustiis
1551 263 1646 303 pre-

226 325 392 367 mimur.
453 328 605 369 Vultus
642 341 781 370 autem
819 330 914 379 ille,
955 330 1006 369 de
1048 344 1130 383 quo
1170 343 1308 367 sermo
1341 326 1540 381 Apostoli
1572 337 1645 374 est,

226 403 267 443 in
309 403 451 445 multis
492 416 626 446 tectus
663 419 744 458 est,
786 419 826 447 et
864 407 904 446 in
946 406 1089 462 paucis
1125 405 1346 445 revelatus.
1408 402 1494 456 Qui
1533 402 1645 442 enim

223 480 419 521 fiduciam
452 482 575 523 habet
603 484 648 524 in
678 485 761 525 vita
792 485 1079 533 immaculata,
1110 483 1151 523 in
1183 499 1304 522 sensu
1333 496 1457 528 sanc),
1488 479 1531 518 in
1561 478 1645 518 side

225 574 342 607 vera,
381 558 457 599 iste
486 563 781 602 tantummodo
813 579 898 602 non
930 562 1053 601 babet
1085 558 1342 600 confusionis
1373 558 1435 611 ¹),
1477 557 1646 596 fraudu-

225 635 392 684 lentiae,
422 638 669 693 peccatique
701 639 1015 688 velamen,'sed
1047 649 1223 692 propter
1252 652 1400 691 puram
1433 634 1646 674 conscien-

223 712 326 753 tiam
366 714 547 754 revelata
586 716 691 756 facie
732 717 908 768 gloriam
939 715 1118 756 Domini
1158 714 1481 768 contemplatur.
1539 710 1646 751 Pro-

226 790 293 829 cul
325 802 463 830 autem
495 792 601 833 absit
625 810 647 833 a
670 795 807 844 nobis,
837 805 884 833 ut
908 793 1087 833 velatam
1112 792 1335 831 habeamus
1359 791 1462 829 hanc
1480 788 1645 828 faciem.

226 867 340 906 Haec
375 884 507 922 pauca
547 870 598 909 de
637 870 767 919 facie,
806 882 853 909 ut
889 870 1097 925 possimus
1138 869 1393 920 intelligere,
1440 866 1541 922 quid
1580 865 1645 914 sit,

226 945 342 999 quod
381 944 591 1000 sequitur:
635 977 658 995 ,‚
677 947 854 988 obfirma
878 948 919 1004 2)
956 948 1107 988 faciem
1135 958 1251 987 tuam
1280 961 1407 1000 super
1435 944 1540 984 filias
1570 960 1650 998 po-

224 1021 318 1075 puli
349 1021 452 1062 tui.“
511 1024 594 1063 Ista
624 1023 763 1074 facies,
794 1024 837 1065 id
871 1037 930 1066 est
959 1024 1193 1080 principale
1226 1022 1363 1063 cordis
1393 1021 1538 1071 nostri,
1568 1019 1649 1060 nisi

225 1098 443 1139 obfirmata
482 1100 611 1140 suerit
655 1118 781 1156 super
823 1119 896 1152 eo,
947 1103 1062 1157 quod
1102 1100 1423 1153 intelligendum
1462 1110 1542 1147 est,
1586 1109 1647 1147 ut,

225 1177 444 1229 quomodo
477 1177 613 1226 videt,
643 1178 702 1217 sic
731 1180 948 1220 annuntiet
976 1178 1262 1227 audientibus,
1292 1178 1401 1218 illud
1432 1177 1548 1231 quod
1579 1176 1648 1214 ad-

223 1251 399 1305 spicitur
427 1269 514 1292 non
544 1253 723 1293 videtur.
783 1255 1052 1310 Impossibile
1095 1255 1253 1310 quippe
1293 1265 1374 1303 est,
1416 1263 1460 1292 ut
1498 1251 1647 1307 aliquis

222 1327 310 1368 sine
337 1329 633 1370 obfirmatione
658 1331 811 1382 vultus,
843 1349 980 1384 vagus,
1012 1331 1349 1379 fluctuabundus,
1382 1330 1648 1371 circumlatus

223 1405 340 1445 omni
371 1418 496 1446 vento
530 1408 759 1458 doctrinae,
791 1408 930 1449 videat
962 1410 1077 1465 quod
1104 1410 1242 1457 debet,
1277 1408 1416 1448 videat
1438 1419 1486 1447 ut
1510 1408 1647 1447 debet.

223 1483 410 1537 Oportet
450 1500 548 1537 ergo
590 1486 805 1526 volentem
845 1486 1079 1538 intelligere
1118 1487 1272 1526 habere
1314 1484 1465 1525 faciem
1504 1484 1549 1524 in
1580 1500 1645 1533 eo,

223 1561 340 1615 quod
377 1560 613 1613 intelligere
649 1563 798 1604 nititur
835 1565 1120 1604 obfirmatam:
1161 1576 1202 1604 et
1240 1564 1294 1603 ob
1335 1563 1439 1603 hanc
1481 1578 1648 1617 semper

221 1653 386 1677 causam
415 1639 729 1694 prophetaturis
760 1641 947 1695 primum
975 1641 1156 1699 jubetur,
1188 1653 1235 1681 ut
1259 1639 1411 1681 faciem
1430 1656 1547 1679 suam
1573 1640 1648 1678 ob—

222 1714 409 1754 firment:
448 1726 496 1754 ut
524 1727 712 1756 nostram
744 1729 883 1758 autem
916 1729 957 1758 et
986 1735 1063 1759 nos
1093 1718 1303 1773 possimus
1336 1717 1560 1757 obfirmare
1590 1717 1650 1756 sa-

223 1791 331 1831 ciem
361 1791 403 1831 in
435 1794 666 1845 evangelio,
698 1794 742 1835 in
772 1795 877 1847 lege,
909 1795 952 1835 in
983 1795 1218 1852 prophetis,
1247 1795 1290 1835 in
1321 1793 1540 1850 apostolis,
1575 1794 1650 1833 ob-

222 1869 343 1910 firma
385 1886 476 1910 eam
513 1888 640 1926 super
671 1872 860 1922 Christo,
902 1884 943 1913 et
978 1889 1063 1913 non
1103 1889 1230 1927 super
1268 1871 1425 1912 saeculi
1458 1870 1650 1924 negotiis.

223 1946 311 1986 Sed
342 1963 437 1987 cum
467 1947 512 1987 in
540 1948 826 1989 mundialibus
858 1949 965 1989 curis
995 1949 1134 1989 anima
1157 1959 1300 1988 nostra
1321 1959 1521 1997 versetur,
1554 1965 1648 1988 cum

222 2039 390 2078 semper
418 2026 562 2065 ardeat
599 2026 780 2067 habendi
818 2027 954 2077 fame,
994 2043 1081 2066 non
1125 2025 1398 2066 obfirmemus
1422 2026 1464 2080 3)
1498 2024 1650 2069 faciem

222 2112 409 2141 nostram
444 2119 572 2157 super
612 2119 678 2152 ea,
729 2120 833 2159 quae
873 2103 1096 2159 imperavit
1132 2104 1270 2153 Deus,
1311 2103 1385 2142 sed
1425 2118 1551 2157 super
1591 2119 1650 2152 ea,

222 2193 328 2232 quae
357 2178 443 2218 Dei
479 2192 576 2220 sunt
614 2182 784 2221 adversa
821 2181 1070 2236 praeceptis.
1140 2179 1246 2234 Quis
1286 2191 1407 2234 putas
1446 2179 1489 2219 in
1527 2180 1650 2219 nobis

221 2256 402 2296 mundus
443 2267 503 2302 est
540 2258 591 2297 ab
625 2257 918 2297 obfirmatione
949 2257 1072 2298 faciei
1102 2274 1229 2312 super
1257 2257 1342 2306 his,
1388 2272 1492 2311 quae
1523 2255 1650 2295 inter-

222 2331 335 2373 dicta
361 2332 486 2374 sunt}>
544 2332 650 2388 Quis
690 2334 734 2374 in
769 2346 931 2374 tanturn
962 2334 1168 2375 sollicitus
1200 2346 1241 2375 et
1272 2345 1437 2383 cautus,
1485 2345 1532 2373 ut
1564 2333 1651 2373 die-

221 2410 298 2449 bus
339 2426 386 2450 ae
425 2410 620 2451 noctibus
661 2411 704 2451 in
745 2427 792 2452 ea
832 2412 1030 2452 obfirmet
1061 2411 1199 2452 cordis
1231 2411 1294 2452 sui
1323 2411 1498 2461 faciem,
1545 2426 1651 2467 quae

221 2485 447 2542 jubentur}>

334 2564 374 2607 2.
417 2565 539 2605 Nunc
575 2582 745 2622 quoque
784 2564 818 2606 si
856 2565 1117 2606 intellecturi
1145 2581 1286 2606 sumus
1312 2565 1353 2620 ⁴²)
1384 2575 1647 2621 praesentem

346 2733 382 2785 ¹)
416 2733 524 2773 Edd.
560 2733 753 2785 Merlini:
787 2731 1073 2774 confessionis.
1175 2734 1216 2790 ²)
1249 2733 1400 2774 Ezech.
1430 2732 1552 2780 XIII,
1585 2729 1647 2774 17.

339 2802 381 2857 ³)
414 2802 523 2843 Edd.
555 2802 748 2843 Merlini:
782 2803 1066 2844 obfirmamus.
1600 2821 1603 2824 ⁴

340 2872 381 2927 ⁴)
413 2872 520 2913 Edd.
554 2872 748 2914 Mei-lini:
783 2873 949 2915 fuimus.
